1768 2943
919 107 968 139 IV

239 236 301 268 gro
327 226 523 267 recognovi,
550 224 711 256 adhibitis
737 229 771 256 et
796 224 1005 263 examinatis,
1032 234 1108 265 quae
1134 224 1176 255 ab
1202 224 1276 254 aliis
1301 223 1465 264 proximis
1481 223 1535 254 his
1553 225 1649 254 annis

239 284 432 325 excogitata
463 288 496 315 et
529 289 655 315 tentata
680 283 763 316 mihi
789 283 1012 314 innotuerant.
1069 282 1118 313 Ea
1143 281 1332 323 recognitio
1357 291 1527 323 perpauca
1553 281 1587 311 in
1611 290 1650 312 ea

240 343 356 381 forma,
391 353 490 384 quam
524 348 622 375 antea
655 348 746 374 certa
776 342 831 373 via
862 352 900 373 ac
927 342 1058 372 ratione
1085 341 1335 378 constitueram,
1371 340 1521 377 mutavit,
1547 349 1649 380 quum

239 402 297 432 uni
328 406 359 433 et
390 401 486 432 alteri
519 402 723 433 correctioni
755 400 895 431 minoris
920 400 965 431 ad
991 399 1191 431 sententiam
1218 399 1379 430 momenti
1403 404 1459 429 aut
1484 408 1568 429 meae
1594 403 1651 429 aut

239 460 382 491 aliorum
414 461 483 491 fere
516 460 581 491 iam
613 465 713 491 antea
747 470 816 490 non
847 459 1047 499 improbatae
1079 459 1113 489 in
1145 463 1236 488 textu
1269 457 1365 488 locus
1391 457 1537 488 daretur.
1599 456 1649 487 Ac

239 525 352 549 tamen
384 529 426 549 ne
461 529 549 549 nunc
582 518 719 560 quidem
750 518 850 559 plane
884 517 987 548 defuit
1020 517 1119 558 copia
1150 526 1248 547 novae
1281 516 1355 557 opis
1380 516 1498 557 paucis
1524 515 1652 556 aliquot

239 578 324 609 locis
358 577 495 618 gravius
521 577 694 608 mendosis
721 576 880 615 ferendae,
913 582 948 606 ut
974 576 1007 606 in
1033 576 1121 606 libro
1147 575 1258 612 XXII,
1291 574 1347 612 38,
1380 573 1412 612 4,
1446 573 1502 604 ubi
1529 573 1651 604 vellem

239 636 414 677 aptandi
446 637 480 667 in
512 641 604 667 textu
635 635 835 677 posuissem,
881 641 914 666 et
951 634 983 673 9,
1025 635 1083 665 ubi
1116 633 1308 665 emendatio
1349 633 1490 663 debetur
1528 632 1651 670 iuveni,

240 695 297 735 qui
329 694 409 725 mihi
442 694 476 724 in
510 699 581 725 tota
606 705 641 725 re
668 704 806 734 operam
831 693 987 734 praebuit,
1022 693 1147 728 XXIV,
1180 692 1212 730 3,
1238 690 1260 724 2
1286 697 1318 722 et
1344 690 1376 724 3.
1416 690 1471 728 10,
1504 690 1542 727 9;
1577 700 1652 721 nam

242 753 352 791 XXII,
398 752 454 791 37,
496 752 541 786 10
574 753 628 783 vix
665 762 813 783 numero.
876 752 916 782 In
953 752 1026 782 aliis
1058 752 1143 782 locis
1177 761 1264 781 nune
1304 759 1438 791 quoque
1479 759 1582 780 unum
1620 748 1653 779 id

241 812 504 853 relinquebatur,
531 816 566 842 ut
591 821 694 852 prava
720 816 913 842 commenta
939 821 1099 847 arcerem,
1128 809 1219 840 velut
1245 809 1352 846 XXV,
1379 807 1435 845 25,
1461 806 1493 841 8.

358 893 466 925 Scrib.
494 893 636 924 Hauniae
663 903 775 924 mense
802 893 893 924 Maio
919 892 997 923 anni
1023 890 1377 923 MDCCCLXXXVI.

358 1035 515 1076 Exempli
532 1034 846 1066 Weissenborniani
874 1032 1105 1071 recentissimi,
1132 1043 1152 1063 a
1175 1033 1339 1064 Muellero
1366 1029 1523 1073 curati¹)‚
1550 1030 1654 1072 scrip-

241 1100 322 1125 turae
348 1104 368 1124 a
392 1100 510 1125 nostro
536 1094 778 1135 discrepantes.

358 1153 433 1184 Lib.
467 1153 560 1184 XXI.
611 1152 694 1194 Cap.
731 1153 758 1189 Ι,
792 1151 813 1184 2
849 1150 1087 1194 (conferebant
1119 1150 1321 1191 Rupertius‚
1355 1150 1431 1190 Mg..
1463 1149 1541 1180 Em.
1574 1151 1653 1183 256.

247 1210 363 1250 Codd.‚
390 1213 505 1243 Drak.
533 1208 775 1254 conserebant)
802 1210 823 1244 5
850 1209 1095 1252 (Scribendum
1121 1209 1261 1239 videtur
1284 1208 1401 1239 Sicilia
1427 1232 1433 1239 .
1454 1231 1461 1238 .
1481 1232 1488 1239 .
1517 1217 1655 1239 conces-

243 1280 332 1308 sum;
370 1280 481 1311 neque
517 1270 608 1301 enim
645 1274 734 1301 recte
772 1271 901 1300 dz'cz'tur
938 1270 1095 1299 absolute
1126 1267 1275 1299 Siciliam
1308 1267 1508 1299 concedere.
1565 1265 1655 1309 Mg.)

242 1330 287 1367 ΙΙ,
321 1328 343 1362 2
375 1329 428 1360 cui
453 1329 654 1360 Hannibalis
681 1327 762 1371 (Ed.
790 1329 894 1360 Frob.
923 1330 1023 1362 1535.
1063 1326 1167 1358 Codd.
1194 1325 1277 1369 qui.)
1338 1327 1380 1365 V,
1418 1325 1439 1359 3
1471 1324 1555 1369 (Pro
1587 1326 1656 1356 iun<

242 1388 425 1429 gendoque
440 1388 535 1431 fort.
563 1398 626 1419 scr.
654 1399 729 1418 cum
753 1389 861 1419 Gron.
888 1384 1139 1429 vincendoque)
1166 1385 1186 1419 6
1211 1385 1400 1428 (Arbocala
1420 1395 1536 1416 eorum
1555 1384 1657 1415 urbes

242 1447 304 1477 Fr.
325 1446 497 1478 Sanctius.
545 1445 626 1478 cod.
652 1446 679 1478 C
694 1446 866 1477 Arbocala
892 1450 984 1477 carta
1009 1455 1125 1476 eorum
1148 1445 1261 1482 urbes,
1288 1445 1333 1474 M
1347 1449 1529 1475 cartoerum
1547 1443 1655 1474 urbes.

242 1505 357 1537 Drak.
396 1505 568 1536 Arbocala
605 1504 723 1546 urbes)
758 1505 800 1539 lO
837 1503 1048 1547 (impeditum
1082 1504 1322 1544 Heerwagen;
1361 1503 1456 1534 codd.
1494 1501 1656 1543 peditum.

243 1564 358 1598 Drak.
385 1563 607 1595 adorirentur.
658 1563 812 1595 Peditum
839 1573 960 1604 agmen
986 1563 1007 1593 i.
1034 1573 1071 1600 r.,
1105 1562 1306 1602 elephantos
1332 1566 1410 1592 ante
1436 1560 1658 1602 quadraginta

243 1621 424 1665 disposuit)
457 1622 502 1656 16
534 1623 569 1664 (a
600 1628 694 1654 tanto
721 1623 861 1657 Heerw,
893 1621 998 1654 codd.
1031 1625 1137 1652 tanto.
1188 1621 1302 1651 Drak.
1338 1631 1380 1651 ex
1412 1619 1520 1662 tanto)
1545 1620 1604 1658 VI,
1637 1618 1655 1652 1

243 1681 325 1712 belli
351 1691 451 1713 causa
476 1682 662 1713 certamina
687 1681 937 1724 (Interpunxz't
962 1681 1036 1722 Mg.
1062 1681 1139 1712 Em.
1166 1678 1251 1720 257)
1275 1679 1370 1716 VIII,
1396 1677 1418 1711 4
1443 1677 1565 1720 (coepti
1590 1688 1659 1709 non

244 1741 367 1771 omisso
400 1746 476 1771 sunt
510 1741 627 1772 Weiss.
655 1741 775 1781 Longe
800 1740 907 1771 aliter
932 1740 1047 1771 Drak.
1074 1749 1116 1769 ex
1143 1738 1367 1778 interpolatis
1391 1738 1488 1769 codd.
1514 1741 1548 1768 et
1571 1737 1658 1768 coni.

248 1798 374 1841 Gron.)
404 1799 425 1833 9
459 1800 635 1832 confertim
662 1798 804 1842 (Gran.)
831 1799 890 1837 IX,
923 1798 945 1831 4
972 1796 1166 1840 (gratificari
1191 1806 1270 1838 pop.
1297 1797 1452 1827 Romano
1477 1796 1520 1826 A.
1546 1795 1657 1826 Per-iz.

251 1856 367 1896 Codd.‚
402 1858 517 1892 Drak.
543 1858 727 1900 gratificari
752 1868 815 1898 pro
841 1856 1018 1898 Romanis)
1046 1857 1088 1895 X,
1115 1854 1136 1888 2
1162 1853 1337 1895 (adversus
1364 1860 1516 1885 senatum
1541 1855 1657 1886 Alsch.

251 1916 332 1947 Cod.
358 1917 402 1947 M
430 1917 744 1955 adversusenatum,
782 1916 810 1948 C
839 1916 1014 1947 adversum
1041 1919 1210 1951 senatum;
1250 1914 1364 1944 Drak.
1392 1923 1465 1943 cum
1492 1914 1573 1944 dett.
1600 1914 1659 1945 ad-

248 1985 343 2006 verso
381 1974 515 2018 senatu)
553 1973 556 2019 l
592 1986 715 2017 magno
748 1975 883 2006 silentio
915 1979 1055 2015 propter
1088 1972 1323 2003 auctoritatem
1356 1981 1449 2002 suam
1481 1982 1550 2003 non
1582 1981 1658 2003 cum

245 2033 391 2065 adsensu
416 2045 433 2065 e
458 2034 542 2065 coni.
568 2033 660 2076 (Mg.
687 2034 766 2065 Em.
793 2032 877 2075 257)
904 2032 925 2066 6
950 2031 1141 2074 (repetunt;
1168 2036 1202 2062 ut
1228 2032 1269 2062 A.
1293 2030 1404 2062 Periz.
1436 2029 1541 2062 Codd.
1568 2039 1660 2072 repe-

245 2097 359 2123 tuntur
392 2093 539 2134 publica.
590 2094 705 2124 Drak.
740 2097 907 2133 repetunt.
941 2091 1079 2132 publica
1107 2113 1139 2121 ..
1159 2114 1166 2122 .
1194 2090 1299 2127 absit;
1334 2087 1527 2131 auctorem)
1558 2088 1579 2122 9
1611 2086 1660 2131 (di

246 2152 400 2183 homines
425 2153 502 2193 Mg.
531 2152 654 2193 opusc.
674 2153 717 2183 ll
735 2157 773 2192 p.
793 2154 872 2185 360.
911 2149 1028 2187 Codd.‚
1056 2150 1172 2180 Drak.
1200 2148 1233 2179 di
1259 2146 1496 2190 hominesque)
1522 2146 1567 2180 12
1591 2145 1660 2189 (ac-

248 2210 360 2241 cidere
391 2212 500 2242 Gron.
534 2210 650 2249 Codd.‚
684 2212 797 2242 Drak.
827 2208 1007 2250 accedere)
1035 2208 1094 2245 XI,
1127 2207 1149 2241 8
1175 2207 1335 2249 (Fuitne:
1361 2206 1500 2247 antiquo
1525 2215 1660 2247 genere,

302 2361 324 2394 ¹)
353 2361 594 2394 Comparavimus
621 2361 648 2387 in
677 2360 759 2386 libris
787 2359 989 2385 XXI—XXIII
1016 2358 1084 2384 edit.
1112 2357 1165 2382 VII
1193 2358 1231 2389 (a.
1258 2359 1326 2383 1882
1352 2361 1381 2381 et
1407 2357 1496 2388 1883),
1524 2353 1553 2380 in
1579 2353 1660 2380 libris

352 2408 566 2434 XXIV—XXV
593 2408 661 2434 edit.
689 2408 726 2433 IV
751 2407 790 2441 (a.
812 2407 900 2440 1880).
945 2405 976 2431 In
1003 2405 1047 2430 his
1076 2412 1192 2436 quoque
1219 2403 1396 2429 editionibus
1418 2401 1582 2428 Muellerus
1602 2409 1660 2427 non

354 2464 459 2488 pauca.
481 2464 544 2488 quae
565 2461 655 2481 antea
675 2454 894 2487 discrepabant.
915 2453 952 2478 ad
973 2458 1104 2478 nostram
1125 2450 1269 2476 rationem
1289 2448 1532 2476 accommodavit.
1564 2447 1658 2480 Scrip-

354 2508 426 2528 turae
447 2501 645 2535 discrepantis
666 2499 851 2527 annotationi
872 2499 918 2526 hic
939 2504 970 2525 ut
990 2499 1018 2524 in
1038 2497 1145 2524 ceteris
1167 2496 1363 2522 voluminibus
1384 2494 1595 2528 interponimus
1617 2502 1661 2521 ea.

353 2549 382 2575 in
409 2549 514 2583 quibus
536 2548 683 2574 Muellero
709 2546 912 2574 consentiente
939 2545 1140 2572 coniecturam
1166 2550 1217 2570 aut
1242 2549 1375 2569 nostram
1398 2548 1449 2568 aut
1469 2541 1595 2568 alienam
1615 2548 1660 2566 se-

354 2603 477 2629 quentes
499 2606 517 2623 a
536 2594 783 2622 Drakenborchio
805 2593 1002 2622 discessimus.
1030 2590 1146 2618 omissis
1168 2590 1211 2620 iis.
1233 2599 1297 2623 quae
1317 2598 1332 2615 e
1353 2589 1516 2618 codicibus,
1536 2587 1661 2613 maxime

354 2643 516 2673 Puteaneo.
537 2649 654 2676 sumpta
674 2647 749 2668 sunt.
