1789 2955
497 86 614 122 Liber
637 87 804 122 XXVII.
855 88 916 131 (A.
943 87 1008 122 Ch.
1033 89 1128 131 209.)
1470 91 1521 127 69

89 214 245 262 legione
277 212 492 262 eademque
525 214 647 251 classe
670 213 948 251 Macedoniam
980 215 1164 252 obtinere
1195 214 1301 252 iusso
1332 228 1522 264 proroga-

88 288 173 322 tum
190 285 233 321 in
250 297 395 322 annum
413 285 636 334 imperium.
684 285 873 334 Triginta
891 286 1195 335 quinqueremes
1220 300 1270 323 ex
1288 285 1433 323 Sicilia
1450 286 1524 323 Ta-

87 359 246 394 rentum
263 356 313 393 ad
330 355 377 402 Q„
390 355 563 394 Fabium
581 357 781 394 consulem
798 357 904 393 mitti
921 357 1058 406 iussae3
1078 359 1207 394 cetera
1224 357 1348 394 classe
1365 358 1524 406 placere
1546 358 1595 394 16

88 427 310 478 praedatum
328 428 368 464 in
385 425 566 465 Africam
584 432 655 466 aut-
670 429 798 478 ipsum
815 428 872 466 M.
887 428 1095 465 Valerium
1111 428 1320 466 Laevinum
1336 429 1523 466 traiicere

89 502 159 537 aut
185 499 356 546 mittere,
382 512 451 536 seu
469 499 516 538 L.
537 499 718 537 Cincium
746 513 815 537 seu
832 499 888 538 M.
909 499 1119 537 Valerium
1136 499 1367 538 Messallam
1393 501 1523 538 vellet.

89 570 172 609 Nec
205 570 253 607 de
270 570 471 620 Hispania
488 572 702 621 quicquam
729 572 936 616 mutatum,
978 571 1056 607 nisi
1075 571 1181 620 quod
1206 585 1285 610 non
1312 572 1354 608 in
1380 585 1526 609 annum
1547 572 1595 607 17

89 641 277 691 Scipioni
304 641 536 691 Silanoque,
569 643 637 680 sed
661 643 785 680 donec
817 642 993 679 revocati
1021 643 1070 679 ab
1098 646 1237 680 senatu
1264 643 1403 688 forent,
1434 656 1523 693 pro-

87 716 272 762 rogatum
303 713 515 762 imperium
548 717 616 753 est,
665 714 729 751 Ita
759 714 975 763 provinciae
1004 714 1331 763 exercituumque
1362 714 1403 750 in
1435 726 1524 751 eum

87 797 233 822 annum
263 785 412 833 partita
449 785 630 834 imperia.

200 856 315 893 Inter
370 856 565 893 maiorum
604 871 737 894 rerum
776 870 889 894 curas
931 857 1093 894 comitia
1146 857 1307 894 maximi
1339 857 1523 903 curionis,
1610 852 1636 900 8

89 941 211 977 quum
243 928 282 964 in
314 927 444 965 locum
475 927 529 966 M.
563 929 723 966 AEmilii
762 928 946 966 sacerdos
980 931 1192 974 crearetur,
1230 931 1343 965 vetus
1374 928 1521 965 excita-

85 1002 229 1037 verunt
260 1003 472 1047 certamen,
503 1000 684 1049 patriciis
716 999 957 1048 negantibus
991 999 1034 1038 C.
1064 1000 1240 1037 Mamilii
1271 999 1416 1049 Atelli,
1450 1000 1561 1048 qui2

87 1084 189 1108 unus
222 1085 270 1108 ex
302 1071 421 1120 plebe
452 1072 627 1121 petebat,
658 1072 882 1109 habendam
920 1072 1117 1108 rationem
1148 1085 1249 1118 esse,
1281 1072 1377 1120 quia
1407 1084 1521 1108 nemo

86 1146 180 1180 ante
210 1156 299 1180 eum
331 1143 412 1180 nisi
439 1156 486 1180 ex
512 1144 696 1193 patribus
728 1144 771 1180 id
801 1143 1066 1180 sacerdotium
1093 1143 1308 1180 habuisset.
1354 1142 1526 1180 Tribuni
1544 1142 1567 1178 3

88 1214 283 1264 appellati
299 1214 349 1251 ad
367 1218 546 1252 senatum
562 1228 646 1253 rem
662 1216 906 1261 reiecerunt;
939 1218 1098 1251 senatus
1125 1215 1266 1263 populi
1283 1216 1521 1263 potestatem

85 1287 200 1333 fecit3
232 1286 289 1323 ita
319 1286 472 1335 primus
500 1299 549 1323 ex
574 1287 693 1336 plebe
721 1290 878 1324 creatus
902 1286 1098 1323 maximus
1126 1287 1235 1323 curio
1254 1285 1296 1324 C,
1315 1285 1521 1322 Mamilius

86 1359 258 1396 Atellus.
319 1358 372 1395 Et
401 1357 602 1395 flaminem
641 1359 803 1396 Dialem
836 1358 1005 1396 invitum
1044 1358 1279 1405 inaugurari
1311 1357 1442 1405 coegit
1472 1357 1561 1394 P.4

86 1430 269 1468 Licinius
305 1429 485 1479 pontifex
522 1430 717 1467 maximus
750 1429 793 1468 C.
826 1429 1035 1468 Valerium
1080 1429 1290 1476 Flaccum}
1323 1429 1522 1467 decemvir

86 1502 210 1541 sacris
240 1502 439 1540 faciundis
471 1505 626 1539 creatus
657 1503 699 1539 in
730 1502 860 1538 locum
886 1501 933 1548 Q.
958 1501 1084 1537 Mucii
1101 1499 1290 1539 Scaevolae
1322 1500 1521 1537 demortui

87 1574 130 1612 C.
161 1574 372 1613 Laetorius,
434 1573 605 1612 Causam
636 1573 869 1621 inaugurari
907 1573 1035 1609 coacti
1064 1572 1237 1610 flaminis
1268 1572 1396 1609 libens
1428 1572 1520 1608 reti·
1540 1570 1563 1607 5

87 1646 272 1692 euissem,
303 1647 344 1683 ni
376 1660 422 1683 ex
453 1646 556 1683 mala
594 1646 699 1682 fama
737 1645 778 1681 in
822 1645 966 1681 bonam
1010 1644 1208 1682 vertisset.
1282 1642 1343 1680 Ob
1389 1642 1519 1680 adole-

88 1717 279 1755 scentiam
310 1717 579 1766 negligentem
611 1717 936 1764 luxuriosamque
963 1715 1003 1752 Ο.
1020 1716 1189 1752 Flaccus
1212 1714 1355 1752 flamen
1381 1717 1519 1763 captus

87 1804 110 1827 a
142 1789 188 1826 P.
217 1789 377 1826 Licinio
409 1789 596 1838 pontifice
623 1788 794 1825 maximo
821 1791 916 1833 erat,
948 1786 994 1823 L.
1011 1787 1156 1824 Flacco
1188 1787 1303 1823 fratri
1329 1799 1518 1834 germano

87 1861 348 1910 cognatisque
379 1861 468 1897 aliis
501 1861 550 1898 ob
582 1860 719 1897 eadem
751 1860 851 1896 vitia
875 1859 1036 1896 invisus.
1082 1858 1137 1908 Is,
1170 1862 1214 1895 ut
1237 1858 1414 1895 animum
1442 1858 1525 1894 eius
1545 1858 1567 1894 6

87 1946 182 1970 cura
198 1945 398 1970 sacrorum
417 1936 456 1969 et
472 1932 789 1969 caerimoniarum
808 1931 926 1980 cepit,
954 1931 1010 1967 ita
1026 1934 1188 1979 repente
1205 1930 1316 1967 exuit
1332 1930 1518 1979 antiquos

86 2018 226 2051 mores,
255 2007 300 2042 ut
328 2017 443 2042 nemo
474 2007 560 2041 tota
583 2004 790 2041 iuventute
821 2003 1036 2040 haberetur
1067 2003 1178 2052 prior
1208 2015 1280 2038 nec
1310 2002 1520 2050 probatior

84 2076 328 2126 primoribus
344 2079 514 2126 patrum,
546 2076 627 2113 suis
643 2076 795 2125 pariter
812 2075 1046 2123 alienisque,
1077 2076 1190 2110 esset.
1252 2073 1387 2110 Huius
1403 2074 1516 2110 famae
1536 2073 1558 2107 7

87 2161 280 2185 consensu
311 2148 438 2185 elatus
469 2147 518 2184 ad
549 2148 692 2184 iustam
722 2146 910 2183 fiduciam
943 2146 1004 2182 sui
1034 2159 1116 2182 rem
1148 2145 1413 2182 intermissam
1444 2158 1516 2194 per

85 2219 232 2256 multos
263 2232 386 2256 annos
418 2219 468 2256 ob
500 2218 783 2267 indignitatem
808 2217 1012 2255 flaminum
1036 2217 1216 2266 priorum
1246 2216 1447 2266 repetivit,
1472 2220 1517 2253 ut

85 2291 125 2327 in
157 2293 336 2327 senatum
368 2291 566 2327 introiret.
625 2290 856 2338 Ingressum
888 2303 974 2326 eum
1006 2289 1156 2326 curiam
1187 2302 1309 2338 quum
1338 2288 1384 2324 L.
1411 2288 1515 2324 Lici·
1534 2287 1559 2323 8

85 2362 176 2400 nius
208 2365 356 2412 praetor
374 2362 465 2400 inde
482 2362 698 2408 eduxisset,
713 2361 898 2398 tribunos
925 2361 1055 2410 plebis
1073 2361 1303 2410 appellavit.
1349 2360 1516 2396 Flamen

83 2436 285 2471 vetustum
317 2434 378 2471 ius
408 2433 623 2471 sacerdotii
653 2433 875 2482 repetebat:
922 2432 1057 2470 datum
1098 2432 1139 2468 id
1172 2446 1259 2469 cum
1289 2434 1385 2478 toga
1415 2443 1514 2479 prae-

84 2508 197 2543 texta
229 2508 267 2542 et
298 2505 395 2542 sella
426 2505 556 2542 curuli
588 2505 624 2541 ei
654 2504 841 2542 flamonio
875 2517 971 2541 esse.
1032 2503 1190 2540 Praetor
1229 2516 1308 2539 non
1347 2502 1515 2539 exoletis
1535 2502 1557 2537 9

86 2579 286 2614 vetustate
312 2577 514 2614 annalium
532 2577 726 2626 exemplis
751 2579 854 2614 stare
880 2576 952 2621 ius,
983 2575 1053 2612 sed
1078 2574 1362 2611 recentissimae
1387 2573 1513 2610 cuius-

85 2661 162 2698 que
180 2648 479 2686 consuetudinis
496 2661 570 2685 usu
587 2648 768 2686 volebat:
795 2660 868 2685 nec
884 2651 1041 2696 patrum
1058 2659 1130 2682 nec
1148 2658 1312 2682 avorum
1328 2645 1516 2683 memoria
