<?xml version="1.0" encoding="UTF-8"?>
<!DOCTYPE html PUBLIC "-//W3C//DTD XHTML 1.0 Transitional//EN"
    "http://www.w3.org/TR/xhtml1/DTD/xhtml1-transitional.dtd">
<html xmlns="http://www.w3.org/1999/xhtml" xml:lang="en" lang="en">
 <head>
  <title>
</title>
<meta http-equiv="Content-Type" content="text/html;charset=utf-8" />
  <meta name='ocr-system' content='tesseract 3.04.00' />
  <meta name='ocr-capabilities' content='ocr_page ocr_carea ocr_par ocr_line ocrx_word'/>
</head>
<body>
  <div class='ocr_page' id='page_1' title='image "./historiarumroman02livyuoft_0167.png"; bbox 0 0 1768 2943; ppageno 0'>
   <div class='ocr_carea' id='block_1_1' title="bbox 509 108 1499 151">
    <p class='ocr_par' dir='ltr' id='par_1_1' title="bbox 509 108 1499 151">
     <span class='ocr_line' id='line_1_1' title="bbox 509 108 1499 151; baseline 0.002 -10"><span class='ocrx_word' id='word_1_1' title='bbox 509 110 615 141; x_wconf 76' lang='lat' dir='ltr'>Liber</span> <span class='ocrx_word' id='word_1_2' title='bbox 641 110 767 141; x_wconf 78' lang='lat' dir='ltr'>xxm.</span> <span class='ocrx_word' id='word_1_3' title='bbox 807 108 862 150; x_wconf 86' lang='lat' dir='ltr'>(A.</span> <span class='ocrx_word' id='word_1_4' title='bbox 891 109 953 140; x_wconf 82' lang='lat' dir='ltr'>ch.</span> <span class='ocrx_word' id='word_1_5' title='bbox 978 108 1074 151; x_wconf 71' lang='lat'>216.)</span> <span class='ocrx_word' id='word_1_6' title='bbox 1420 110 1499 150; x_wconf 75' lang='lat'>127</span> 
     </span>
    </p>
   </div>
   <div class='ocr_carea' id='block_1_2' title="bbox 77 240 1582 2686">
    <p class='ocr_par' dir='ltr' id='par_1_2' title="bbox 77 240 1574 2334">
     <span class='ocr_line' id='line_1_2' title="bbox 84 240 1501 293; baseline -0.004 -13"><span class='ocrx_word' id='word_1_7' title='bbox 84 243 186 293; x_wconf 89' lang='lat' dir='ltr'>parti</span> <span class='ocrx_word' id='word_1_8' title='bbox 209 248 249 279; x_wconf 90' lang='lat' dir='ltr'>et</span> <span class='ocrx_word' id='word_1_9' title='bbox 272 242 328 278; x_wconf 89' lang='lat' dir='ltr'>vir</span> <span class='ocrx_word' id='word_1_10' title='bbox 350 242 542 290; x_wconf 90' lang='lat' dir='ltr'>indignus</span> <span class='ocrx_word' id='word_1_11' title='bbox 565 254 614 278; x_wconf 89' lang='lat' dir='ltr'>ea</span> <span class='ocrx_word' id='word_1_12' title='bbox 640 241 868 278; x_wconf 76' lang='lat' dir='ltr'>calamitate</span> <span class='ocrx_word' id='word_1_13' title='bbox 892 246 932 276; x_wconf 91' lang='lat' dir='ltr'>et</span> <span class='ocrx_word' id='word_1_14' title='bbox 956 241 1066 276; x_wconf 90' lang='lat' dir='ltr'>haud</span> <span class='ocrx_word' id='word_1_15' title='bbox 1092 253 1215 288; x_wconf 89' lang='lat' dir='ltr'>parvo</span> <span class='ocrx_word' id='word_1_16' title='bbox 1239 241 1352 277; x_wconf 91' lang='lat' dir='ltr'>initio</span> <span class='ocrx_word' id='word_1_17' title='bbox 1378 240 1501 276; x_wconf 89' lang='lat' dir='ltr'>minui</span> 
     </span>
     <span class='ocr_line' id='line_1_3' title="bbox 83 309 1543 360; baseline -0.001 -10"><span class='ocrx_word' id='word_1_18' title='bbox 83 315 294 350; x_wconf 86' lang='lat' dir='ltr'>videbatur</span> <span class='ocrx_word' id='word_1_19' title='bbox 325 313 385 350; x_wconf 90' lang='lat' dir='ltr'>ius</span> <span class='ocrx_word' id='word_1_20' title='bbox 418 312 623 349; x_wconf 81' lang='lat' dir='ltr'><strong>libertatis.</strong></span> <span class='ocrx_word' id='word_1_21' title='bbox 687 311 885 360; x_wconf 85' lang='lat' dir='ltr'>Egressus</span> <span class='ocrx_word' id='word_1_22' title='bbox 919 311 1028 348; x_wconf 88' lang='lat' dir='ltr'>curia</span> <span class='ocrx_word' id='word_1_23' title='bbox 1055 311 1095 347; x_wconf 89' lang='lat' dir='ltr'>in</span> <span class='ocrx_word' id='word_1_24' title='bbox 1119 312 1269 359; x_wconf 90' lang='lat' dir='ltr'>templo</span> <span class='ocrx_word' id='word_1_25' title='bbox 1292 309 1543 359; x_wconf 82' lang='lat' dir='ltr'>magistra—5</span> 
     </span>
     <span class='ocr_line' id='line_1_4' title="bbox 83 381 1502 431; baseline -0.003 -10"><span class='ocrx_word' id='word_1_26' title='bbox 83 391 192 421; x_wconf 87' lang='lat' dir='ltr'>tuum</span> <span class='ocrx_word' id='word_1_27' title='bbox 226 383 426 427; x_wconf 82' lang='lat' dir='ltr'>consedit,</span> <span class='ocrx_word' id='word_1_28' title='bbox 461 382 834 431; x_wconf 86' lang='lat' dir='ltr'>comprehendique</span> <span class='ocrx_word' id='word_1_29' title='bbox 860 382 1032 418; x_wconf 87' lang='lat' dir='ltr'>Decium</span> <span class='ocrx_word' id='word_1_30' title='bbox 1055 381 1237 430; x_wconf 87' lang='lat' dir='ltr'>Magium</span> <span class='ocrx_word' id='word_1_31' title='bbox 1261 387 1383 429; x_wconf 89' lang='lat' dir='ltr'>atque</span> <span class='ocrx_word' id='word_1_32' title='bbox 1407 387 1502 417; x_wconf 89' lang='lat' dir='ltr'>ante</span> 
     </span>
     <span class='ocr_line' id='line_1_5' title="bbox 82 450 1540 504; baseline -0.001 -13"><span class='ocrx_word' id='word_1_33' title='bbox 82 455 211 504; x_wconf 87' lang='lat' dir='ltr'>pedes</span> <span class='ocrx_word' id='word_1_34' title='bbox 234 454 470 491; x_wconf 83' lang='lat' dir='ltr'>destitutum</span> <span class='ocrx_word' id='word_1_35' title='bbox 495 465 660 490; x_wconf 90' lang='lat' dir='ltr'>causam</span> <span class='ocrx_word' id='word_1_36' title='bbox 684 453 820 489; x_wconf 87' lang='lat' dir='ltr'>dicere</span> <span class='ocrx_word' id='word_1_37' title='bbox 845 452 971 489; x_wconf 89' lang='lat' dir='ltr'>iussit.</span> <span class='ocrx_word' id='word_1_38' title='bbox 1036 452 1115 498; x_wconf 91' lang='lat' dir='ltr'>Qui</span> <span class='ocrx_word' id='word_1_39' title='bbox 1140 464 1274 500; x_wconf 89' lang='lat' dir='ltr'>quum,</span> <span class='ocrx_word' id='word_1_40' title='bbox 1309 457 1501 487; x_wconf 86' lang='lat' dir='ltr'>manente</span> <span class='ocrx_word' id='word_1_41' title='bbox 1516 450 1540 490; x_wconf 81' lang='grc'>6</span> 
     </span>
     <span class='ocr_line' id='line_1_6' title="bbox 83 522 1502 572; baseline -0.002 -11"><span class='ocrx_word' id='word_1_42' title='bbox 83 525 234 562; x_wconf 89' lang='lat' dir='ltr'>ferocia</span> <span class='ocrx_word' id='word_1_43' title='bbox 259 524 394 568; x_wconf 90' lang='lat' dir='ltr'>animi,</span> <span class='ocrx_word' id='word_1_44' title='bbox 420 529 590 572; x_wconf 84' lang='lat' dir='ltr'>negaret</span> <span class='ocrx_word' id='word_1_45' title='bbox 613 524 702 572; x_wconf 91' lang='lat' dir='ltr'>lege</span> <span class='ocrx_word' id='word_1_46' title='bbox 728 522 892 559; x_wconf 83' lang='lat' dir='ltr'>foederis</span> <span class='ocrx_word' id='word_1_47' title='bbox 910 523 952 558; x_wconf 92' lang='lat' dir='ltr'>id</span> <span class='ocrx_word' id='word_1_48' title='bbox 970 523 1062 571; x_wconf 88' lang='lat' dir='ltr'>cogi</span> <span class='ocrx_word' id='word_1_49' title='bbox 1080 535 1217 571; x_wconf 86' lang='lat' dir='ltr'>posse,</span> <span class='ocrx_word' id='word_1_50' title='bbox 1243 527 1327 558; x_wconf 91' lang='lat' dir='ltr'>tum</span> <span class='ocrx_word' id='word_1_51' title='bbox 1344 522 1502 558; x_wconf 88' lang='lat' dir='ltr'>iniectae</span> 
     </span>
     <span class='ocr_line' id='line_1_7' title="bbox 83 590 1540 642; baseline -0.001 -10"><span class='ocrx_word' id='word_1_52' title='bbox 83 600 236 633; x_wconf 87' lang='lat' dir='ltr'>catenae</span> <span class='ocrx_word' id='word_1_53' title='bbox 269 595 445 642; x_wconf 90' lang='lat' dir='ltr'>ducique</span> <span class='ocrx_word' id='word_1_54' title='bbox 478 599 572 630; x_wconf 87' lang='lat' dir='ltr'>ante</span> <span class='ocrx_word' id='word_1_55' title='bbox 606 594 787 630; x_wconf 89' lang='lat' dir='ltr'>lictorem</span> <span class='ocrx_word' id='word_1_56' title='bbox 819 593 860 629; x_wconf 90' lang='lat' dir='ltr'>in</span> <span class='ocrx_word' id='word_1_57' title='bbox 893 598 1024 630; x_wconf 89' lang='lat' dir='ltr'>castra</span> <span class='ocrx_word' id='word_1_58' title='bbox 1057 598 1118 629; x_wconf 91' lang='lat' dir='ltr'>est</span> <span class='ocrx_word' id='word_1_59' title='bbox 1139 593 1285 629; x_wconf 89' lang='lat' dir='ltr'>iussus.</span> <span class='ocrx_word' id='word_1_60' title='bbox 1350 590 1540 638; x_wconf 68' lang='lat' dir='ltr'>Quoad?</span> 
     </span>
     <span class='ocr_line' id='line_1_8' title="bbox 82 663 1502 714; baseline -0.004 -11"><span class='ocrx_word' id='word_1_61' title='bbox 82 666 214 714; x_wconf 89' lang='lat' dir='ltr'>capite</span> <span class='ocrx_word' id='word_1_62' title='bbox 239 670 381 714; x_wconf 89' lang='lat' dir='ltr'>aperto</span> <span class='ocrx_word' id='word_1_63' title='bbox 407 669 467 700; x_wconf 86' lang='lat' dir='ltr'>est</span> <span class='ocrx_word' id='word_1_64' title='bbox 491 665 649 707; x_wconf 88' lang='lat' dir='ltr'>ductus,</span> <span class='ocrx_word' id='word_1_65' title='bbox 675 664 1034 701; x_wconf 83' lang='lat' dir='ltr'>contionabundus</span> <span class='ocrx_word' id='word_1_66' title='bbox 1059 664 1236 707; x_wconf 82' lang='lat' dir='ltr'>incessit,</span> <span class='ocrx_word' id='word_1_67' title='bbox 1263 663 1317 699; x_wconf 90' lang='lat' dir='ltr'>ad</span> <span class='ocrx_word' id='word_1_68' title='bbox 1335 663 1502 699; x_wconf 89' lang='lat' dir='ltr'>circum—</span> 
     </span>
     <span class='ocr_line' id='line_1_9' title="bbox 82 733 1500 782; baseline -0.002 -11"><span class='ocrx_word' id='word_1_69' title='bbox 82 735 212 771; x_wconf 87' lang='lat' dir='ltr'>fusam</span> <span class='ocrx_word' id='word_1_70' title='bbox 239 735 419 782; x_wconf 88' lang='lat' dir='ltr'>undique</span> <span class='ocrx_word' id='word_1_71' title='bbox 443 735 741 770; x_wconf 85' lang='lat' dir='ltr'>multitudinem</span> <span class='ocrx_word' id='word_1_72' title='bbox 765 734 1014 770; x_wconf 88' lang='lat' dir='ltr'>vociferans:</span> <span class='ocrx_word' id='word_1_73' title='bbox 1047 733 1243 770; x_wconf 82' lang='lat' dir='ltr'>«Habetis</span> <span class='ocrx_word' id='word_1_74' title='bbox 1262 734 1500 775; x_wconf 87' lang='lat' dir='ltr'>libertatem,</span> 
     </span>
     <span class='ocr_line' id='line_1_10' title="bbox 82 804 1502 854; baseline -0.001 -13"><span class='ocrx_word' id='word_1_75' title='bbox 82 804 294 854; x_wconf 90' lang='lat' dir='ltr'>Campani,</span> <span class='ocrx_word' id='word_1_76' title='bbox 329 817 449 853; x_wconf 91' lang='lat' dir='ltr'>quam</span> <span class='ocrx_word' id='word_1_77' title='bbox 473 805 643 854; x_wconf 89' lang='lat' dir='ltr'>petistis.</span> <span class='ocrx_word' id='word_1_78' title='bbox 692 805 798 840; x_wconf 88' lang='lat' dir='ltr'>Foro</span> <span class='ocrx_word' id='word_1_79' title='bbox 829 804 981 846; x_wconf 90' lang='lat' dir='ltr'>medio,</span> <span class='ocrx_word' id='word_1_80' title='bbox 1007 804 1095 840; x_wconf 91' lang='lat' dir='ltr'>luce</span> <span class='ocrx_word' id='word_1_81' title='bbox 1124 804 1242 848; x_wconf 88' lang='lat' dir='ltr'>clara,</span> <span class='ocrx_word' id='word_1_82' title='bbox 1273 804 1502 840; x_wconf 84' lang='lat' dir='ltr'>videntibus</span> 
     </span>
     <span class='ocr_line' id='line_1_11' title="bbox 80 875 1500 924; baseline -0.002 -12"><span class='ocrx_word' id='word_1_83' title='bbox 80 876 208 919; x_wconf 90' lang='lat' dir='ltr'>vobis,</span> <span class='ocrx_word' id='word_1_84' title='bbox 232 875 328 912; x_wconf 91' lang='lat' dir='ltr'>nulli</span> <span class='ocrx_word' id='word_1_85' title='bbox 347 875 652 924; x_wconf 85' lang='lat' dir='ltr'>Campanorum</span> <span class='ocrx_word' id='word_1_86' title='bbox 670 875 887 919; x_wconf 85' lang='lat' dir='ltr'>secundus,</span> <span class='ocrx_word' id='word_1_87' title='bbox 916 875 1072 911; x_wconf 85' lang='lat' dir='ltr'>vinctus</span> <span class='ocrx_word' id='word_1_88' title='bbox 1091 875 1146 910; x_wconf 92' lang='lat' dir='ltr'>ad</span> <span class='ocrx_word' id='word_1_89' title='bbox 1163 879 1335 910; x_wconf 89' lang='lat' dir='ltr'>mortem</span> <span class='ocrx_word' id='word_1_90' title='bbox 1353 875 1500 922; x_wconf 85' lang='lat' dir='ltr'>rapior.</span> 
     </span>
     <span class='ocr_line' id='line_1_12' title="bbox 82 942 1542 995; baseline 0.001 -13"><span class='ocrx_word' id='word_1_91' title='bbox 82 945 192 992; x_wconf 88' lang='lat' dir='ltr'>Quid</span> <span class='ocrx_word' id='word_1_92' title='bbox 223 946 437 983; x_wconf 89' lang='lat' dir='ltr'>violentius</span> <span class='ocrx_word' id='word_1_93' title='bbox 471 952 589 995; x_wconf 88' lang='lat' dir='ltr'>capta</span> <span class='ocrx_word' id='word_1_94' title='bbox 623 945 765 995; x_wconf 85' lang='lat' dir='ltr'>Capua</span> <span class='ocrx_word' id='word_1_95' title='bbox 798 943 934 982; x_wconf 73' lang='lat' dir='ltr'>fieret}&gt;</span> <span class='ocrx_word' id='word_1_96' title='bbox 981 945 1039 981; x_wconf 88' lang='lat' dir='ltr'>Ite</span> <span class='ocrx_word' id='word_1_97' title='bbox 1073 945 1234 981; x_wconf 86' lang='lat' dir='ltr'>obviam</span> <span class='ocrx_word' id='word_1_98' title='bbox 1267 942 1542 988; x_wconf 76' lang='lat' dir='ltr'>Hannibali‚8</span> 
     </span>
     <span class='ocr_line' id='line_1_13' title="bbox 81 1016 1502 1065; baseline -0.002 -12"><span class='ocrx_word' id='word_1_99' title='bbox 81 1023 276 1053; x_wconf 88' lang='lat' dir='ltr'>exornate</span> <span class='ocrx_word' id='word_1_100' title='bbox 303 1017 456 1061; x_wconf 85' lang='lat' dir='ltr'>urbem,</span> <span class='ocrx_word' id='word_1_101' title='bbox 490 1017 681 1065; x_wconf 87' lang='lat' dir='ltr'>diemque</span> <span class='ocrx_word' id='word_1_102' title='bbox 705 1017 905 1053; x_wconf 86' lang='lat' dir='ltr'>adventus</span> <span class='ocrx_word' id='word_1_103' title='bbox 930 1016 1015 1052; x_wconf 88' lang='lat' dir='ltr'>eius</span> <span class='ocrx_word' id='word_1_104' title='bbox 1041 1020 1293 1059; x_wconf 89' lang='lat' dir='ltr'>consecrate,</span> <span class='ocrx_word' id='word_1_105' title='bbox 1328 1020 1370 1051; x_wconf 92' lang='lat' dir='ltr'>ut</span> <span class='ocrx_word' id='word_1_106' title='bbox 1396 1016 1502 1051; x_wconf 89' lang='lat' dir='ltr'>hunc</span> 
     </span>
     <span class='ocr_line' id='line_1_14' title="bbox 81 1083 1540 1136; baseline 0 -13"><span class='ocrx_word' id='word_1_107' title='bbox 81 1087 324 1136; x_wconf 89' lang='lat' dir='ltr'>triumphum</span> <span class='ocrx_word' id='word_1_108' title='bbox 349 1088 402 1124; x_wconf 89' lang='lat' dir='ltr'>de</span> <span class='ocrx_word' id='word_1_109' title='bbox 427 1088 512 1124; x_wconf 90' lang='lat' dir='ltr'>cive</span> <span class='ocrx_word' id='word_1_110' title='bbox 537 1092 670 1124; x_wconf 88' lang='lat' dir='ltr'>vestro</span> <span class='ocrx_word' id='word_1_111' title='bbox 695 1087 926 1135; x_wconf 83' lang='lat' dir='ltr'>spectetis.»</span> <span class='ocrx_word' id='word_1_112' title='bbox 978 1086 1077 1123; x_wconf 87' lang='lat' dir='ltr'>Haec</span> <span class='ocrx_word' id='word_1_113' title='bbox 1101 1085 1350 1130; x_wconf 88' lang='lat' dir='ltr'>vociferanti,</span> <span class='ocrx_word' id='word_1_114' title='bbox 1378 1083 1540 1133; x_wconf 77' lang='lat' dir='ltr'>quum9</span> 
     </span>
     <span class='ocr_line' id='line_1_15' title="bbox 80 1157 1502 1207; baseline -0.002 -13"><span class='ocrx_word' id='word_1_115' title='bbox 80 1158 232 1194; x_wconf 90' lang='lat' dir='ltr'>moveri</span> <span class='ocrx_word' id='word_1_116' title='bbox 256 1158 396 1207; x_wconf 86' lang='lat' dir='ltr'>vulgus</span> <span class='ocrx_word' id='word_1_117' title='bbox 423 1158 637 1202; x_wconf 90' lang='lat' dir='ltr'>videretur,</span> <span class='ocrx_word' id='word_1_118' title='bbox 668 1158 905 1194; x_wconf 89' lang='lat' dir='ltr'>obvolutum</span> <span class='ocrx_word' id='word_1_119' title='bbox 936 1163 1057 1205; x_wconf 91' lang='lat' dir='ltr'>caput</span> <span class='ocrx_word' id='word_1_120' title='bbox 1084 1162 1157 1201; x_wconf 87' lang='lat' dir='ltr'>est,</span> <span class='ocrx_word' id='word_1_121' title='bbox 1191 1157 1386 1204; x_wconf 87' lang='lat' dir='ltr'>ociusque</span> <span class='ocrx_word' id='word_1_122' title='bbox 1416 1157 1502 1204; x_wconf 89' lang='lat' dir='ltr'>rapi</span> 
     </span>
     <span class='ocr_line' id='line_1_16' title="bbox 81 1227 1502 1277; baseline -0.001 -13"><span class='ocrx_word' id='word_1_123' title='bbox 81 1233 193 1265; x_wconf 87' lang='lat' dir='ltr'>extra</span> <span class='ocrx_word' id='word_1_124' title='bbox 225 1234 385 1277; x_wconf 89' lang='lat' dir='ltr'>portam</span> <span class='ocrx_word' id='word_1_125' title='bbox 416 1229 561 1266; x_wconf 90' lang='lat' dir='ltr'>iussus.</span> <span class='ocrx_word' id='word_1_126' title='bbox 624 1228 685 1264; x_wconf 90' lang='lat' dir='ltr'>Ita</span> <span class='ocrx_word' id='word_1_127' title='bbox 716 1228 756 1264; x_wconf 92' lang='lat' dir='ltr'>in</span> <span class='ocrx_word' id='word_1_128' title='bbox 782 1233 913 1264; x_wconf 88' lang='lat' dir='ltr'>castra</span> <span class='ocrx_word' id='word_1_129' title='bbox 936 1228 1181 1277; x_wconf 87' lang='lat' dir='ltr'>perducitur,</span> <span class='ocrx_word' id='word_1_130' title='bbox 1216 1227 1502 1275; x_wconf 85' lang='lat' dir='ltr'>extemploque</span> 
     </span>
     <span class='ocr_line' id='line_1_17' title="bbox 81 1295 1574 1348; baseline -0.001 -12"><span class='ocrx_word' id='word_1_131' title='bbox 81 1299 293 1348; x_wconf 89' lang='lat' dir='ltr'>impositus</span> <span class='ocrx_word' id='word_1_132' title='bbox 322 1300 363 1336; x_wconf 92' lang='lat' dir='ltr'>in</span> <span class='ocrx_word' id='word_1_133' title='bbox 387 1312 533 1336; x_wconf 86' lang='lat' dir='ltr'>navem</span> <span class='ocrx_word' id='word_1_134' title='bbox 558 1305 598 1336; x_wconf 91' lang='lat' dir='ltr'>et</span> <span class='ocrx_word' id='word_1_135' title='bbox 623 1298 912 1347; x_wconf 85' lang='lat' dir='ltr'>Carthaginem</span> <span class='ocrx_word' id='word_1_136' title='bbox 936 1299 1094 1343; x_wconf 90' lang='lat' dir='ltr'>missus,</span> <span class='ocrx_word' id='word_1_137' title='bbox 1128 1311 1194 1342; x_wconf 85' lang='lat' dir='ltr'>ne,</span> <span class='ocrx_word' id='word_1_138' title='bbox 1228 1303 1341 1334; x_wconf 88' lang='lat' dir='ltr'>motu</span> <span class='ocrx_word' id='word_1_139' title='bbox 1367 1297 1501 1345; x_wconf 87' lang='lat' dir='ltr'>aliquo</span> <span class='ocrx_word' id='word_1_140' title='bbox 1521 1295 1574 1335; x_wconf 84' lang='lat'>10</span> 
     </span>
     <span class='ocr_line' id='line_1_18' title="bbox 82 1368 1503 1418; baseline -0.003 -12"><span class='ocrx_word' id='word_1_141' title='bbox 82 1369 234 1418; x_wconf 88' lang='lat' dir='ltr'>Capuae</span> <span class='ocrx_word' id='word_1_142' title='bbox 274 1382 322 1406; x_wconf 84' lang='lat' dir='ltr'>ex</span> <span class='ocrx_word' id='word_1_143' title='bbox 361 1370 603 1418; x_wconf 84' lang='lat' dir='ltr'>indignitate</span> <span class='ocrx_word' id='word_1_144' title='bbox 642 1369 699 1405; x_wconf 88' lang='lat' dir='ltr'>rei</span> <span class='ocrx_word' id='word_1_145' title='bbox 733 1374 835 1413; x_wconf 90' lang='lat' dir='ltr'>orto,</span> <span class='ocrx_word' id='word_1_146' title='bbox 879 1375 1063 1406; x_wconf 88' lang='lat' dir='ltr'>senatum</span> <span class='ocrx_word' id='word_1_147' title='bbox 1097 1381 1260 1417; x_wconf 92' lang='lat' dir='ltr'>quoque</span> <span class='ocrx_word' id='word_1_148' title='bbox 1293 1368 1503 1416; x_wconf 87' lang='lat' dir='ltr'>paeniteret</span> 
     </span>
     <span class='ocr_line' id='line_1_19' title="bbox 82 1440 1500 1489; baseline -0.002 -13"><span class='ocrx_word' id='word_1_149' title='bbox 82 1440 209 1476; x_wconf 88' lang='lat' dir='ltr'>dediti</span> <span class='ocrx_word' id='word_1_150' title='bbox 249 1441 453 1489; x_wconf 90' lang='lat' dir='ltr'>principis,</span> <span class='ocrx_word' id='word_1_151' title='bbox 499 1446 550 1485; x_wconf 91' lang='lat' dir='ltr'>et,</span> <span class='ocrx_word' id='word_1_152' title='bbox 594 1440 800 1489; x_wconf 86' lang='lat' dir='ltr'>legatione</span> <span class='ocrx_word' id='word_1_153' title='bbox 839 1441 962 1477; x_wconf 88' lang='lat' dir='ltr'>missa</span> <span class='ocrx_word' id='word_1_154' title='bbox 1002 1441 1056 1476; x_wconf 90' lang='lat' dir='ltr'>ad</span> <span class='ocrx_word' id='word_1_155' title='bbox 1094 1440 1362 1488; x_wconf 89' lang='lat' dir='ltr'>repetendum</span> <span class='ocrx_word' id='word_1_156' title='bbox 1396 1450 1500 1481; x_wconf 91' lang='lat' dir='ltr'>eum,</span> 
     </span>
     <span class='ocr_line' id='line_1_20' title="bbox 82 1509 1501 1560; baseline -0.003 -13"><span class='ocrx_word' id='word_1_157' title='bbox 82 1516 150 1547; x_wconf 88' lang='lat' dir='ltr'>aut</span> <span class='ocrx_word' id='word_1_158' title='bbox 187 1512 383 1559; x_wconf 89' lang='lat' dir='ltr'>negando</span> <span class='ocrx_word' id='word_1_159' title='bbox 416 1523 514 1555; x_wconf 83' lang='lat' dir='ltr'>rem,</span> <span class='ocrx_word' id='word_1_160' title='bbox 556 1523 676 1559; x_wconf 90' lang='lat' dir='ltr'>quam</span> <span class='ocrx_word' id='word_1_161' title='bbox 709 1511 880 1559; x_wconf 88' lang='lat' dir='ltr'>primam</span> <span class='ocrx_word' id='word_1_162' title='bbox 912 1516 1110 1560; x_wconf 88' lang='lat' dir='ltr'>peterent,</span> <span class='ocrx_word' id='word_1_163' title='bbox 1154 1509 1394 1547; x_wconf 88' lang='lat' dir='ltr'>offendendi</span> <span class='ocrx_word' id='word_1_164' title='bbox 1428 1509 1501 1545; x_wconf 85' lang='lat' dir='ltr'>sibi</span> 
     </span>
     <span class='ocr_line' id='line_1_21' title="bbox 80 1579 1501 1630; baseline -0.002 -13"><span class='ocrx_word' id='word_1_165' title='bbox 80 1581 175 1618; x_wconf 89' lang='lat' dir='ltr'>novi</span> <span class='ocrx_word' id='word_1_166' title='bbox 200 1582 312 1626; x_wconf 84' lang='lat' dir='ltr'>socii,</span> <span class='ocrx_word' id='word_1_167' title='bbox 339 1586 407 1618; x_wconf 89' lang='lat' dir='ltr'>aut</span> <span class='ocrx_word' id='word_1_168' title='bbox 432 1581 648 1618; x_wconf 89' lang='lat' dir='ltr'>tribuendo</span> <span class='ocrx_word' id='word_1_169' title='bbox 676 1582 891 1618; x_wconf 90' lang='lat' dir='ltr'>habendus</span> <span class='ocrx_word' id='word_1_170' title='bbox 911 1581 1063 1630; x_wconf 86' lang='lat' dir='ltr'>Capuae</span> <span class='ocrx_word' id='word_1_171' title='bbox 1090 1586 1198 1617; x_wconf 86' lang='lat' dir='ltr'>esset</span> <span class='ocrx_word' id='word_1_172' title='bbox 1222 1579 1435 1617; x_wconf 87' lang='lat' dir='ltr'>seditionis</span> <span class='ocrx_word' id='word_1_173' title='bbox 1454 1591 1501 1615; x_wconf 90' lang='lat' dir='ltr'>ac</span> 
     </span>
     <span class='ocr_line' id='line_1_22' title="bbox 80 1648 1569 1700; baseline 0 -12"><span class='ocrx_word' id='word_1_174' title='bbox 80 1653 285 1688; x_wconf 90' lang='lat' dir='ltr'>turbarum</span> <span class='ocrx_word' id='word_1_175' title='bbox 313 1658 466 1689; x_wconf 87' lang='lat' dir='ltr'>auctor.</span> <span class='ocrx_word' id='word_1_176' title='bbox 515 1652 670 1688; x_wconf 89' lang='lat' dir='ltr'>Navem</span> <span class='ocrx_word' id='word_1_177' title='bbox 690 1651 871 1700; x_wconf 89' lang='lat' dir='ltr'>Cyrenas</span> <span class='ocrx_word' id='word_1_178' title='bbox 890 1652 1032 1688; x_wconf 87' lang='lat' dir='ltr'>detulit</span> <span class='ocrx_word' id='word_1_179' title='bbox 1050 1657 1283 1700; x_wconf 87' lang='lat' dir='ltr'>tempestas,</span> <span class='ocrx_word' id='word_1_180' title='bbox 1312 1662 1399 1698; x_wconf 89' lang='lat' dir='ltr'>quae</span> <span class='ocrx_word' id='word_1_181' title='bbox 1418 1655 1500 1686; x_wconf 90' lang='lat' dir='ltr'>tum</span> <span class='ocrx_word' id='word_1_182' title='bbox 1520 1648 1569 1688; x_wconf 91' lang='grc'>11</span> 
     </span>
     <span class='ocr_line' id='line_1_23' title="bbox 80 1721 1501 1771; baseline -0.001 -12"><span class='ocrx_word' id='word_1_183' title='bbox 80 1722 121 1759; x_wconf 88' lang='lat' dir='ltr'>in</span> <span class='ocrx_word' id='word_1_184' title='bbox 154 1722 318 1759; x_wconf 85' lang='lat' dir='ltr'>dicione</span> <span class='ocrx_word' id='word_1_185' title='bbox 349 1735 490 1771; x_wconf 89' lang='lat' dir='ltr'>regum</span> <span class='ocrx_word' id='word_1_186' title='bbox 518 1728 645 1759; x_wconf 90' lang='lat' dir='ltr'>erant.</span> <span class='ocrx_word' id='word_1_187' title='bbox 709 1722 767 1758; x_wconf 91' lang='lat' dir='ltr'>Ibi</span> <span class='ocrx_word' id='word_1_188' title='bbox 795 1735 917 1770; x_wconf 88' lang='lat' dir='ltr'>quum</span> <span class='ocrx_word' id='word_1_189' title='bbox 942 1722 1102 1770; x_wconf 88' lang='lat' dir='ltr'>Magius</span> <span class='ocrx_word' id='word_1_190' title='bbox 1128 1723 1183 1758; x_wconf 90' lang='lat' dir='ltr'>ad</span> <span class='ocrx_word' id='word_1_191' title='bbox 1208 1727 1382 1758; x_wconf 88' lang='lat' dir='ltr'>statuam</span> <span class='ocrx_word' id='word_1_192' title='bbox 1407 1721 1501 1757; x_wconf 90' lang='lat' dir='ltr'>Pto-</span> 
     </span>
     <span class='ocr_line' id='line_1_24' title="bbox 79 1792 1500 1842; baseline -0.001 -14"><span class='ocrx_word' id='word_1_193' title='bbox 79 1793 210 1830; x_wconf 88' lang='lat' dir='ltr'>lomaei</span> <span class='ocrx_word' id='word_1_194' title='bbox 227 1793 332 1841; x_wconf 86' lang='lat' dir='ltr'>regis</span> <span class='ocrx_word' id='word_1_195' title='bbox 351 1793 615 1842; x_wconf 86' lang='lat' dir='ltr'>confugisset,</span> <span class='ocrx_word' id='word_1_196' title='bbox 643 1794 881 1841; x_wconf 90' lang='lat' dir='ltr'>deportatus</span> <span class='ocrx_word' id='word_1_197' title='bbox 901 1806 924 1829; x_wconf 92' lang='lat' dir='ltr'>a</span> <span class='ocrx_word' id='word_1_198' title='bbox 943 1792 1182 1829; x_wconf 90' lang='lat' dir='ltr'>custodibus</span> <span class='ocrx_word' id='word_1_199' title='bbox 1200 1793 1500 1828; x_wconf 87' lang='lat' dir='ltr'>Alexandream</span> 
     </span>
     <span class='ocr_line' id='line_1_25' title="bbox 79 1859 1567 1912; baseline 0 -13"><span class='ocrx_word' id='word_1_200' title='bbox 79 1863 134 1900; x_wconf 89' lang='lat' dir='ltr'>ad</span> <span class='ocrx_word' id='word_1_201' title='bbox 150 1863 429 1907; x_wconf 76' lang='lat' dir='ltr'>Ptolomaeum,</span> <span class='ocrx_word' id='word_1_202' title='bbox 455 1875 576 1912; x_wconf 88' lang='lat' dir='ltr'>quum</span> <span class='ocrx_word' id='word_1_203' title='bbox 602 1876 694 1900; x_wconf 92' lang='lat' dir='ltr'>eum</span> <span class='ocrx_word' id='word_1_204' title='bbox 718 1864 938 1907; x_wconf 90' lang='lat' dir='ltr'>docuisset,</span> <span class='ocrx_word' id='word_1_205' title='bbox 967 1868 1109 1900; x_wconf 88' lang='lat' dir='ltr'>contra</span> <span class='ocrx_word' id='word_1_206' title='bbox 1126 1863 1185 1899; x_wconf 91' lang='lat' dir='ltr'>ius</span> <span class='ocrx_word' id='word_1_207' title='bbox 1205 1862 1369 1899; x_wconf 86' lang='lat' dir='ltr'>foederis</span> <span class='ocrx_word' id='word_1_208' title='bbox 1389 1862 1497 1898; x_wconf 88' lang='lat' dir='ltr'>vinc·</span> <span class='ocrx_word' id='word_1_209' title='bbox 1516 1859 1567 1899; x_wconf 79' lang='grc'>12</span> 
     </span>
     <span class='ocr_line' id='line_1_26' title="bbox 78 1932 1497 1982; baseline -0.001 -13"><span class='ocrx_word' id='word_1_210' title='bbox 78 1938 161 1970; x_wconf 88' lang='lat' dir='ltr'>tum</span> <span class='ocrx_word' id='word_1_211' title='bbox 195 1945 238 1970; x_wconf 88' lang='lat' dir='ltr'>se</span> <span class='ocrx_word' id='word_1_212' title='bbox 271 1934 322 1970; x_wconf 88' lang='lat' dir='ltr'>ab</span> <span class='ocrx_word' id='word_1_213' title='bbox 355 1933 587 1970; x_wconf 86' lang='lat' dir='ltr'>Hannibale</span> <span class='ocrx_word' id='word_1_214' title='bbox 620 1945 723 1978; x_wconf 87' lang='lat' dir='ltr'>esse,</span> <span class='ocrx_word' id='word_1_215' title='bbox 757 1934 895 1970; x_wconf 91' lang='lat' dir='ltr'>vinclis</span> <span class='ocrx_word' id='word_1_216' title='bbox 928 1934 1130 1977; x_wconf 89' lang='lat' dir='ltr'>liberatur,</span> <span class='ocrx_word' id='word_1_217' title='bbox 1163 1932 1497 1982; x_wconf 88' lang='lat' dir='ltr'>permissumque,</span> 
     </span>
     <span class='ocr_line' id='line_1_27' title="bbox 78 2001 1568 2053; baseline 0.001 -13"><span class='ocrx_word' id='word_1_218' title='bbox 78 2009 121 2040; x_wconf 92' lang='lat' dir='ltr'>ut</span> <span class='ocrx_word' id='word_1_219' title='bbox 158 2004 319 2049; x_wconf 88' lang='lat' dir='ltr'>rediret,</span> <span class='ocrx_word' id='word_1_220' title='bbox 360 2016 430 2041; x_wconf 91' lang='lat' dir='ltr'>seu</span> <span class='ocrx_word' id='word_1_221' title='bbox 463 2005 637 2041; x_wconf 91' lang='lat' dir='ltr'>Romam</span> <span class='ocrx_word' id='word_1_222' title='bbox 670 2016 740 2041; x_wconf 90' lang='lat' dir='ltr'>seu</span> <span class='ocrx_word' id='word_1_223' title='bbox 774 2003 959 2053; x_wconf 90' lang='lat' dir='ltr'>Capuam</span> <span class='ocrx_word' id='word_1_224' title='bbox 991 2004 1139 2040; x_wconf 89' lang='lat' dir='ltr'>mallet.</span> <span class='ocrx_word' id='word_1_225' title='bbox 1218 2003 1303 2040; x_wconf 91' lang='lat' dir='ltr'>Nec</span> <span class='ocrx_word' id='word_1_226' title='bbox 1336 2002 1497 2052; x_wconf 86' lang='lat' dir='ltr'>Magius</span> <span class='ocrx_word' id='word_1_227' title='bbox 1517 2001 1568 2041; x_wconf 81' lang='grc'>13</span> 
     </span>
     <span class='ocr_line' id='line_1_28' title="bbox 79 2073 1500 2123; baseline -0.001 -13"><span class='ocrx_word' id='word_1_228' title='bbox 79 2073 262 2123; x_wconf 90' lang='lat' dir='ltr'>Capuam</span> <span class='ocrx_word' id='word_1_229' title='bbox 295 2074 370 2111; x_wconf 90' lang='lat' dir='ltr'>sibi</span> <span class='ocrx_word' id='word_1_230' title='bbox 402 2079 528 2111; x_wconf 88' lang='lat' dir='ltr'>tutam</span> <span class='ocrx_word' id='word_1_231' title='bbox 561 2074 697 2111; x_wconf 89' lang='lat' dir='ltr'>dicere</span> <span class='ocrx_word' id='word_1_232' title='bbox 723 2080 762 2111; x_wconf 89' lang='lat' dir='ltr'>et</span> <span class='ocrx_word' id='word_1_233' title='bbox 785 2075 959 2111; x_wconf 88' lang='lat' dir='ltr'>Romam</span> <span class='ocrx_word' id='word_1_234' title='bbox 984 2087 1034 2111; x_wconf 89' lang='lat' dir='ltr'>eo</span> <span class='ocrx_word' id='word_1_235' title='bbox 1060 2080 1256 2123; x_wconf 87' lang='lat' dir='ltr'>tempore,</span> <span class='ocrx_word' id='word_1_236' title='bbox 1291 2086 1372 2122; x_wconf 92' lang='lat' dir='ltr'>quo</span> <span class='ocrx_word' id='word_1_237' title='bbox 1396 2073 1500 2110; x_wconf 89' lang='lat' dir='ltr'>inter</span> 
     </span>
     <span class='ocr_line' id='line_1_29' title="bbox 78 2144 1499 2195; baseline -0.001 -14"><span class='ocrx_word' id='word_1_238' title='bbox 78 2145 289 2182; x_wconf 85' lang='lat' dir='ltr'>Romanos</span> <span class='ocrx_word' id='word_1_239' title='bbox 323 2144 641 2193; x_wconf 88' lang='lat' dir='ltr'>Campanosque</span> <span class='ocrx_word' id='word_1_240' title='bbox 680 2146 827 2181; x_wconf 89' lang='lat' dir='ltr'>bellum</span> <span class='ocrx_word' id='word_1_241' title='bbox 860 2146 922 2190; x_wconf 89' lang='lat' dir='ltr'>sit,</span> <span class='ocrx_word' id='word_1_242' title='bbox 964 2146 1182 2195; x_wconf 88' lang='lat' dir='ltr'>transfugae</span> <span class='ocrx_word' id='word_1_243' title='bbox 1214 2145 1344 2193; x_wconf 88' lang='lat' dir='ltr'>magis</span> <span class='ocrx_word' id='word_1_244' title='bbox 1378 2156 1499 2192; x_wconf 90' lang='lat' dir='ltr'>quam</span> 
     </span>
     <span class='ocr_line' id='line_1_30' title="bbox 78 2215 1497 2264; baseline -0.001 -12"><span class='ocrx_word' id='word_1_245' title='bbox 78 2215 247 2264; x_wconf 88' lang='lat' dir='ltr'>hospitis</span> <span class='ocrx_word' id='word_1_246' title='bbox 276 2215 363 2252; x_wconf 89' lang='lat' dir='ltr'>fore</span> <span class='ocrx_word' id='word_1_247' title='bbox 388 2215 636 2252; x_wconf 88' lang='lat' dir='ltr'>domicilium</span> <span class='ocrx_word' id='word_1_248' title='bbox 644 2227 656 2260; x_wconf 69' lang='grc' dir='ltr'><strong><em>ς</em></strong></span> <span class='ocrx_word' id='word_1_249' title='bbox 686 2227 887 2264; x_wconf 88' lang='lat' dir='ltr'>nusquam</span> <span class='ocrx_word' id='word_1_250' title='bbox 911 2217 1029 2252; x_wconf 89' lang='lat' dir='ltr'>malle</span> <span class='ocrx_word' id='word_1_251' title='bbox 1055 2228 1176 2264; x_wconf 91' lang='lat' dir='ltr'>quam</span> <span class='ocrx_word' id='word_1_252' title='bbox 1200 2217 1241 2252; x_wconf 91' lang='lat' dir='ltr'>in</span> <span class='ocrx_word' id='word_1_253' title='bbox 1264 2227 1393 2264; x_wconf 87' lang='lat' dir='ltr'>regno</span> <span class='ocrx_word' id='word_1_254' title='bbox 1413 2215 1497 2251; x_wconf 86' lang='lat' dir='ltr'>eius</span> 
     </span>
     <span class='ocr_line' id='line_1_31' title="bbox 77 2285 1423 2334; baseline 0.001 -13"><span class='ocrx_word' id='word_1_255' title='bbox 77 2285 220 2331; x_wconf 89' lang='lat' dir='ltr'>vivere,</span> <span class='ocrx_word' id='word_1_256' title='bbox 255 2298 375 2334; x_wconf 89' lang='lat' dir='ltr'>quem</span> <span class='ocrx_word' id='word_1_257' title='bbox 407 2286 608 2322; x_wconf 88' lang='lat' dir='ltr'>vindicem</span> <span class='ocrx_word' id='word_1_258' title='bbox 642 2291 762 2334; x_wconf 89' lang='lat' dir='ltr'>atque</span> <span class='ocrx_word' id='word_1_259' title='bbox 795 2291 1004 2323; x_wconf 89' lang='lat' dir='ltr'>auctorem</span> <span class='ocrx_word' id='word_1_260' title='bbox 1036 2287 1186 2323; x_wconf 87' lang='lat' dir='ltr'>habeat</span> <span class='ocrx_word' id='word_1_261' title='bbox 1218 2286 1423 2323; x_wconf 89' lang='lat' dir='ltr'>libertatis.</span> 
     </span>
    </p>

    <p class='ocr_par' dir='ltr' id='par_1_3' title="bbox 77 2349 1582 2686">
     <span class='ocr_line' id='line_1_32' title="bbox 194 2349 1582 2406; baseline 0.001 -14"><span class='ocrx_word' id='word_1_262' title='bbox 194 2356 302 2392; x_wconf 91' lang='lat' dir='ltr'>Dum</span> <span class='ocrx_word' id='word_1_263' title='bbox 331 2357 417 2393; x_wconf 88' lang='lat' dir='ltr'>haec</span> <span class='ocrx_word' id='word_1_264' title='bbox 444 2362 649 2405; x_wconf 89' lang='lat' dir='ltr'>geruntur,</span> <span class='ocrx_word' id='word_1_265' title='bbox 680 2356 731 2402; x_wconf 88' lang='lat' dir='ltr'>Q.</span> <span class='ocrx_word' id='word_1_266' title='bbox 756 2357 904 2393; x_wconf 90' lang='lat' dir='ltr'>Fabius</span> <span class='ocrx_word' id='word_1_267' title='bbox 928 2357 1063 2394; x_wconf 91' lang='lat' dir='ltr'>Pictor</span> <span class='ocrx_word' id='word_1_268' title='bbox 1089 2358 1246 2406; x_wconf 88' lang='lat' dir='ltr'>legatus</span> <span class='ocrx_word' id='word_1_269' title='bbox 1275 2369 1297 2393; x_wconf 93' lang='lat' dir='ltr'>a</span> <span class='ocrx_word' id='word_1_270' title='bbox 1324 2355 1493 2404; x_wconf 87' lang='lat' dir='ltr'>Delphis</span> <span class='ocrx_word' id='word_1_271' title='bbox 1557 2349 1582 2394; x_wconf 93' lang='grc' dir='ltr'>ΙΙ</span> 
     </span>
     <span class='ocr_line' id='line_1_33' title="bbox 77 2426 1495 2476; baseline -0.002 -12"><span class='ocrx_word' id='word_1_272' title='bbox 77 2427 251 2464; x_wconf 91' lang='lat' dir='ltr'>Romam</span> <span class='ocrx_word' id='word_1_273' title='bbox 263 2427 394 2471; x_wconf 88' lang='lat' dir='ltr'>rediit,</span> <span class='ocrx_word' id='word_1_274' title='bbox 407 2439 731 2476; x_wconf 89' lang='lat' dir='ltr'>responsumque</span> <span class='ocrx_word' id='word_1_275' title='bbox 748 2439 796 2463; x_wconf 85' lang='lat' dir='ltr'>ex</span> <span class='ocrx_word' id='word_1_276' title='bbox 809 2427 958 2476; x_wconf 88' lang='lat' dir='ltr'>scripto</span> <span class='ocrx_word' id='word_1_277' title='bbox 970 2427 1162 2464; x_wconf 87' lang='lat' dir='ltr'>recitavit.</span> <span class='ocrx_word' id='word_1_278' title='bbox 1206 2427 1296 2463; x_wconf 91' lang='lat' dir='ltr'>Divi</span> <span class='ocrx_word' id='word_1_279' title='bbox 1312 2426 1495 2473; x_wconf 89' lang='lat' dir='ltr'>divaeque</span> 
     </span>
     <span class='ocr_line' id='line_1_34' title="bbox 77 2494 1536 2546; baseline -0.001 -12"><span class='ocrx_word' id='word_1_280' title='bbox 77 2497 117 2534; x_wconf 92' lang='lat' dir='ltr'>in</span> <span class='ocrx_word' id='word_1_281' title='bbox 141 2509 192 2534; x_wconf 91' lang='lat' dir='ltr'>eo</span> <span class='ocrx_word' id='word_1_282' title='bbox 217 2502 343 2542; x_wconf 87' lang='lat' dir='ltr'>erant,</span> <span class='ocrx_word' id='word_1_283' title='bbox 369 2497 514 2545; x_wconf 88' lang='lat' dir='ltr'>quibus</span> <span class='ocrx_word' id='word_1_284' title='bbox 540 2509 703 2545; x_wconf 92' lang='lat' dir='ltr'>quoque</span> <span class='ocrx_word' id='word_1_285' title='bbox 726 2499 854 2534; x_wconf 90' lang='lat' dir='ltr'>modo</span> <span class='ocrx_word' id='word_1_286' title='bbox 879 2498 1189 2546; x_wconf 89' lang='lat' dir='ltr'>supplicaretur;</span> <span class='ocrx_word' id='word_1_287' title='bbox 1216 2502 1318 2533; x_wconf 90' lang='lat' dir='ltr'>tum:</span> <span class='ocrx_word' id='word_1_288' title='bbox 1358 2496 1422 2532; x_wconf 71' lang='lat' dir='ltr'>«Si</span> <span class='ocrx_word' id='word_1_289' title='bbox 1440 2494 1536 2533; x_wconf 67' lang='lat' dir='ltr'>ita?</span> 
     </span>
     <span class='ocr_line' id='line_1_35' title="bbox 78 2567 1494 2615; baseline -0.001 -11"><span class='ocrx_word' id='word_1_290' title='bbox 78 2567 222 2612; x_wconf 85' lang='lat' dir='ltr'>faxitis,</span> <span class='ocrx_word' id='word_1_291' title='bbox 240 2568 428 2611; x_wconf 84' lang='lat' dir='ltr'>Romani,</span> <span class='ocrx_word' id='word_1_292' title='bbox 447 2572 588 2604; x_wconf 86' lang='lat' dir='ltr'>vestrae</span> <span class='ocrx_word' id='word_1_293' title='bbox 604 2579 668 2604; x_wconf 89' lang='lat' dir='ltr'>res</span> <span class='ocrx_word' id='word_1_294' title='bbox 685 2567 873 2604; x_wconf 89' lang='lat' dir='ltr'>meliores</span> <span class='ocrx_word' id='word_1_295' title='bbox 892 2567 1174 2615; x_wconf 87' lang='lat' dir='ltr'>facilioresque</span> <span class='ocrx_word' id='word_1_296' title='bbox 1192 2572 1319 2611; x_wconf 88' lang='lat' dir='ltr'>erunt,</span> <span class='ocrx_word' id='word_1_297' title='bbox 1347 2567 1494 2615; x_wconf 84' lang='lat' dir='ltr'>magis-</span> 
     </span>
     <span class='ocr_line' id='line_1_36' title="bbox 78 2636 1493 2686; baseline -0.001 -12"><span class='ocrx_word' id='word_1_298' title='bbox 78 2649 155 2686; x_wconf 87' lang='lat' dir='ltr'>que</span> <span class='ocrx_word' id='word_1_299' title='bbox 181 2649 229 2674; x_wconf 87' lang='lat' dir='ltr'>ex</span> <span class='ocrx_word' id='word_1_300' title='bbox 254 2637 455 2674; x_wconf 88' lang='lat' dir='ltr'>sententia</span> <span class='ocrx_word' id='word_1_301' title='bbox 472 2649 535 2674; x_wconf 90' lang='lat' dir='ltr'>res</span> <span class='ocrx_word' id='word_1_302' title='bbox 553 2637 713 2686; x_wconf 86' lang='lat' dir='ltr'>publica</span> <span class='ocrx_word' id='word_1_303' title='bbox 730 2642 861 2674; x_wconf 88' lang='lat' dir='ltr'>vestra</span> <span class='ocrx_word' id='word_1_304' title='bbox 878 2638 993 2674; x_wconf 87' lang='lat' dir='ltr'>vobis</span> <span class='ocrx_word' id='word_1_305' title='bbox 1010 2637 1220 2686; x_wconf 87' lang='lat' dir='ltr'>procedet,</span> <span class='ocrx_word' id='word_1_306' title='bbox 1247 2636 1493 2684; x_wconf 85' lang='lat' dir='ltr'>victoriaque</span> 
     </span>
    </p>
   </div>
  </div>
 </body>
</html>
