1789 2955
573 108 678 140 Liber
705 108 814 139 xxv.
860 107 914 150 (A.
935 108 998 139 Ch.
1019 106 1113 150 212.)
1464 107 1548 149 243

127 241 236 278 idem
254 245 412 278 ceteros
430 239 564 277 facere
581 239 692 276 iubet
709 239 982 287 hortaturque,
1006 244 1062 284 ut,
1081 239 1195 287 quod
1212 250 1335 275 unum
1352 238 1546 287 reliquum

129 311 289 348 fortuna
313 310 465 354 fecerit,
489 310 534 346 id
557 310 829 346 cohonestent
853 309 1008 346 virtute.
1057 308 1269 357 Reliquum
1295 314 1431 345 autem
1449 309 1546 358 quid
1568 306 1619 348 18

127 393 218 419 esse
252 381 391 430 paucis
424 393 448 416 a
479 379 734 416 multitudine
766 379 807 415 in
839 379 940 415 valle
973 379 1070 416 silva
1103 392 1150 417 ac
1182 379 1388 416 montibus
1421 384 1548 428 saepta

128 451 406 488 circumventis
445 455 589 499 praeter
628 447 827 486 mortem?
873 449 921 484 Id
952 449 1113 493 referre,
1155 455 1285 486 utrum
1318 450 1546 498 praebentes
1565 447 1616 488 19

128 533 300 571 corpora
327 532 522 570 pecorum
539 521 673 557 -modo
697 519 810 556 inulti
835 519 1097 564 trucidentur,
1127 532 1180 556 an
1203 520 1276 556 toti
1302 532 1326 556 a
1348 519 1546 569 patiendo

127 592 488 641 exspectandoque
513 596 658 627 eventu
682 590 724 626 in
747 590 941 638 impetum
966 594 1087 638 atque
1112 589 1210 626 iram
1237 590 1350 635 versi,
1377 596 1547 639 agentes

126 663 420 710 audentesque,
447 661 597 710 perfusi
619 661 794 698 hostium
813 673 968 705 cruore,
993 660 1096 697 inter
1113 660 1400 709 exspirantium
1418 661 1547 697 inimi-

127 745 265 770 corum
297 732 500 769 cumulata
529 744 720 780 armaque
746 737 786 768 et
810 743 982 780 corpora
1008 731 1172 768 cadant.
1220 731 1431 768 Lucanum
1454 743 1546 781 pro·
1559 727 1617 769 20

126 802 300 839 ditorem
340 815 387 839 ac
419 802 669 851 transfugam
704 814 846 838 omnes
879 807 1082 850 peterent;
1124 801 1190 850 qui
1223 815 1314 838 eam
1346 802 1547 839 victimam

126 885 207 922 prae
240 885 283 910 se
316 874 370 909 ad
401 871 554 909 inferos
586 872 771 916 misisset,
813 884 904 908 eum
937 873 1063 910 decus
1096 872 1297 916 eximium,
1341 873 1547 921 egregium

126 943 313 980 solatium
338 956 419 980 suae
445 943 562 980 morti
580 943 847 979 inventurum.
895 942 1003 979 Inter
1021 943 1106 980 haec
1125 942 1234 979 dicta
1251 943 1545 992 paludamento
1560 940 1611 980 21

126 1013 232 1051 circa
263 1015 405 1051 laevum
438 1013 644 1050 brachium
676 1014 828 1050 intorto
861 1012 970 1064 (nam
1002 1026 1055 1050 ne
1079 1019 1192 1051 scuta
1216 1013 1382 1062 quidem
1406 1026 1543 1051 secum

126 1082 363 1135 extulerant)
395 1085 435 1121 in
469 1085 608 1121 hostes
640 1085 834 1132 impetum
866 1084 974 1122 fecit.
1049 1083 1181 1121 Maior
1213 1097 1334 1132 quam
1367 1097 1440 1133 pro
1474 1097 1545 1121 nu·
1561 1081 1616 1121 22

125 1168 237 1192 mero
262 1155 470 1192 hominum
496 1155 627 1191 editur
651 1168 801 1203 pugna.
850 1155 993 1192 Iaculis
1018 1155 1191 1191 maxime
1216 1160 1357 1204 aperta
1375 1167 1547 1204 corpora

124 1227 416 1271 Romanorum,
447 1223 521 1277 [et]
550 1238 673 1274 quum
702 1226 882 1274 undique
906 1239 954 1262 ex
979 1226 1186 1263 altioribus
1210 1226 1309 1262 locis
1333 1225 1374 1262 in
1402 1237 1542 1262 cavam

123 1297 266 1333 vallem
285 1297 494 1334 coniectus
511 1301 631 1341 esset,
650 1296 948 1344 transfiguntur.
998 1296 1228 1333 Gracchum
1244 1297 1324 1332 iam
1343 1298 1540 1333 nudatum
1555 1293 1610 1333 23

124 1367 314 1417 praesidio
346 1368 477 1403 vivum
510 1379 657 1415 capere
688 1366 803 1403 Poeni
836 1366 1014 1404 nituntur
1025 1379 1034 1411 ;
1076 1372 1252 1404 ceterum
1286 1367 1548 1416 conspicatus

125 1438 336 1475 Lucanum
352 1437 555 1487 hospitem
572 1438 676 1473 inter
693 1437 832 1474 hostes
850 1439 958 1474 adeo
975 1438 1146 1475 infestus
1164 1438 1372 1474 confertos
1388 1436 1546 1480 invasit,

126 1513 169 1545 ut
199 1508 309 1557 parci
342 1508 377 1545 ei
410 1508 497 1545 sine
530 1508 743 1544 multorum
777 1508 955 1557 pernicie
979 1521 1064 1545 non
1089 1514 1242 1558 posset.
1307 1509 1545 1544 Exanimem
1562 1505 1618 1546 24

126 1591 218 1614 eum
260 1578 385 1627 Mago
429 1579 632 1627 extemplo
675 1579 729 1614 ad
769 1578 1041 1615 Hannibalem
1084 1579 1191 1615 misit
1231 1579 1412 1627 ponique
1456 1591 1545 1615 cum

126 1649 254 1698 captis
287 1649 403 1685 simul
436 1649 612 1685 fascibus
646 1654 740 1685 ante
774 1649 944 1685 tribunal
977 1649 1231 1698 imperatoris
1263 1649 1390 1686 iussit.

242 1718 294 1756 Si
317 1720 401 1756 haec
431 1731 524 1755 vera
549 1719 657 1755 fama
681 1725 754 1763 est,
785 1718 993 1756 Gracchus
1017 1720 1058 1756 in
1081 1719 1257 1757 Lucanis
1282 1721 1337 1756 ad
1362 1732 1544 1769 campos,
1562 1717 1617 1757 25

126 1791 192 1838 qui
216 1789 387 1827 Veteres
411 1795 618 1834 vocantur,
644 1790 773 1838 periit.
829 1791 941 1835 Sunt,
968 1790 1034 1838 qui
1057 1790 1099 1827 in
1123 1802 1222 1839 agro
1248 1790 1542 1827 Beneventano
1607 1786 1649 1829 17

125 1873 253 1910 prope
279 1860 466 1897 Calorem
499 1861 659 1897 fluvium
693 1861 961 1905 contendant,
996 1874 1019 1898 a
1053 1862 1192 1898 castris
1226 1873 1317 1898 cum
1342 1860 1547 1897 lictoribus

126 1943 174 1968 ac
201 1931 325 1968 tribus
353 1931 475 1968 servis
504 1931 667 1967 lavandi
698 1943 821 1967 causa
850 1943 1122 1980 progressum,
1157 1944 1280 1980 quum
1310 1931 1414 1968 forte
1444 1930 1586 1969 inter?

126 2002 266 2039 salicta
303 2002 444 2038 innata
486 2001 581 2050 ripis
613 2002 785 2038 laterent
817 2002 968 2047 hostes,
1010 2004 1164 2039 nudum
1197 2008 1319 2051 atque
1351 2002 1546 2038 inermem

126 2072 326 2120 saxisque,
352 2084 441 2120 quae
467 2072 588 2108 volvit
611 2072 753 2117 amnis,
780 2078 1109 2122 propugnantem
1127 2073 1397 2109 interfectum.
1432 2073 1544 2116 Sunt,
1560 2070 1585 2110 3

126 2142 193 2191 qui
226 2143 482 2191 haruspicum
514 2142 669 2179 monitu
702 2143 947 2192 quingentos
981 2156 1125 2193 passus
1150 2157 1173 2180 a
1199 2144 1338 2181 castris
1362 2156 1548 2192 progres-

126 2225 226 2257 sum,
257 2212 312 2249 uti
337 2213 430 2249 loco
454 2225 556 2261 puro
582 2225 644 2258 ea,
676 2226 765 2261 quae
794 2220 888 2250 ante
919 2214 1028 2252 dieta
1052 2214 1242 2263 prodigia
1267 2219 1372 2258 sunt,
1403 2225 1548 2263 procu-

125 2288 243 2327 raret,
273 2283 325 2320 ab
354 2282 624 2320 insidentibus
653 2284 755 2320 forte
779 2285 912 2321 locum
936 2285 1095 2321 duabus
1119 2284 1257 2321 turmis
1281 2284 1546 2321 Numidarum

126 2354 438 2391 circumventum
472 2354 661 2391 scribant.
725 2355 844 2391 Adeo
877 2367 954 2392 nec
976 2356 1090 2392 locus
1114 2367 1192 2392 nee
1214 2354 1316 2391 ratio
1343 2355 1481 2391 mortis
1506 2353 1546 2389 in

125 2424 209 2461 viro
242 2429 324 2460 tam
356 2424 464 2461 claro
498 2430 537 2461 et
556 2424 716 2474 insigni
748 2431 922 2462 constat.
986 2426 1153 2462 Funeris
1181 2438 1345 2474 quoque
1371 2421 1585 2462 Gracchi4

126 2494 234 2531 varia
266 2500 327 2531 est
359 2493 480 2531 fama.
553 2495 628 2531 Alii
660 2494 705 2531 in'
734 2495 874 2532 castris
906 2496 1102 2532 Romanis
1136 2496 1334 2544 sepultum
1367 2495 1419 2530 ab
1452 2494 1545 2538 suis,

127 2564 191 2600 alii
221 2565 271 2601 ab
299 2564 530 2602 Hannibale
561 2564 616 2616 (et
639 2578 688 2602 ea
713 2566 910 2614 vulgatior
935 2566 1043 2602 fama
1067 2563 1141 2616 est)
1171 2566 1336 2601 tradunt
1364 2565 1405 2601 in
1430 2564 1547 2601 vesti—

127 2635 221 2672 bulo
250 2635 495 2673 Punicorum
521 2642 743 2673 castrorum
770 2648 912 2685 rogum
943 2641 1186 2673 exstructum
1216 2647 1320 2680 esse,
1351 2633 1588 2672 armatumss

1198 2702 1261 2736 16*
