1789 2955
489 101 604 135 Liber
628 100 774 136 XXVI.
826 102 889 145 (A.
917 101 980 135 Oh.
1006 102 1098 144 211.)
1460 105 1509 142 19

69 222 190 266 ’νθεῒθ
220 230 386 274 texerat,
417 241 487 278 per
517 227 725 266 adversum
757 231 894 277 pectus
920 228 1145 275 transfixus,
1177 231 1267 266 ante
1287 229 1407 278 pedes
1440 229 1510 266 im-

79 300 275 350 peratoris
306 300 568 338 moribundus
598 300 822 350 procubuit.

196 370 302 417 Quia
341 374 390 418 et,
428 371 535 421 quod
581 371 631 409 ad.
675 371 913 420 supplicium
953 371 1099 408 attinet
1134 371 1438 421 Campanorum,
1477 374 1515 409 et
1601 368 1651 415 16

79 441 272 491 pleraque
303 443 383 480 alia
414 442 461 479 de
488 442 625 480 Flacci
655 443 774 479 unius
811 443 1007 479 sententia
1038 446 1126 480 acta
1157 447 1281 490 erant,
1311 446 1511 480 mortuum

79 511 187 562 App.
218 513 429 551 Claudium
457 515 528 551 sub
550 514 794 551 deditionem
823 514 970 563 Capuae
1005 515 1166 563 quidam
1197 515 1381 561 tradunt3
1412 515 1516 551 hunc
1535 516 1557 551 2

81 598 238 634 quoque
261 586 391 635 ipsum
413 585 609 624 Tauream
635 600 764 635 neque
790 599 861 623 sua
886 589 1028 635 sponte
1056 587 1212 624 venisse
1240 586 1354 624 Cales
1383 600 1511 636 neque

79 670 150 695 sua
172 669 290 693 manu
310 659 574 705 interfectum,
593 659 675 704 sed,
693 671 811 707 quum
835 658 940 695 inter
961 661 1112 695 ceteros
1138 658 1188 696 ad
1204 658 1339 708 palum
1361 658 1510 707 deliga-

76 734 142 769 tus
164 731 396 781 quadraret,
423 731 516 780 quia
538 744 677 779 parum
697 730 801 767 inter
818 730 1006 779 strepitus
1026 730 1208 767 exaudiri
1233 734 1404 779 possent,
1421 743 1510 779 quae

77 803 383 849 vociferaretur,
413 803 613 839 silentium
645 802 731 839 fieri
763 802 952 839 Flaccum
988 802 1167 848 iussisse3
1197 806 1280 838 tum
1318 801 1515 838 Tauream
1534 801 1557 837 3

76 876 159 922 illa,
182 887 270 925 quae
287 877 377 911 ante
398 877 617 911 memorata
637 877 740 920 sunt,
776 873 936 920 dixisse,
954 873 1086 910 Virum
1111 887 1149 910 se
1170 874 1428 911 fortissimum
1461 874 1509 911 ab

77 959 328 997 nequaquam
357 946 446 995 pari
475 945 525 983 ad
547 946 734 983 virtutem
765 945 911 991 occidi,
943 945 1015 982 sub
1042 945 1126 982 haeo
1153 946 1259 983 dicta
1286 947 1394 983 iussu
1420 959 1510 995 pro-

76 1019 250 1057 consulis
280 1030 503 1068 praeconem
536 1017 592 1053 ita
625 1018 923 1066 pronuntiasse:
959 1017 1134 1063 „Lictor,
1164 1018 1251 1054 viro
1283 1018 1377 1054 forti
1408 1017 1510 1054 adde

76 1092 210 1140 virgas
243 1094 282 1127 et
310 1090 351 1126 in
383 1103 471 1126 eum
509 1090 682 1139 primum
714 1089 816 1136 lege*
835 1092 944 1136 age.“
1014 1089 1183 1126 Lectum
1215 1103 1372 1138 quoque
1405 1088 1555 1126 sena-4

75 1166 139 1200 tus
162 1163 398 1208 consultum,
425 1162 658 1211 priusquam
676 1161 804 1198 securi
833 1160 982 1207 feriret,
1008 1161 1169 1210 quidam
1197 1165 1379 1198 auctores
1408 1163 1510 1208 sunt,

76 1235 145 1273 sed
164 1235 258 1284 quia
285 1233 531 1282 adscriptum
550 1233 590 1269 in
618 1235 777 1269 senatus
804 1232 984 1268 consulto
1009 1233 1142 1279 fuerit,
1170 1233 1203 1269 si
1232 1233 1265 1269 ei
1291 1232 1510 1279 videretur,

75 1307 273 1355 integram
303 1318 384 1341 rem
417 1304 466 1341 ad
501 1307 681 1341 senatum
711 1305 908 1350 reiiceret,
948 1305 1255 1353 interpretatum
1288 1318 1380 1351 esse,
1412 1303 1509 1353 quid

74 1378 200 1427 magis
232 1391 251 1413 e
282 1390 324 1413 re
355 1377 518 1426 publica
548 1376 719 1422 duceret,
752 1376 1052 1413 aestimationem
1083 1376 1163 1413 sibi
1193 1376 1437 1425 permissam.

189 1448 366 1498 Capuam
397 1462 418 1485 a
450 1448 613 1486 Calibus
645 1449 817 1485 reditum
850 1452 919 1493 est,
961 1448 1181 1497 Atellaque
1213 1450 1251 1484 et
1283 1447 1440 1484 Calatia
1470 1448 1511 1484 in
1533 1446 1555 1484 5

76 1522 321 1559 deditionem
360 1524 554 1570 acceptae3
598 1521 655 1557 ibi
695 1534 852 1570 quoque
899 1520 940 1556 in
982 1533 1058 1566 eos,
1098 1519 1167 1568 qui
1205 1519 1339 1569 capita
1377 1533 1509 1556 rerum

76 1597 200 1640 erant,
231 1592 564 1631 animadversum.
626 1592 691 1629 Ita
722 1592 771 1628 ad
813 1592 1069 1641 septuaginta
1109 1592 1311 1641 principes
1357 1592 1556 1629 senatusss

76 1665 288 1711 interfecti,
314 1665 484 1710 trecenti
505 1665 628 1701 ferme
655 1663 811 1700 nobiles
838 1663 1032 1713 Campani
1060 1664 1100 1700 in
1127 1677 1325 1701 carcerem
1346 1663 1509 1710 conditi,

75 1736 147 1774 alii
174 1749 245 1786 per
272 1736 468 1774 sociorum
485 1736 624 1772 Latini
642 1736 812 1772 nominis
839 1735 958 1772 urbes
983 1736 1022 1772 in
1049 1735 1249 1772 custodias
1273 1735 1368 1782 dati,
1384 1735 1510 1772 variis

74 1808 234 1845 casibus
260 1808 515 1854 interierunt;
550 1807 762 1844 multitudo
781 1807 861 1844 alia
884 1807 1031 1844 civium
1051 1807 1343 1856 Campanorum
1360 1820 1508 1844 venun-

75 1880 179 1917 data.
237 1879 302 1917 De
333 1881 430 1917 urbe
462 1893 638 1929 agroque
683 1880 835 1928 reliqua
866 1879 1106 1916 consultatio
1145 1879 1232 1925 fuit,
1275 1878 1514 1928 quibusdam
1535 1878 1556 1913 7

76 1951 287 1990 delendam
306 1952 559 1989 censentibus
589 1950 729 1988 urbem
758 1950 1030 2000 praevalidam,
1057 1951 1334 2000 propinquam,
1374 1950 1507 1987 inimi-

74 2037 181 2070 cam;
213 2027 385 2060 ceterum
411 2037 588 2073 praesens
607 2023 765 2060 utilitas
782 2022 897 2068 vicit,
930 2036 1019 2059 nam
1036 2026 1201 2072 propter
1218 2036 1368 2072 agrum,
1393 2036 1509 2071 quem

75 2096 184 2132 omni
215 2095 425 2133 fertilitate
454 2098 571 2132 terrae
603 2095 699 2132 satis
738 2094 945 2130 constabat
982 2095 1153 2143 primum
1185 2094 1225 2130 in
1257 2094 1380 2131 Italia
1411 2107 1506 2144 esse,

73 2167 169 2204 urbs
201 2170 357 2204 servata
388 2171 457 2213 est,
495 2169 540 2203 ut
583 2169 686 2203 esset
716 2166 850 2215 aliqua
881 2169 1083 2203 aratorum
1114 2166 1240 2203 sedes.
1301 2166 1405 2203 Urbi
1435 2166 1510 2202 fre·
1529 2165 1553 2201 8

74 2237 312 2287 quentandae
334 2238 547 2275 multitudo
573 2238 791 2275 incolarum
829 2238 1187 2287 libertinorumque
1212 2241 1251 2275 et
1276 2238 1507 2275 institorum

75 2308 341 2359 opificumque
371 2313 546 2356 retenta3
580 2323 673 2357 ager
704 2310 830 2346 omnis
862 2312 900 2346 et
928 2312 1035 2347 tecta
1065 2310 1227 2359 publica
1260 2310 1401 2359 populi
1427 2310 1506 2346 Ro-

73 2381 181 2418 mani
212 2382 326 2419 facta.
387 2380 572 2418 Ceterum
589 2381 766 2418 habitari
793 2384 946 2418 tantum
965 2384 1155 2431 tanquam
1171 2382 1310 2418 urbem
1328 2381 1505 2430 Capuam
1524 2381 1547 2416 9

72 2451 401 2502 frequentarique
433 2452 596 2502 placuit,
637 2466 779 2502 corpus
819 2453 973 2490 nullum
1012 2453 1185 2491 civitatis
1223 2466 1295 2489 nec
1326 2455 1505 2489 senatum

73 2536 146 2560 nec
178 2524 308 2573 plebis
336 2524 550 2562 concilium
577 2538 648 2562 nec
674 2524 930 2573 magistratus
960 2538 1066 2562 esse:
1097 2526 1182 2562 sine
1214 2524 1382 2561 consilio
1409 2524 1506 2573 pub·
1528 2524 1579 2560 10

74 2594 163 2642 lico,
194 2595 277 2632 sine
308 2596 476 2646 imperio
508 2596 820 2646 multitudinem,
864 2596 1013 2633 nullius
1050 2597 1107 2633 rei
1139 2596 1245 2632 inter
1275 2608 1314 2632 se
1345 2595 1504 2641 sociam,

77 2666 128 2704 ad
156 2679 388 2704 consensum
413 2668 629 2706 inhabilem
656 2668 754 2714 fore3
790 2668 1019 2717 praefectum
1044 2667 1093 2704 ad
1119 2667 1208 2704 iura
1233 2666 1438 2704 reddenda
1455 2667 1504 2704 ab

1187 2736 1230 2769 2*
