1768 2943
238 104 290 144 76
395 104 398 106 v
662 101 764 132 Liber
790 101 900 132 xxn.
937 99 992 142 (A.
1020 112 1050 132 u.
1078 112 1107 133 c.
1134 100 1228 144 537.)

199 232 222 271 8
237 233 429 270 exaudito
448 238 516 269 aut
533 232 806 282 aperientibus
824 234 995 270 classem
1013 234 1313 283 promuntoriis,
1339 247 1462 283 quum
1484 241 1652 284 repente

236 316 360 352 eques
387 304 486 340 alius
511 315 630 352 super
648 303 768 340 alium
793 304 844 340 ab
869 303 1126 340 Hasdrubale
1151 304 1294 341 missus
1320 317 1447 354 vagos
1471 305 1512 341 in
1537 305 1652 342 litore

235 375 476 423 quietosque
507 374 548 410 in
581 374 763 411 tentoriis
803 375 896 419 suis,
937 375 1032 410 nihil
1071 375 1356 423 minus-quam
1395 375 1554 412 hostem
1587 381 1655 412 aut

236 445 419 493 proelium
436 456 487 481 eo
506 445 572 480 die
591 450 887 493 exspectantes,
907 446 1187 482 conscendere
1205 457 1330 482 naves
1348 457 1520 494 propere
1534 450 1655 494 atque

236 528 347 552 arma
371 527 517 564 capere
543 515 670 551 iubet:
706 515 877 552 classem
894 516 1123 551 Romanam
1148 516 1227 551 iam
1252 515 1362 551 haud
1379 516 1518 564 procul
1536 520 1654 564 portu

198 584 223 623 9
237 598 341 623 esse.
393 585 489 622 Haec
513 586 669 634 equites
694 587 847 623 dimissi
872 572 1023 635 passim
1047 586 1321 634 imperabant;
1355 597 1449 622 mox
1474 585 1656 622 Hasdru-

237 657 302 692 bal
335 656 421 705 ipse
456 668 545 693 cum
579 657 689 692 omni
715 657 891 693 exercitu
916 657 1071 701 aderat,
1105 657 1297 704 varioque
1322 657 1459 693 omnia
1486 657 1654 693 tumultu

237 732 430 775 strepunt,
475 727 681 763 ruentibus
719 727 760 763 in
798 739 923 763 naves
962 727 1077 763 simul
1115 727 1332 775 remigibus
1371 727 1655 775 militibusque,

238 797 476 845 fugientium
508 797 638 845 magis
672 809 694 833 e
726 803 830 833 terra
863 809 984 844 quam
1016 797 1057 832 in
1090 809 1268 846 pugnam
1302 798 1480 834 euntium
1514 798 1655 834 modo.

173 865 226 905 10
238 867 415 903 Vixdum
441 879 584 904 omnes
612 868 952 911 conscenderant,
987 879 1109 915 quum
1135 867 1199 903 alii
1222 868 1408 905 resolutis
1432 868 1511 905 oris
1528 868 1569 904 in
1587 880 1658 904 an-

238 949 354 973 coras
373 937 608 982 evehuntur,
635 938 712 982 alii,
739 951 791 974 ne
809 938 907 985 quid
925 942 1075 981 teneat,
1102 939 1307 974 ancoralia
1332 938 1516 975 incidunt
1526 950 1534 982 ;
1568 950 1658 987 rap-

238 1007 388 1055 timque
408 1007 545 1044 omnia
563 1021 607 1043 ac
623 1020 881 1057 praepropere
899 1009 1078 1056 agendo,
1099 1008 1265 1044 militum
1283 1014 1480 1058 apparatu
1497 1009 1660 1046 nautica

238 1078 458 1114 ministeria
475 1078 761 1127 impediuntur,
781 1079 1055 1127 trepidatione
1074 1084 1285 1115 nautarum
1305 1092 1450 1128 capere
1467 1084 1506 1116 et
1519 1085 1658 1128 aptare

174 1149 221 1187 11
240 1160 350 1184 arma
382 1149 496 1185 miles
529 1150 777 1197 prohibetur.
826 1149 878 1185 Et
910 1149 990 1185 iam
1012 1150 1221 1186 Romanus
1250 1162 1334 1186 non
1357 1150 1658 1199 appropinqua-

239 1220 308 1255 bat
329 1219 471 1263 m0d0‚
496 1220 571 1255 sed
594 1220 796 1256 direxerat
817 1220 939 1256 etiam
960 1220 1001 1256 in
1024 1232 1202 1268 pugnam
1226 1232 1363 1256 naves.
1411 1220 1552 1268 Itaque
1575 1232 1659 1256 non

239 1290 290 1325 ab
323 1289 441 1326 hoste
474 1295 514 1325 et
546 1290 688 1338 proelio
723 1291 851 1339 magis
882 1290 998 1327 Poeni
1031 1303 1152 1338 quam
1192 1296 1352 1327 suomet
1383 1290 1458 1339 ipsi
1491 1291 1658 1326 tumultu

239 1360 398 1405 turbati,
432 1365 587 1397 tentata
610 1361 738 1397 verius
760 1373 898 1409 pugna
921 1373 1042 1409 quam
1064 1361 1175 1405 inita,
1208 1361 1249 1396 in
1273 1360 1409 1410 sugam
1432 1366 1660 1396 averterunt

174 1430 226 1470 12
240 1430 424 1475 classem,
458 1436 498 1467 et
522 1443 644 1479 quum
668 1431 827 1467 adversi
852 1431 982 1468 amnis
1007 1443 1053 1468 os
1078 1432 1160 1467 lato
1186 1431 1335 1480 agmini
1360 1436 1400 1467 et
1423 1437 1505 1467 tam
1529 1431 1660 1467 multis

239 1501 354 1536 simul
387 1501 641 1538 venientibus
674 1501 783 1537 haud
817 1513 915 1537 sane
948 1502 1133 1537 intrabile
1166 1508 1286 1546 esset,
1319 1502 1360 1537 in
1392 1502 1482 1538 litus
1510 1501 1660 1550 passim

238 1583 362 1607 naves
396 1577 578 1619 egerunt,
613 1578 734 1620 atque
768 1572 832 1608 alii
856 1572 984 1616 vadis,
1019 1572 1083 1607 alii
1106 1572 1215 1608 sicco
1239 1573 1353 1608 litore
1377 1572 1546 1620 excepti,
1571 1584 1661 1620 par-

239 1642 309 1677 tim
342 1642 496 1686 armati,
537 1643 682 1691 partim
724 1643 898 1678 inermes
939 1643 993 1678 ad
1032 1642 1267 1678 instructam
1305 1655 1376 1691 per
1407 1642 1497 1679 litus
1531 1642 1660 1678 aciem

240 1724 403 1748 suorum
437 1713 669 1762 perfugere3
704 1714 795 1749 duae
827 1718 964 1749 tamen
998 1713 1127 1761 primo
1162 1725 1360 1750 concursu
1390 1718 1518 1762 captae
1547 1718 1661 1749 erant

120 1779 180 1823 20
242 1783 404 1820 Punicae
426 1796 564 1828 naves,
588 1789 778 1832 quattuor
796 1795 1035 1832 suppressae.
1089 1784 1276 1828 Romani,
1301 1796 1534 1832 quanquam
1557 1789 1662 1819 terra

242 1854 418 1890 hostium
451 1859 537 1890 erat
570 1859 848 1902 armatamque
881 1854 1008 1890 aciem
1043 1859 1131 1890 toto
1164 1859 1402 1902 praetentam
1436 1852 1511 1905 [in]
1545 1855 1660 1891 litore

200 1922 225 1962 2
240 1924 474 1969 cernebant,
508 1924 619 1959 haud
637 1929 873 1960 cunctanter
891 1924 1060 1961 insecuti
1078 1925 1278 1973 trepidam
1297 1925 1472 1961 hostium
1490 1925 1662 1962 clasSem

239 2006 363 2030 naves
397 2006 553 2038 omnes,
588 2007 677 2042 quae
708 2006 792 2031 non
826 2000 894 2030 aut
926 1995 1204 2043 perfregerant
1230 2007 1371 2043 proras
1404 1995 1508 2031 litori
1539 1995 1661 2032 illisas

240 2069 308 2100 aut
355 2065 514 2101 carinas
561 2065 728 2100 fixerant
774 2066 908 2110 vadis,
964 2066 1152 2114 religatas
1200 2065 1402 2114 puppibus
1449 2065 1491 2102 in
1539 2066 1661 2102 altum

244 2140 470 2179 extraxere;
505 2136 558 2170 ad
581 2135 759 2183 quinque
782 2141 822 2171 et
844 2136 982 2184 viginti
1005 2149 1129 2173 naves
1152 2149 1174 2172 e
1197 2136 1468 2184 quadraginta
1501 2148 1659 2185 cepere.

199 2204 224 2244 3
358 2204 502 2253 Neque
525 2206 567 2241 id
591 2206 900 2254 pulcherrimum
925 2206 1010 2242 eius
1033 2206 1208 2243 victoriae
1233 2206 1317 2251 suit,
1344 2207 1418 2242 sed
1443 2207 1555 2254 quod
1580 2219 1660 2243 una

199 2275 315 2314 4l'evi
347 2288 485 2324 pugna
518 2281 606 2312 toto
640 2276 725 2312 eius
759 2288 838 2313 orae
864 2277 962 2313 mari
991 2277 1107 2325 potiti
1133 2282 1259 2313 erant.
1308 2276 1448 2324 Itaque
1477 2278 1531 2313 ad
1549 2276 1661 2314 Onu-

242 2359 328 2383 sam
361 2347 490 2384 classe
523 2346 714 2395 profecti;
759 2347 946 2383 escensio
987 2348 1038 2383 ab
1078 2347 1247 2383 navibus
1279 2346 1319 2382 in
1359 2352 1504 2383 terram
1538 2347 1658 2384 facta.

242 2417 376 2463 Quum
393 2417 533 2453 urbem
551 2417 586 2452 vi
605 2417 809 2465 cepissent
826 2422 1068 2465 captamque
1087 2417 1357 2466 diripuissent,
1374 2416 1662 2466 Carthaginem

201 2487 226 2523 ἶ)
241 2488 338 2524 inde
371 2492 526 2536 petunt,
560 2492 681 2535 atque
715 2499 878 2523 omnem
900 2500 1040 2536 agrum
1063 2488 1170 2524 circa
1192 2487 1429 2536 depopulati
1451 2493 1659 2536 postremo

203 2559 227 2596 C»
245 2562 351 2595 tecta
375 2569 538 2606 quoque
561 2558 741 2594 iniuncta
759 2570 872 2594 muro
890 2558 1099 2606 portisque
1122 2558 1404 2595 incenderunt.
1452 2558 1553 2595 Inde
1581 2558 1661 2594 iam

242 2628 380 2676 praeda
402 2628 533 2676 gravis
556 2629 610 2664 ad
632 2627 931 2677 Longunticam
954 2628 1137 2677 pervenit
1160 2628 1312 2672 classis,
1342 2627 1409 2663 ubi
1432 2628 1490 2664 vis
1511 2639 1661 2676 magna
