1789 2955
554 103 658 133 Liber
677 102 802 133 xxiv.
851 101 904 144 (A.
933 103 996 133 Ch.
1024 101 1118 143 214.)
1457 102 1536 143 187

123 235 236 283 quod
267 234 321 270 ad
353 234 522 270 volones
555 233 754 277 attineret,
791 245 934 269 omnes
967 233 1022 269 ait
1054 234 1171 269 malle
1204 233 1392 269 laudatos
1426 245 1449 268 a
1482 245 1538 275 se,

121 305 272 354 dignos
294 304 582 352 indignosque,
609 315 730 351 quarn
755 315 999 350 quemquam
1018 315 1068 339 eo
1088 303 1153 338 die
1172 303 1411 351 castigatum
1430 313 1538 345 esse;

122 375 236 424 quod
259 375 426 417 bonum,
453 373 627 410 faustum
653 373 826 421 felixque
850 373 907 409 rei
925 373 1095 421 publicae
1113 372 1290 421 ipsisque
1309 379 1428 416 esset,
1455 384 1541 408 om-

121 457 195 482 nes
227 457 300 482 eos
331 444 480 480 liberos
513 455 603 480 esse
630 444 781 480 iubere.
844 444 909 480 Ad
934 455 1054 491 quam
1077 454 1219 479 vocem
1244 455 1365 490 quum
1391 443 1542 478 clamor
1561 439 1613 479 10

121 516 275 564 ingenti
315 514 520 551 alacritate
559 514 738 550 sublatus
771 519 879 550 esset
911 526 958 550 ac
990 526 1098 550 nunc
1132 513 1331 561 complexi
1363 513 1465 548 inter
1498 524 1540 548 se

120 586 464 635 gratulantesque,
497 597 605 621 nunc
638 597 782 621 manus
815 585 869 620 ad
894 585 1033 621 caelum
1057 585 1245 620 tollentes
1269 583 1380 619 bona
1404 581 1541 618 omnia

119 656 274 704 populo
296 655 490 692 Romanov
511 655 781 703 Gracchoque
814 655 889 703 ipsi
919 659 1192 703 precarentur,
1226 659 1309 690 tum
1333 652 1541 689 Gracchus

126 715 387 774 «Priusquam
414 737 556 762 omnes
579 726 664 761 iure
690 726 852 762 libertas
877 730 1102 773 tequasset»
1132 725 1272 772 inquit,
1312 724 1541 759 «neminem
1559 720 1609 760 11

121 801 220 833 nota
251 796 401 832 strenui
433 801 502 832 aut
532 796 666 844 ignavi
698 796 831 832 militis
863 801 1029 832 notasse
1062 795 1186 838 volui;
1222 806 1328 831 nunc
1357 794 1540 830 exsoluta
1557 791 1609 830 12

120 866 200 902 iam
230 866 311 903 fide
333 867 508 915 publica,
539 879 590 903 ne
615 867 831 904 discrimen
856 878 977 903 omne
1002 866 1153 902 virtutis
1177 865 1428 913 ignaviaeque
1454 876 1542 912 per-

121 942 201 982 eat,
225 937 394 974 nomina
417 949 570 982 eorum,
598 938 664 986 qui
689 938 923 973 detrectatae
947 948 1094 985 pugnae
1118 947 1319 971 memores
1346 935 1541 971 secessio-

120 1020 214 1044 nem
247 1008 368 1056 paulo
402 1012 496 1044 ante
529 1007 723 1051 fecerunt,
764 1008 900 1044 referri
933 1008 988 1043 ad
1020 1019 1084 1042 me
1117 1006 1280 1048 iubebo,
1316 1006 1541 1053 citatosque
1564 1001 1612 1041 13

121 1078 302 1126 singulos
327 1078 411 1114 iure
435 1078 608 1114 iurando
634 1078 812 1126 adigam,
838 1078 914 1114 nisi
941 1078 1003 1114 cui
1021 1077 1185 1113 morbus
1204 1087 1326 1112 causa
1345 1075 1430 1118 erit,
1457 1087 1542 1111 non

121 1148 235 1185 aliter
267 1133 389 1196 quam
413 1152 566 1184 stantes
591 1148 723 1184 cibum
747 1148 1053 1196 potionemque,
1088 1148 1228 1195 quoad
1253 1146 1456 1194 stipendia
1485 1146 1542 1181 fa-

121 1218 241 1263 cient,
268 1223 458 1267 capturos
483 1231 586 1255 esse.
634 1218 753 1255 Hanc
777 1219 942 1254 multam
967 1220 1022 1254 ita
1040 1230 1157 1266 aequo
1177 1218 1312 1253 animo
1333 1216 1480 1260 feretis,
1511 1216 1542 1252 si

121 1289 370 1337 reputabitis,
395 1289 504 1325 nulla
526 1289 696 1337 ignaviae
719 1294 818 1325 nota
836 1289 984 1325 leviore
1002 1300 1074 1324 vos
1093 1288 1298 1336 designari
1316 1273 1538 1336 potuisse.»

121 1359 288 1408 Signum
311 1360 465 1396 deinde
488 1359 707 1408 colligendi
733 1371 829 1395 vasa
847 1359 981 1403 dedit;
1008 1359 1234 1406 militesque
1251 1359 1432 1406 praedam
1449 1369 1542 1406 por·
1564 1354 1613 1393 14

122 1418 254 1466 tantes
279 1435 529 1478 agentesque
553 1442 624 1478 per
648 1430 851 1466 lasciviam
878 1442 924 1465 ac
949 1430 1083 1466 iocum
1108 1429 1162 1464 ita
1180 1428 1393 1464 ludibundi
1413 1427 1543 1463 Bene—

121 1504 283 1536 ventum
315 1499 486 1544 rediere,
520 1505 562 1535 ut
593 1501 644 1535 ab
677 1500 805 1548 epulis
830 1506 906 1546 per
939 1501 1139 1536 celebrem
1174 1499 1401 1547 festumque
1435 1499 1542 1534 diem
1562 1494 1613 1534 15

122 1570 234 1614 actis,
276 1582 359 1607 non
392 1583 440 1606 ex
473 1570 560 1606 acie
592 1562 734 1606 reverti
768 1570 1010 1606 viderentur.
1086 1569 1365 1606 Beneventani
1399 1581 1541 1605 omnes
1562 1565 1612 1603 1ss

122 1640 238 1676 turba
271 1640 398 1677 effusa
431 1653 552 1688 quum
579 1640 738 1676 obviam
765 1641 819 1675 ad
842 1645 980 1688 portas
1006 1641 1195 1684 exissent,
1231 1639 1446 1687 complecti
1472 1639 1542 1674 mi-

122 1710 224 1754 lites,
252 1711 455 1759 gratulari,
484 1723 631 1747 vocare
658 1711 698 1746 in
727 1711 958 1759 hospitium.
1019 1713 1225 1759 Apparata
1250 1710 1433 1746 convivia
1458 1705 1610 1745 orn-17

121 1780 239 1817 nibus
272 1781 311 1816 in
345 1782 560 1829 propatulo
595 1781 741 1817 aedium
776 1781 953 1825 fuerant3
989 1782 1043 1817 ad
1071 1794 1119 1817 ea
1146 1781 1382 1824 invitabant,
1417 1779 1543 1816 Grac-

123 1851 322 1899 chumque
342 1853 527 1895 orabant,
546 1857 588 1887 ut
606 1852 757 1900 epulari
776 1852 1024 1900 permitteret
1041 1851 1249 1894 militibus;
1277 1856 1315 1887 et
1334 1850 1542 1887 Gracchus

122 1922 176 1957 ita
223 1922 415 1970 permisit,
463 1922 502 1957 sz‘
545 1922 586 1958 in
634 1922 795 1970 publico
836 1923 1094 1970 epularentur
1133 1934 1276 1958 omnes
1317 1928 1410 1957 ante
1451 1934 1543 1958 suas
1564 1917 1613 1956 18

121 1991 291 2040 quisque
324 1992 444 2029 fores.
508 1993 669 2029 Prolata
702 1993 852 2029 omnia.
915 1993 1056 2029 Pileati
1080 1997 1149 2028 aut
1172 1993 1264 2028 lana
1289 1993 1380 2028 alba
1405 1992 1543 2028 velatis

122 2062 320 2110 capitibus
353 2063 522 2100 volones
555 2064 703 2112 epulati
737 2069 840 2108 sunt,
875 2064 939 2100 alii
974 2064 1233 2107 accubantes,
1276 2063 1341 2099 alii
1375 2068 1541 2107 stantes,

122 2133 189 2180 qui
222 2132 336 2169 simul
370 2134 651 2170 ministrabant
681 2134 1042 2182 vescebanturque.
1107 2133 1242 2181 Digna
1274 2146 1337 2170 res
1370 2134 1467 2176 visa,
1502 2139 1544 2169 ut
1563 2129 1612 2167 11)

123 2204 378 2240 Simulacrum
411 2204 600 2240 celebrati
634 2204 719 2240 eius
753 2204 834 2240 diei
867 2203 1089 2247 Gracchus,
1124 2209 1339 2253 postquam
1370 2205 1541 2240 Romam

122 2274 252 2318 rediit,
286 2275 397 2323 pingi
430 2275 585 2311 iuberet
615 2275 656 2311 in
690 2275 778 2310 aede
812 2274 1038 2318 Libertatis,
1083 2288 1204 2323 quam
1236 2280 1351 2323 pater
1385 2275 1469 2310 eius
1501 2275 1544 2310 in.

122 2345 323 2382 Aventino
343 2358 390 2382 ex
409 2346 627 2382 multaticia
646 2346 818 2394 pecunia
833 2345 1063 2381 faciendam
1077 2346 1227 2382 curavit
1242 2346 1540 2393 dedicavitque.

240 2415 347 2452 Dum
380 2416 465 2452 haec
498 2417 551 2452 ad
576 2416 853 2452 Beneventum
885 2422 1089 2464 geruntur,
1125 2416 1331 2452 Hannibal
1356 2416 1541 2463 depopu-
1607 2412 1647 2455 17

122 2486 224 2522 latus
258 2498 396 2535 agrum
428 2486 744 2535 Neapolitanum
777 2488 831 2522 ad
859 2487 1169 2525 Nolam.castra
1198 2491 1345 2522 movet.
1411 2486 1583 2530 Quem2

122 2556 190 2592 ubi
222 2558 442 2593 adventare
476 2558 617 2594 consul
651 2558 787 2600 sensit,
821 2558 1052 2606 Pomponio
1087 2562 1333 2605 propraetore
1367 2568 1457 2592 cum
1491 2568 1540 2592 eo

124 2627 311 2673 exercitu,
345 2628 411 2675 qui
445 2640 564 2676 super
587 2628 818 2664 Suessulam
848 2629 885 2664 in
912 2628 1052 2664 castris
1077 2632 1173 2670 erat,
1210 2626 1354 2670 accito,
1389 2627 1444 2662 ire
1470 2627 1541 2662 ob-
