1789 2955
286 79 338 115 94
668 74 785 109 Liber
810 74 978 110 xxvii.
1027 76 1090 119 (A.
1117 87 1150 110 u.
1177 87 1206 111 c.
1231 76 1327 119 546.)

284 205 489 247 venerunt,
528 203 650 239 ceteri
691 205 760 240 aut
799 202 999 239 interfecti
1039 204 1108 239 aut
1148 213 1235 238 cum
1274 203 1434 240 consule
1476 203 1750 253 effugerunt,

240 273 262 309 9
282 272 462 322 equitum
479 276 559 310 tres
577 276 615 310 et
633 273 901 323 quadraginta
918 277 986 310 aut
1002 274 1044 310 in
1061 272 1205 322 proelio
1224 276 1293 310 aut
1310 273 1351 310 in
1368 274 1464 323 fuga
1482 274 1724 322 ceciderunt,

215 345 266 381 10
284 344 562 393 duodeviginti
587 345 669 382 vivi
695 344 815 394 capti.
862 345 1167 382 Tumultuatum
1191 343 1233 380 in
1252 345 1395 383 castris
1411 346 1554 393 fuerat,
1570 351 1615 384 ut
1632 360 1721 385 con·

287 416 440 454 sulibus
464 416 571 453 irent
596 415 786 463 subsidio,
811 429 932 466 quum
950 415 1152 453 consulem
1169 418 1208 452 et
1223 415 1350 453 filium
1368 417 1534 455 alterius
1552 418 1722 457 consulis

290 488 448 525 saucios
473 488 720 536 exiguasque
742 487 915 526 infelicis
934 487 1201 538 expeditionis
1224 488 1418 537 reliquias
1442 489 1491 526 ad
1517 492 1645 527 castra
1661 503 1725 528 ve-

219 559 265 594 ll
285 559 443 596 nientes
476 563 651 596 cernunt.
703 559 815 598 Mors
841 560 1024 597 Marcelli
1047 572 1167 609 quum
1194 559 1345 609 alioqui
1371 560 1612 599 miserabilis
1637 562 1725 609 fuit,

287 633 372 667 tum
412 630 517 680 quod
556 644 627 668 nec
666 644 738 681 pro
777 635 895 669 aetate
933 631 1029 680 (iam
1069 631 1173 668 enim
1213 631 1340 669 maior
1371 633 1580 680 sexaginta
1611 633 1748 671 annis'

291 703 392 751 erat)
431 715 560 752 neque
596 716 668 752 pro
708 704 857 740 veteris
899 702 1114 752 prudentia
1153 702 1266 739 ducis
1307 705 1389 741 tam
1431 703 1653 753 improvide
1684 717 1725 742 se

290 773 565 823 collegamque
590 778 629 812 et
651 787 775 824 prope
797 778 922 812 totam
948 787 1031 811 rem
1055 774 1260 823 publicam
1285 775 1324 811 in
1349 788 1525 825 praeceps
1548 775 1725 813 dederat.

220 846 269 882 12
402 845 556 883 Multos
597 846 703 883 circa
742 859 861 884 unam
903 859 986 882 rem
1027 845 1200 883 ambitus
1240 846 1412 894 fecerim,
1459 847 1504 894 si,
1544 860 1632 896 quae
1678 847 1727 884 de

222 917 272 953 13
291 916 478 954 Marcelli
519 921 646 955 morte
686 919 843 956 variant
882 921 1076 964 auctores,
1123 918 1255 955 omnia
1286 919 1448 968 exsequi
1478 919 1608 956 velim.
1670 918 1728 956 Ut

292 989 474 1026 omittam
514 989 626 1036 alios,
671 989 817 1027 Caelius
854 990 1058 1039 triplicem
1096 992 1218 1038 gestae
1259 990 1316 1027 rei
1355 990 1383 1039 ’ἴ
1415 991 1593 1028 ordinem
1632 989 1727 1035 edit,

290 1074 409 1097 unam
440 1061 629 1099 traditam
660 1062 776 1107 fama,
807 1062 972 1099 alteram
998 1062 1185 1111 scriptam
1212 1063 1257 1099 in
1283 1062 1514 1100 laudatione
1538 1062 1626 1108 filii,
1659 1062 1729 1111 qui

293 1132 352 1169 rei
393 1134 513 1182 gestae
555 1133 792 1179 interfuerit,
836 1134 1009 1179 tertiam,
1057 1146 1175 1182 quam
1216 1133 1302 1182 ipse
1339 1147 1410 1183 pro
1449 1134 1643 1183 inquisita
1683 1146 1727 1170 ac

224 1204 273 1240 14
292 1204 368 1241 sibi
400 1207 602 1253 comperta
633 1204 756 1242 affert.
803 1204 990 1242 Ceterum
1023 1205 1080 1242 ita
1110 1205 1216 1242 fama
1246 1201 1398 1251 variat}
1418 1210 1463 1243 ut
1487 1209 1619 1243 tamen
1645 1205 1730 1255 ple·

290 1276 405 1325 rique
437 1276 515 1313 loci
545 1276 777 1326 speculandi
812 1290 931 1314 causa
963 1277 1102 1314 castris
1142 1289 1354 1324 egressum,
1393 1290 1527 1314 omnes
1568 1276 1729 1314 insidiis

293 1348 605 1385 circumventum
635 1348 808 1385 tradant.

149 1413 204 1462 28
407 1419 618 1457 Hannibal
640 1433 826 1468 magnum
851 1424 1044 1457 terrorem
1061 1420 1244 1457 hostibus
1262 1422 1390 1457 morte
1407 1420 1582 1458 consulis
1598 1420 1727 1467 unius,

291 1491 457 1528 vulnere
489 1491 654 1528 alterius
687 1491 877 1529 iniectum
910 1505 993 1530 esse
1024 1495 1147 1538 ratus,
1171 1505 1219 1529 ne
1245 1492 1308 1529 cui
1335 1492 1490 1529 deesset
1515 1491 1727 1538 occasioni,

292 1566 422 1600 castra
459 1563 500 1599 in
538 1562 747 1609 tumulum,
793 1564 836 1600 in
869 1577 946 1612 quo
977 1567 1197 1614 pugnatum
1230 1567 1326 1611 erat,
1373 1564 1569 1613 extemplo
1600 1567 1728 1601 trans-

251 1634 274 1668 2
293 1634 388 1680 fert3
415 1634 473 1671 ibi
499 1634 704 1671 inventum
728 1634 913 1672 Marcelli
931 1648 1074 1685 corpus
1092 1635 1246 1685 sepelit.
1294 1635 1519 1685 Crispinus,
1548 1639 1587 1672 et
1603 1637 1730 1672 morte

293 1706 455 1754 collegae
480 1709 520 1743 et
542 1719 612 1743 suo
637 1707 802 1744 vulnere
825 1707 1001 1755 territus,
1025 1707 1185 1745 silentio
1211 1708 1462 1756 insequentis
1485 1707 1614 1745 noctis
1640 1720 1730 1757 pro-

292 1777 430 1824 fectus,
463 1790 562 1827 quos
593 1778 797 1827 proximos
828 1782 995 1816 nanctus
1027 1782 1086 1817 est
1115 1783 1280 1827 montes,
1312 1780 1354 1816 in
1384 1780 1435 1817 iis
1466 1779 1554 1816 loco
1586 1778 1666 1816 alto
1692 1781 1730 1815 et

252 1849 378 1886 3tuto
419 1849 598 1898 undique
636 1852 768 1887 castra
806 1851 953 1900 posuit.
1013 1851 1078 1888 Ibi
1119 1851 1197 1889 duo
1238 1851 1358 1889 duces
1398 1851 1594 1900 sagaciter
1632 1849 1730 1887 moti

249 1921 273 1955 4
293 1924 396 1967 sunt,
419 1921 521 1958 alter
546 1920 596 1958 ad
620 1921 880 1969 inferendam,
905 1923 1005 1960 alter
1028 1923 1076 1960 ad
1103 1923 1318 1961 cavendam
1336 1923 1530 1962 fraudem.
1577 1921 1729 1959 Anulis

293 1991 480 2029 Marcelli
521 1993 640 2030 simul
681 2006 768 2030 cum
810 2007 975 2044 corpore
1013 1994 1220 2032 Hannibal
1265 1994 1418 2045 potitus
1465 1997 1562 2032 erat.
1632 1992 1732 2031 Eius

294 2064 398 2112 signi
429 2076 564 2101 errore
595 2078 644 2101 ne
676 2065 746 2114 qui
777 2065 893 2103 dolus
924 2069 1152 2103 necteretur
1191 2079 1214 2104 a
1251 2065 1390 2113 Poeno,
1429 2068 1607 2104 metuens
1646 2063 1732 2102 Cri-

294 2136 432 2185 spinus
457 2136 562 2173 circa
587 2136 770 2175 civitates
795 2138 1000 2187 proximas
1024 2138 1186 2176 miserat
1208 2138 1384 2186 nuntios,
1414 2137 1586 2175 occisum
1613 2135 1731 2174 colle·
1771 2130 1777 2145 ³

293 2220 383 2256 gam
422 2220 507 2244 esse
545 2208 755 2258 anulisque
788 2209 874 2246 eius
905 2209 1055 2248 hostem
1086 2209 1281 2259 potitum3
1329 2223 1378 2247 ne
1411 2208 1556 2259 quibus
1588 2207 1736 2245 litteris

251 2277 500 2316 5ci²ederent
536 2280 695 2317 nomine
733 2280 918 2318 Marcelli
952 2281 1192 2331 compositis.
1253 2281 1383 2319 Paulo
1417 2284 1510 2318 ante
1541 2279 1606 2317 hic
1637 2291 1736 2316 nun—

291 2350 375 2387 tius
415 2350 589 2388 consulis
620 2349 822 2402 Salapiam
863 2356 1040 2399 venerat,
1087 2366 1209 2402 quum
1241 2353 1391 2390 litterae
1427 2352 1476 2390 ab
1507 2350 1738 2389 Hannibale

293 2422 424 2460 allatae
455 2425 548 2460 sunt
577 2421 760 2461 Marcelli
790 2424 952 2461 nomine
984 2425 1226 2474 compositae,
1267 2437 1308 2462 se
1338 2427 1466 2469 nocte,
1507 2435 1595 2472 quae
1628 2421 1736 2459 diem

293 2493 408 2530 illum
439 2497 623 2532 secutura
653 2497 768 2542 esset,
809 2493 1014 2545 Salapiam
1054 2499 1290 2542 venturum3
1337 2495 1469 2545 parati
1500 2494 1648 2533 milites
1679 2507 1736 2532 es-

294 2568 391 2612 sent,
422 2566 492 2615 qui
522 2566 564 2603 in
594 2566 781 2616 praesidio
813 2570 937 2613 erant,
983 2567 1017 2604 si
1057 2580 1135 2617 quo
1168 2580 1290 2617 opera
1321 2579 1456 2604 eorum
1489 2579 1588 2616 opus
1618 2568 1731 2604 esset.

252 2637 274 2672 6
294 2634 461 2674 Sensere
489 2635 716 2688 Salapitani
748 2638 956 2685 fraudem,
988 2642 1027 2676 et
1058 2639 1108 2677 ab
1142 2639 1199 2676 ira
1230 2652 1310 2676 non
1346 2638 1586 2676 defectionis
1618 2637 1736 2676 modo
