1789 2955
250 70 325 107 146
627 67 741 102 Liber
764 68 953 103 XXVIII.
1002 69 1062 112 (A.
1088 81 1122 103 u.
1149 78 1178 100 c.
1203 68 1298 110 548.)

200 195 220 229 7
241 194 506 243 ambigentes,
536 194 642 232 ferro
675 208 716 231 se
749 198 970 233 certaturos
1001 195 1171 245 professi
1211 198 1315 233 sunt.
1378 194 1522 232 Corbis
1554 195 1680 233 maior

245 269 331 302 erat
362 269 499 311 aetate;
531 264 669 302 Orsuae
716 270 831 315 pater
877 268 1064 317 princeps
1096 267 1279 317 proxime
1319 266 1461 312 fuerat,
1501 281 1524 304 a
1553 267 1679 305 fratre

199 336 223 372 8
243 337 390 374 maiore
430 340 521 386 post
552 341 719 375 mortem
757 339 843 376 eius
874 339 1110 388 principatu
1150 341 1325 387 accepto.
1379 337 1511 383 Quum
1541 337 1680 376 verbis

246 408 470 458 disceptare
504 407 638 458 Scipio
684 410 808 447 vellet
838 423 882 448 ac
929 411 1067 448 sedare
1100 411 1197 455 iras,
1243 413 1431 458 negatum
1477 409 1520 446 id
1565 411 1680 447 ambo

248 480 382 517 dicere
414 481 594 528 cognatis
626 482 922 529 communibus,
969 496 1040 519 nec
1078 482 1200 519 alium
1231 480 1395 518 deorum
1426 481 1682 517 hominumve

201 553 222 588 9
247 565 363 600 quam
381 551 556 588 Martem
574 566 615 589 se
634 552 808 590 iudicem
825 553 1034 591 habituros
1052 567 1149 590 esse.
1194 551 1356 589 Robore
1384 552 1519 597 maior,
1552 552 1683 589 minor

245 623 340 660 flore
358 624 486 660 aetatis
503 624 626 671 feroit,
657 629 823 663 mortem
852 626 892 662 in
911 626 1138 670 certamine,
1169 637 1289 673 quam
1313 626 1358 659 ut
1389 623 1490 660 alter
1516 623 1683 660 alterius

243 695 413 744 imperio
431 695 709 743 subiiceretm,
737 700 1019 747 praeoptantes,
1051 709 1172 746 quum
1199 695 1335 732 dirimi
1361 695 1409 732 ab
1433 698 1546 732 tanta
1572 694 1683 731 rabie

243 767 467 816 nequirent,
497 768 652 817 insigne
685 770 957 818 spectaculum
1003 768 1199 805 exercitui
1232 767 1440 817 praebuere
1472 766 1684 803 documen—

243 844 418 888 tumque,
452 844 643 887 quantum
661 841 861 889 cupiditas
880 841 1040 890 imperii
1056 841 1204 877 malum
1232 840 1337 876 inter
1364 838 1553 875 mortales
1572 840 1685 875 esset.

170 912 227 948 10
257 910 390 947 Maior
425 924 499 947 usu
545 925 743 949 armorum
790 916 829 949 et
874 916 962 949 astu
1006 912 1123 949 facile
1167 911 1333 948 stolidas
1377 910 1483 947 vires
1522 909 1686 946 minoris

258 983 473 1032 superavit.
533 984 640 1020 Huic
672 983 940 1032 gladiatorum
971 983 1200 1032 spectaculo
1232 982 1316 1018 ludi
1340 981 1528 1018 funebres
1554 981 1686 1018 additi

248 1069 320 1104 pro
353 1055 468 1104 copia
499 1055 743 1104 provinciali
776 1059 815 1093 et
846 1055 1040 1093 castrensi
1072 1059 1281 1104 apparatu.

96 1122 152 1170 22
354 1127 434 1163 Res
465 1127 627 1164 interim
644 1128 773 1164 nihilo
792 1128 922 1165 minus
947 1127 998 1164 ab
1027 1127 1175 1176 legatis
1192 1125 1449 1174 gerebantur.
1496 1125 1687 1171 Marcius,

245 1202 431 1247 superato
464 1198 574 1235 Baete
620 1198 748 1244 amni,
795 1213 912 1248 quem
951 1199 1093 1237 incolae
1125 1197 1278 1235 Certim
1324 1197 1556 1246 appellant,
1589 1195 1688 1233 duas

247 1271 456 1319 opulentas
503 1271 685 1308 civitates
739 1271 824 1308 sine
870 1271 1085 1308 certamine
1141 1271 1182 1306 in
1229 1269 1475 1306 deditionem
1522 1267 1688 1317 accepit.

205 1343 226 1377 2
247 1343 403 1391 Astapa
433 1342 530 1379 urbs
577 1347 672 1389 erat,
720 1342 1113 1390 Carthaginiensium
1146 1355 1302 1390 semper
1319 1340 1465 1390 partis3
1494 1352 1623 1389 neque
1647 1338 1690 1375 id

247 1419 328 1450 tam
361 1413 526 1461 dignum
559 1414 620 1451 ira
651 1418 747 1460 erat,
779 1427 897 1463 quam
929 1413 1035 1463 quod
1055 1417 1170 1450 extra
1196 1413 1454 1450 necessitates
1471 1411 1569 1448 belli
1586 1423 1687 1460 prae-

200 1487 222 1521 3
242 1485 403 1534 cipuum
435 1485 477 1522 in
508 1485 712 1523 Romanos
744 1486 938 1534 gerebant
981 1486 1130 1523 odium.
1191 1485 1274 1522 Nec
1321 1485 1460 1521 urbem
1507 1487 1577 1520 aut
1609 1483 1689 1519 situ

248 1560 316 1594 aut
347 1558 592 1594 munimento
623 1560 753 1594 tutam
784 1557 1007 1602 habebant,
1055 1569 1143 1606 quae
1190 1556 1405 1593 ferociores
1452 1555 1502 1591 iis
1535 1555 1688 1591 animos

247 1629 413 1675 faceret,
447 1628 514 1666 sed
547 1629 710 1678 ingenia
737 1630 958 1667 incolarum
983 1629 1196 1666 latrocinio
1223 1629 1326 1672 laeta,
1357 1631 1402 1664 ut
1434 1626 1688 1663 excursiones

249 1701 290 1737 in
322 1700 535 1738 finitimum
567 1715 706 1750 agrum
738 1702 934 1739 sociorum
966 1701 1107 1750 populi
1138 1699 1310 1737 Romani
1336 1699 1527 1743 facerent,
1560 1697 1689 1746 impu-

248 1773 386 1818 lerant,
418 1775 457 1809 et
486 1785 608 1821 vagos
640 1773 787 1810 milites
809 1773 1010 1810 Romanos
1042 1773 1225 1820 lixasque
1258 1774 1296 1808 et
1320 1772 1560 1806 mercatores
1585 1768 1689 1805 exci-

198 1845 221 1880 4
241 1848 391 1893 perent.
437 1844 630 1892 Magnum
662 1845 782 1881 etiam
808 1845 1052 1890 comitatum,
1084 1843 1179 1893 quia
1211 1842 1349 1892 paucis
1382 1854 1525 1892 parum
1556 1844 1688 1877 tutum

247 1915 388 1961 fuerat,
419 1916 779 1964 transgredientem
810 1916 925 1961 fines,
971 1916 1113 1966 positis
1160 1913 1321 1951 insidiis
1371 1913 1689 1950 circumventum

204 1987 226 2023 5
245 1987 380 2036 iniquo
427 1988 513 2024 loco
561 1988 857 2025 interfecerant.
933 1987 1001 2025 Ad
1040 1988 1141 2025 hanc
1187 1986 1326 2023 urbem
1375 1983 1688 2034 oppugnandam

250 2072 371 2107 quum
403 2059 584 2096 admotus
617 2060 816 2097 exercitus
841 2064 952 2105 esset,
984 2059 1177 2109 oppidani
1203 2057 1450 2095 conscientia
1482 2056 1691 2101 scelerum,

249 2130 343 2179 quia
373 2143 445 2167 nec
478 2130 628 2168 deditio
659 2134 747 2168 tuta
778 2131 828 2168 ad
857 2135 940 2168 tam
973 2131 1137 2168 infestos
1177 2129 1406 2175 videbatur,
1437 2141 1568 2177 neque
1600 2139 1689 2176 spes

251 2202 447 2239 moenibus
478 2206 546 2239 aut
577 2203 698 2239 armis
728 2204 888 2240 tuendae
913 2202 1054 2240 salutis
1081 2205 1179 2248 erat,
1209 2201 1362 2238 facinus
1392 2201 1434 2237 in
1465 2213 1506 2236 se
1538 2211 1582 2235 ac
1600 2211 1690 2235 suos

203 2275 225 2310 6
244 2273 393 2310 foedum
411 2286 455 2309 ac
472 2273 599 2310 ferum
616 2274 876 2311 consciscunt.
907 2274 1060 2312 Locum
1078 2274 1117 2310 in
1134 2273 1221 2310 foro
1255 2273 1468 2317 destinant,
1501 2283 1580 2320 quo
1603 2283 1690 2319 pre·

251 2345 466 2382 tiosissima
485 2359 620 2382 rerum
644 2358 803 2382 suarum
821 2347 1094 2394 congererent.
1114 2343 1244 2393 Super
1257 2357 1345 2381 eum
1375 2342 1574 2380 cumulum
1599 2354 1689 2378 con-

254 2418 368 2465 iuges
384 2430 428 2454 ac
445 2417 593 2454 liberos
611 2417 817 2454 considere
837 2429 957 2465 quum
976 2416 1193 2461 iussissent,
1214 2416 1323 2463 ligna
1351 2407 1463 2452 circa
1480 2415 1693 2450 exstruunt-

208 2490 228 2523 7
248 2488 452 2537 fascesque
469 2488 737 2537 virgultorum
755 2487 986 2525 coniiciunt.
1032 2486 1337 2535 Quinquaginta
1366 2484 1511 2522 deinde
1528 2484 1692 2522 armatis

256 2559 466 2597 iuvenibus
491 2559 742 2609 praecipiunt,
768 2562 823 2605 ut,
849 2558 971 2595 donec
990 2558 1165 2594 incertus
1190 2560 1354 2594 eventus
1388 2570 1532 2606 pugnae
1579 2559 1694 2602 esset,

254 2631 484 2680 praesidium
501 2644 545 2667 eo
563 2631 651 2668 loco
669 2631 916 2668 fortunarum
933 2642 1093 2666 suarum
1112 2641 1414 2678 corporumque,
1432 2641 1520 2678 quae
1538 2628 1694 2665 cariora
