1789 2955
269 63 324 100 48
669 59 784 94 Liber
808 59 953 94 XXVI.
1002 61 1063 104 (A.
1089 73 1124 95 u.
1152 72 1181 95 c.
1207 63 1301 106 544.)

226 188 249 224 6
269 185 348 224 Sed
387 199 508 235 quum
543 187 621 223 iam
653 187 904 235 benignitate
936 187 1053 224 deum
1085 188 1126 225 id
1155 201 1340 238 paremus
1372 193 1492 239 atque
1523 204 1698 240 agamus,

271 272 349 295 non
389 262 434 295 ut
473 258 550 307 ipsi
582 271 809 295 maneamus
846 258 887 295 in
919 259 1132 309 Hispania,
1177 260 1246 296 sed
1276 274 1325 298 ne
1355 260 1471 298 Poeni
1503 267 1698 310 maneant,

268 343 341 367 nec
372 333 416 366 ut
446 343 519 379 pro
551 330 640 379 ripa
672 330 819 366 Hiberi
850 334 998 368 stantes
1030 344 1233 368 arceamus
1257 332 1427 369 transitu
1453 333 1596 379 hostes,
1628 335 1700 373 sed

225 403 310 438 7ut
347 401 453 438 ultro
485 404 733 438 transeamus
763 401 1128 451 transferamusque
1167 402 1328 450 bellum,
1366 417 1516 451 vereor,
1555 419 1603 442 ne
1635 407 1699 444 cui

268 476 443 510 vestrum
468 473 594 509 maius
619 472 660 509 id
685 472 956 522 audaciusque
974 474 1186 511 consilium
1204 488 1321 524 quam
1338 479 1407 512 aut
1422 489 1494 525 pro
1511 478 1701 516 memoria

269 543 443 581 cladium
499 557 624 593 nuper
677 548 926 593 acceptarum
984 548 1052 581 aut
1097 558 1169 594 pro
1215 549 1330 583 aetate
1376 561 1461 584 mea
1505 548 1699 587 videatur.

223 615 460 653 8Adversae
506 629 649 665 pugnae
693 616 733 652 in
771 616 975 666 Hispania
1012 617 1166 653 nullius
1208 617 1248 653 in
1287 619 1416 655 animo
1456 633 1573 668 quam
1614 634 1700 659 meo

269 689 398 724 minus
431 687 657 724 oblitterari
689 692 866 736 possunt,
907 689 1056 737 quippe
1089 688 1153 725 cui
1184 692 1298 737 pater
1330 695 1368 726 et
1398 694 1563 739 patruus
1595 692 1702 729 intra

268 760 447 807 trigenta
485 758 640 795 dierum
680 760 865 808 spatium,
913 762 955 795 ut
995 759 1106 796 aliud
1137 773 1255 809 super
1287 761 1398 798 aliud
1432 762 1700 800 cumularetur

226 833 248 868 9
268 831 429 868 familiae
460 833 605 868 nostrae
636 831 765 876 funus,
797 831 997 867 interfecti
1029 834 1139 876 sunt;
1172 831 1241 868 sed
1272 836 1316 869 ut
1347 833 1558 871 familiaris
1587 847 1700 884 paene

268 904 417 941 orbitas
449 916 493 939 ac
525 902 703 939 solitudo
731 903 881 951 frangit
904 903 1088 948 animum,
1119 903 1176 939 ita
1199 904 1362 952 publica
1385 918 1506 954 quum
1528 906 1700 953 fortuna,

265 978 351 1011 tum
391 974 519 1010 virtus
560 974 769 1024 desperare
811 975 858 1011 de
896 987 1049 1010 summa
1089 988 1219 1011 rerum
1261 976 1456 1025 probibet.
1518 976 1578 1014 Ea
1617 978 1700 1015 fato

269 1046 442 1095 quodam
474 1045 569 1082 data
600 1045 714 1082 nobis
747 1059 830 1082 sors
862 1048 930 1091 est,
979 1049 1024 1081 ut
1053 1047 1206 1094 magnis
1239 1048 1422 1085 omnibus
1453 1048 1571 1086 bellis
1601 1049 1700 1087 victi

195 1118 247 1154 10
263 1117 488 1155 vicerimus.
550 1116 699 1154 Vetera
738 1117 888 1163 omitto,
929 1116 1182 1164 Porsinnam,
1228 1117 1377 1164 Gallos,
1424 1118 1640 1167 Samnites;
1678 1134 1702 1158 a

267 1189 433 1225 Punicis
463 1189 581 1226 bellis
612 1189 814 1238 incipiam.
877 1188 985 1235 Quot
1009 1189 1166 1236 classes,
1193 1194 1289 1239 quot
1314 1191 1442 1237 duces,
1469 1195 1567 1241 quot
1593 1205 1699 1230 exer-

197 1261 241 1297 11
266 1260 368 1297 citus
391 1260 524 1309 priore
548 1260 654 1297 bello
680 1260 812 1297 amissi
838 1260 958 1297 sunt?
1003 1260 1089 1297 Iam
1115 1261 1214 1310 quid
1238 1262 1311 1300 hoc
1336 1263 1443 1300 bello
1461 1263 1700 1301 memorem?

267 1331 465 1369 Omnibus
497 1335 564 1369 aut
596 1332 681 1381 ipse
713 1331 808 1368 affui
840 1332 1020 1370 cladibus
1052 1336 1131 1382 aut,
1172 1346 1197 1371 a
1228 1334 1373 1383 quibus
1404 1335 1496 1381 afui,
1527 1335 1699 1373 maxime

266 1417 369 1441 unus
401 1404 576 1440 omnium
610 1417 674 1441 eas
707 1404 823 1440 sensi.
884 1403 1043 1451 Trebia,
1075 1405 1381 1451 Trasumennus,
1422 1406 1569 1443 Cannae
1601 1406 1700 1456 quid

267 1476 376 1512 aliud
401 1479 493 1512 sunt
510 1488 625 1525 quam
644 1479 899 1512 monumenta
916 1476 1134 1513 occisorum
1152 1478 1399 1514 exercituum
1416 1478 1698 1528 consulumque

200 1547 249 1584 12
266 1546 567 1585 Romanorum?
613 1545 734 1583 Adde
766 1547 1028 1584 defectionem
1059 1547 1202 1593 Italiae,
1235 1547 1385 1585 Siciliae
1416 1549 1579 1586 maioris
1610 1563 1699 1599 par-

265 1620 330 1665 tis,
361 1618 579 1665 Sardiniae3
611 1618 712 1655 adde
744 1618 928 1656 ultimum
953 1622 1147 1656 terrorem
1173 1633 1217 1657 ac
1241 1634 1439 1670 pavorem,
1471 1624 1602 1658 castra
1620 1621 1699 1658 Pu-

266 1691 356 1728 nica
388 1691 491 1727 inter
509 1690 711 1727 Anienem
743 1703 788 1726 ac
822 1691 965 1727 moenia
981 1691 1162 1728 Romana
1187 1692 1318 1741 posita
1349 1695 1388 1729 et
1417 1693 1546 1729 visum
1576 1705 1701 1742 prope

266 1763 307 1799 in
346 1762 473 1812 portis
510 1762 704 1799 victorem
735 1761 1019 1800 Hannibalem.
1080 1762 1129 1799 In
1167 1763 1239 1800 hac
1278 1764 1395 1800 ruina
1425 1777 1559 1801 rerum
1589 1764 1702 1802 stetit

265 1847 345 1871 una
378 1834 535 1883 integra
567 1837 686 1883 atque
718 1833 933 1871 immobilis
965 1835 1092 1872 virtus
1123 1835 1264 1884 populi
1290 1835 1479 1882 Romani3
1511 1835 1595 1873 haec
1620 1849 1698 1873 om-

195 1905 244 1942 13
261 1905 330 1943 nia
353 1908 478 1943 strata
501 1905 612 1942 humi
641 1906 767 1942 erexit
793 1919 837 1943 ac
860 1907 1032 1943 sustulit.
1082 1907 1164 1944 Vos
1188 1907 1360 1943 omnium
1387 1907 1519 1956 primi,
1538 1907 1700 1954 milites,

265 1980 356 2026 post
376 1977 620 2015 Cannensem
653 1977 804 2014 cladem
837 1977 999 2015 vadenti
1024 1978 1273 2015 Hasdrubali
1304 1977 1354 2014 ad
1371 1977 1500 2027 Alpes
1517 1978 1698 2016 Italiam-

266 2063 353 2098 que,
399 2049 467 2098 qui
509 2049 542 2086 si
586 2063 627 2086 se
658 2063 745 2086 cum
777 2050 901 2086 fratre
934 2050 1215 2095 coniunxisset,
1262 2049 1415 2086 nullum
1448 2050 1526 2086 iam
1557 2063 1700 2087 nomen

267 2124 369 2158 esset
395 2121 535 2170 populi
559 2120 743 2167 Romani,
778 2122 900 2158 ductu
927 2122 1186 2171 auspicioque
1212 2121 1338 2170 patris
1362 2121 1440 2158 mei
1470 2121 1699 2167 obstitistis;

197 2191 248 2229 14
267 2196 305 2229 et
335 2192 396 2229 hae
427 2192 609 2229 secundae
641 2206 704 2229 res
737 2193 829 2230 illas
861 2193 1047 2230 adversas
1080 2193 1365 2230 sustinuerunt.
1411 2192 1527 2231 Nunc
1559 2191 1698 2240 benig-

265 2264 391 2301 nitate
424 2263 539 2301 deum
573 2264 704 2302 omnia
736 2265 922 2311 secunda,
954 2278 1155 2314 prospera,
1187 2264 1230 2301 in
1261 2264 1345 2301 dies
1371 2264 1525 2301 laetiora
1549 2277 1593 2300 ac
1621 2276 1698 2301 me-

202 2334 371 2372 15liora
418 2336 458 2372 in
503 2336 625 2373 Italia
670 2334 889 2385 Siciliaque
934 2340 1140 2385 geruntur.
1199 2335 1249 2372 In
1295 2335 1435 2373 Sicilia
1480 2333 1699 2383 Syracusae,

265 2406 537 2456 Agrigentum
570 2410 738 2457 captum,
770 2408 877 2456 pulsi
907 2410 992 2445 tota
1017 2408 1150 2445 insula
1171 2407 1316 2452 hostes,
1348 2410 1585 2456 receptaque
1608 2419 1698 2456 pro-

265 2478 401 2516 vincia
432 2481 471 2516 in
504 2479 660 2517 dicione
691 2479 831 2529 populi
860 2479 1032 2516 Romani
1064 2483 1140 2526 est3
1172 2478 1212 2515 in
1244 2478 1366 2515 Italia
1397 2477 1504 2527 Arpi
1536 2478 1699 2528 recepti,

195 2549 244 2587 16
263 2550 400 2600 Capua
427 2554 554 2601 capta.
600 2551 685 2588 Iter
713 2564 828 2588 omne
852 2551 900 2587 ab
925 2551 1024 2587 urbe
1051 2550 1179 2587 Roma
1209 2549 1370 2599 trepida
1396 2549 1491 2598 fuga
1518 2562 1698 2587 emensus

264 2621 481 2669 Hannibal,
508 2623 548 2659 in
577 2626 796 2659 extremum
821 2622 1009 2671 angulum
1036 2622 1122 2670 agri
1150 2621 1302 2658 Bruttii
1329 2621 1565 2671 compulsus,
1595 2621 1698 2658 nihil
