1789 2955
491 76 607 112 Liber
631 76 820 112 xxvm.
870 79 932 121 (A.
959 78 1023 112 eh.
1049 79 1145 121 206.)
1463 82 1540 118 155

104 205 195 251 lius,
241 204 379 253 legati,
424 204 609 242 vindices
651 204 872 242 maiestatis
914 205 1075 254 imperii
1117 205 1328 243 deessent?
1402 205 1622 243 Utruml5

105 277 307 314 exercitus
338 276 546 323 exercitui,
582 290 632 314 au
664 277 784 313 duces
817 276 998 323 ducibus,
1030 291 1078 314 an
1113 277 1301 325 dignitas,
1346 291 1396 314 an
1429 291 1545 315 causa

104 348 328 398 comparari
366 347 555 397 poterat?
617 347 770 394 Quibus
809 348 843 384 si
890 349 1074 386 omnibus
1120 349 1347 398 superiores
1393 350 1545 394 essetis,

104 433 214 457 arma
246 423 386 456 contra
417 420 602 469 patriam,
633 423 773 458 contra
805 420 911 458 cives
941 423 1094 457 vestros
1124 420 1311 457 ferretis?
1362 420 1544 458 Africam

103 491 249 538 Italiae,
288 490 576 540 Carthaginem
609 492 698 529 urbi
730 491 924 528 Romanae
956 492 1153 541 imperare
1183 492 1372 529 velletis?
1418 493 1546 540 Quam
1638 489 1692 537 29

105 563 155 601 ob
194 576 338 600 noxam
376 562 547 612 patriae?
607 562 867 600 Coriolanum
906 563 1106 612 quondam
1148 563 1353 601 damnatio
1385 564 1546 610 iniusta,

105 635 293 672 miserum
325 638 366 671 et
394 635 605 683 indignum
638 636 836 681 exsilium,
874 639 918 672 ut
949 635 1026 671 iret
1058 635 1106 671 ad
1138 636 1447 684 oppugnandam
1479 650 1545 686 pa-

103 707 234 755 triam,
268 706 447 756 impulit3
487 707 696 745 revocavit
725 710 858 744 tamen
891 720 912 742 a
942 706 1109 755 publico
1141 707 1359 756 parricidio
1390 708 1546 757 privata

105 779 254 828 pietas;
300 791 370 816 vos
403 778 473 827 qui
506 778 623 816 dolor
654 783 722 815 aut
754 792 842 828 quae
876 779 935 816 ira
968 778 1182 816 incitavit?
1244 777 1591 828 Stipendiumne2

105 850 248 887 diebus
279 850 420 899 paucis
451 850 692 900 imperatore
725 864 831 900 aegro
863 850 991 888 serius
1022 855 1272 888 numeratum
1304 851 1400 889 satis
1425 851 1547 900 digna

106 935 226 959 causa
266 922 354 969 fuit,
399 934 469 958 cur
507 922 649 972 patriae
689 922 921 959 indiceretis
961 922 1123 968 bellum,
1171 936 1240 959 cur
1271 923 1320 959 ad
1353 923 1546 972 Ilergetes

104 993 378 1031 descisceretis
410 1007 432 1030 a
463 994 612 1042 populo
645 994 840 1040 Romano,
872 1007 942 1030 cur
974 994 1076 1031 nihil
1102 994 1328 1031 divinarum
1357 995 1546 1032 humana-

104 1078 242 1102 rumve
287 1078 420 1101 rerum
466 1065 704 1103 inviolatum
748 1066 862 1103 vobis
909 1065 1040 1102 esset?
1100 1065 1313 1103 Insanistis
1359 1066 1590 1116 profecto,3

105 1136 268 1182 milites,
299 1150 372 1173 nec
402 1137 529 1174 maior
556 1136 598 1173 in
627 1150 770 1186 corpus
796 1151 924 1174 meum
948 1137 1008 1174 vis
1033 1138 1163 1174 morbi
1187 1151 1303 1186 quam
1328 1139 1371 1174 in
1393 1142 1546 1176 vestras

106 1211 257 1245 mentes
291 1208 450 1246 invasit.
505 1208 658 1245 Horret
689 1209 847 1247 animus
878 1209 1042 1255 referre,
1074 1209 1173 1258 quid
1207 1210 1453 1246 crediderint
1484 1210 1551 1246 ho·
1571 1210 1595 1246 4

105 1280 243 1326 mines,
275 1279 372 1329 quid
403 1281 666 1329 speraverint,
691 1280 787 1329 quid
815 1280 1063 1329 optaverint;
1095 1281 1250 1318 auferat
1275 1282 1406 1318 omnia
1432 1282 1548 1319 irrita

107 1351 269 1398 oblivio,
301 1352 334 1388 si
365 1355 515 1400 potest,
547 1352 582 1389 si
614 1366 706 1399 non,
737 1356 942 1401 utcunque
974 1353 1178 1389 silentium
1210 1356 1329 1401 tegat.
1376 1353 1468 1391 Non
1484 1366 1551 1390 ne·
1572 1353 1594 1390 5

107 1423 296 1472 gaverim,
333 1423 490 1460 tristem
531 1427 783 1473 atrocemque
823 1424 937 1461 vobis
974 1424 1098 1461 visam
1139 1424 1359 1461 orationem
1400 1438 1546 1471 meam,

108 1498 257 1544 quanto
301 1495 465 1532 creditis
497 1496 602 1533 facta
632 1500 767 1533 vestra
799 1497 997 1533 atrociora
1029 1509 1111 1533 esse
1143 1509 1260 1544 quam
1293 1497 1402 1533 dicta
1433 1497 1548 1534 mea‘?

106 1567 161 1604 Et
190 1580 252 1604 me
285 1581 341 1613 ea,
389 1579 476 1616 quae
517 1568 677 1614 fecistis,
708 1568 794 1617 pati
836 1580 992 1616 aequum
1033 1568 1224 1613 censetis;
1269 1582 1339 1605 vos
1380 1582 1427 1605 ne
1469 1569 1548 1605 dici

107 1639 270 1688 quidem
309 1639 442 1676 omnia
473 1652 586 1688 aequo
619 1640 750 1676 animo
782 1639 930 1676 fertis?
1000 1638 1079 1676 Sed
1111 1653 1159 1676 ne
1190 1653 1236 1676 ea
1269 1640 1427 1688 quidem
1459 1641 1588 1690 ipsass

106 1710 214 1747 ultra
255 1711 621 1760 exprobrabuntur.
684 1711 851 1749 Utinam
883 1715 965 1748 tam
997 1711 1113 1748 facile
1144 1724 1213 1747 vos
1253 1712 1548 1749 obliviscamini

108 1795 255 1828 eorum,
297 1796 416 1832 quam
448 1796 521 1831 ego
554 1782 781 1821 obliviscar.
844 1782 990 1832 Itaque
1024 1782 1131 1831 quod
1163 1783 1211 1819 ad
1242 1783 1452 1820 universos
1484 1798 1554 1821 vos
1574 1786 1595 1820 7

108 1854 264 1899 attinet,
310 1854 345 1891 si
385 1855 533 1891 erroris
574 1855 749 1904 paenitet,
796 1854 893 1891 satis
934 1868 1133 1904 superque
1164 1869 1369 1904 poenarum
1400 1856 1547 1901 habeoz

108 1925 260 1963 Albius
292 1925 463 1963 Calenus
496 1930 535 1963 et
564 1926 708 1963 Atrius
733 1925 887 1963 Umber
919 1930 958 1963 et
990 1927 1111 1964 ceteri
1142 1927 1305 1964 nefariae
1337 1928 1548 1964 sedit-ionis

110 2000 292 2034 auctores
332 1999 528 2047 sanguine
567 1999 690 2045 luent,
737 1998 842 2048 quod
883 1999 1140 2035 admiserunt.
1202 1998 1330 2036 Vobis
1362 1999 1593 2049 suppliciiS

110 2082 245 2106 eorum
277 2071 548 2119 spectaculum
579 2083 660 2107 non
687 2070 803 2107 modo
829 2084 906 2107 non
932 2071 1129 2116 acerbum,
1162 2070 1231 2108 sed
1256 2071 1389 2108 laetum
1416 2072 1548 2117 etiam,

109 2141 144 2178 si
176 2154 272 2178 sana
301 2154 410 2178 mens
441 2141 574 2188 rediit,
608 2142 726 2191 debet
757 2155 861 2188 esse,
894 2141 942 2178 de
973 2143 1095 2179 nullis
1129 2143 1233 2179 enim
1266 2156 1384 2192 quam
1412 2143 1459 2180 de
1482 2157 1548 2180 vo-

109 2212 173 2250 bis
203 2213 387 2250 infestius
419 2217 488 2250 aut
519 2213 717 2250 inimicius
750 2214 1075 2254 consulue1·unt.“

227 2284 311 2322 Vix
352 2284 470 2321 finem
510 2285 672 2322 dicendi
710 2286 869 2331 fecerat,
916 2299 1037 2335 quum
1076 2300 1123 2323 ex
1162 2290 1389 2335 praeparato
1436 2286 1595 2323 simul9

112 2355 286 2392 omnium
327 2369 462 2392 rerum
502 2359 632 2394 terror
673 2357 798 2394 oculis
837 2358 1081 2407 auribusque
1121 2362 1179 2395 est
1211 2359 1370 2395 offusus.
1430 2358 1553 2394 Exer-
1575 2358 1625 2395 10

112 2427 226 2474 citus,
262 2427 333 2477 qui
365 2441 512 2465 corona
544 2428 771 2466 contionem
804 2429 1131 2477 circumdederat,
1176 2430 1324 2478 gladiis
1356 2429 1405 2466 ad
1439 2433 1548 2466 scuta

111 2499 359 2548 concrepuit;
389 2500 584 2548 praeconis
616 2500 754 2537 audita
784 2514 860 2538 vox
892 2502 1053 2538 citantis
1085 2502 1245 2538 nomina
1270 2501 1547 2538 damnatorum

113 2570 155 2606 in
187 2570 375 2617 consilio;
407 2570 506 2607 nudi
537 2570 580 2607 in
613 2572 788 2608 medium
820 2572 1174 2621 protrahebantur,
1208 2578 1246 2609 et
1277 2573 1393 2609 simul
1421 2573 1550 2610 omnis
1570 2573 1618 2610 11

113 2644 329 2691 apparatus
361 2642 550 2692 supplicii
581 2644 901 2692 expromebatur.
962 2642 1145 2692 Deligati
1171 2644 1221 2680 ad
1247 2644 1381 2694 palum
1408 2645 1547 2693 virgis-
