1789 2955
476 73 592 108 Liber
616 73 805 109 XXVHI.
855 75 917 118 (A.
946 74 1009 110 Ch.
1036 76 1134 118 206.)
1475 79 1552 116 143

118 214 207 238 cum
223 200 417 250 Syphace,
440 202 643 251 profectus
668 215 716 238 ex
733 201 876 238 Africa
899 201 1114 251 dubiisque
1132 205 1170 239 et
1186 202 1420 252 plerumque
1438 203 1553 240 saevis

118 273 160 310 in
177 273 258 311 alto
274 273 444 310 iactatus
455 273 596 319 ventis,
612 273 675 309 die
687 276 829 322 quarto
839 272 963 310 Novae
975 273 1230 323 Carthaginis
1243 277 1400 323 portum
1413 275 1553 312 tenuit.

232 344 443 394 Hispaniae
475 345 578 382 sicut
609 358 632 381 a
662 344 766 382 bello
797 344 954 381 Punico
988 346 1132 394 quietae
1174 349 1301 395 erant,
1342 347 1399 383 ita
1437 359 1552 396 quas·
1640 342 1690 390 19

117 415 208 454 dam
249 416 432 454 civitates
471 420 636 466 propter
668 416 952 453 conscientiam
984 417 1109 466 culpae
1141 422 1248 454 metu
1278 418 1404 466 magis
1436 431 1553 467 quam

117 487 196 525 fide
214 487 371 537 quietas
389 501 471 526 esse
488 488 720 538 apparebat,
732 501 900 538 quarum
917 489 1088 526 maxime
1106 489 1282 538 insignes
1301 492 1339 526 et
1356 490 1552 538 magnitu-

118 559 214 597 dine
245 562 284 596 et
313 573 417 596 noxa
447 560 614 609 Iliturgi
645 563 685 597 et
716 560 880 598 Castulo
913 563 1035 597 erant.
1097 559 1272 609 Castulo,
1314 574 1434 610 quum
1466 574 1556 610 pro·
1576 562 1598 597 2

118 631 246 681 speris
276 631 396 669 rebus
427 632 527 669 socii
557 632 738 678 fuissent,
770 634 860 681 post
891 644 1011 668 caesos
1043 645 1130 669 cum
1156 633 1401 670 exercitibus
1426 631 1552 682 Scipi-

117 716 211 740 ones
242 702 441 740 defecerat
471 703 521 740 ad
551 703 718 750 Poenos;
757 703 1011 752 Iliturgitani
1041 704 1268 753 prodendis,
1301 705 1370 755 qui
1401 719 1449 742 ex
1481 705 1554 741 illa

118 774 230 812 clade
269 774 319 812 ad
358 788 424 812 eos
463 776 734 825 perfugerant,
776 774 1146 825 interficiendisque
1177 777 1305 814 scelus
1337 777 1454 814 etiam
1487 777 1552 814 de·

115 846 283 884 fectioni
322 846 576 885 addiderant.
636 847 687 885 Ι11
726 860 791 884 eos
830 847 1001 896 populos
1038 848 1167 897 primo
1199 849 1386 894 adventu,
1433 849 1596 898 quun13

116 917 249 956 dubiae
280 918 492 969 Hispaniae
525 923 667 966 essent,
707 919 849 956 merito
880 918 1007 967 magis
1039 932 1157 968 quam
1188 919 1344 956 utiliter
1374 920 1553 957 saevitum

115 990 235 1037 foret3
259 994 364 1037 tunc,
392 991 471 1027 iam
488 991 721 1040 tranquillis
738 990 870 1039 rebus,
899 990 993 1039 quia
1008 994 1164 1038 tempus
1181 991 1412 1037 expetendae
1429 1004 1555 1040 poenae
1573 993 1598 1028 4

115 1062 330 1100 videbatur
375 1062 542 1108 venisse,
589 1063 757 1100 accitum
799 1062 847 1099 ab
886 1061 1114 1099 Tarracone
1153 1060 1198 1097 L.
1230 1060 1427 1100 Marcium
1466 1076 1553 1100 cum

113 1135 235 1171 tertia
279 1138 394 1184 parte
440 1126 646 1184 copiarum
684 1134 734 1172 ad
774 1133 1028 1171 Castulonem
1066 1135 1379 1182 oppugnandum
1419 1135 1554 1182 mittit,

114 1206 199 1255 ipse
245 1219 333 1243 cuin
379 1209 510 1244 cetero
556 1206 737 1244 exercitu
782 1205 934 1255 quintis
971 1206 1053 1242 fere
1093 1206 1144 1243 ad
1181 1207 1376 1256 Iliturgin
1415 1207 1553 1244 castris

114 1278 309 1327 pervenit.
370 1278 525 1316 Clausae
557 1282 672 1316 erant
701 1281 828 1328 portae
861 1278 1072 1327 omniaque
1105 1278 1302 1315 instructa
1334 1282 1373 1315 et
1413 1278 1595 1328 parata5

115 1348 167 1387 ad
191 1351 532 1399 oppugnationem
556 1350 787 1396 arcendam3
821 1349 921 1387 adeo
944 1350 1198 1398 conscientia,
1219 1350 1316 1399 quid
1335 1364 1375 1387 se
1391 1350 1552 1388 meritos

114 1421 275 1469 scirent,
305 1435 377 1472 pro
410 1421 564 1459 indicto
596 1421 652 1459 eis
683 1422 790 1460 bello
821 1422 965 1459 fuerat.
1025 1422 1134 1459 Hinc
1166 1427 1205 1459 et
1230 1423 1386 1460 hortari
1409 1423 1557 1459 milites
1578 1423 1600 1459 6

115 1491 250 1543 Scipio
283 1507 396 1532 orsus
428 1497 505 1531 est:
537 1494 655 1544 Ipsos
687 1493 910 1531 claudendo
943 1496 1079 1543 portas
1111 1494 1308 1531 indicasse
1334 1494 1553 1544 Hispanos,

115 1566 213 1615 quid
250 1569 295 1603 ut
333 1567 533 1612 timerent,
571 1566 704 1603 meriti
743 1569 884 1602 essent.
944 1565 1089 1615 Itaque
1121 1566 1246 1602 multo
1278 1566 1553 1603 infestioribus

115 1637 257 1675 animis
282 1652 370 1675 cum
396 1638 453 1675 eis
481 1651 600 1687 quam
624 1651 712 1675 cum
731 1637 1134 1686 Carthaginiensibus
1158 1637 1310 1675 bellum
1335 1638 1553 1686 gerendum

115 1722 217 1756 esse;
265 1710 414 1760 quippe
455 1723 543 1746 cum
582 1709 664 1747 illis
701 1723 826 1759 prope
866 1709 952 1746 sine
984 1709 1045 1745 ira
1076 1708 1125 1745 de
1155 1709 1325 1758 imperio
1357 1713 1395 1746 et
1425 1709 1556 1758 gloria
1575 1711 1597 1747 7

114 1781 272 1829 certari,
303 1782 351 1819 ab
383 1782 444 1819 his
476 1781 656 1831 perfidiae
681 1785 720 1818 et
743 1780 996 1818 crudelitatis
1023 1784 1062 1818 et
1087 1781 1249 1818 sceleris
1272 1794 1410 1830 poenas
1435 1793 1552 1830 expe-

114 1853 255 1891 tendas
286 1867 382 1892 esse.
431 1854 604 1891 Venisse
634 1857 802 1903 tempus,
834 1866 913 1902 quo
941 1856 980 1890 et
1004 1853 1214 1891 nefandam
1239 1853 1554 1890 commilitonum
1571 1853 1596 1889 8

115 1937 254 1962 necem
285 1928 324 1962 et
354 1926 395 1963 111
426 1928 549 1964 semet
574 1926 694 1975 ipsos,
725 1926 759 1963 si
787 1924 926 1962 eodem
949 1925 1045 1973 fuga
1068 1925 1191 1963 delati
1211 1926 1353 1972 forent,
1385 1925 1552 1962 instruc-

113 2000 197 2034 tam
219 1997 402 2035 fraudem
429 1998 732 2043 ulciscerentur,
758 2001 798 2034 et
819 1998 860 2034 in
879 2010 992 2034 omne
1008 2000 1165 2047 tempus
1182 1998 1296 2047 gravi
1312 1997 1552 2034 documento

115 2069 327 2116 sancirent,
357 2083 406 2107 ne
438 2070 528 2120 quis
558 2082 732 2119 unquam
756 2069 982 2107 Romanum
1007 2069 1133 2107 civem
1156 2069 1374 2107 militemve
1401 2069 1443 2106 111
1469 2069 1554 2105 ulla

113 2141 276 2178 fortuna
315 2145 586 2191 opportunum
626 2141 784 2178 iniuriae
827 2140 999 2178 duceret.
1061 2141 1129 2178 Ab
1169 2141 1243 2178 hac
1276 2141 1595 2178 cohortatione9

115 2213 229 2250 ducis
274 2213 433 2251 incitati
477 2214 604 2251 scalas
649 2213 785 2250 electis
830 2227 901 2263 per
945 2213 1168 2263 manipulos
1213 2213 1309 2251 viris
1357 2212 1553 2258 dividunt,

114 2286 344 2335 partitoque
369 2286 560 2332 exercitu,
585 2286 641 2322 ita
663 2289 708 2322 ut
734 2285 841 2334 parti
865 2285 983 2323 alteri
998 2285 1149 2323 Laelius
1174 2288 1363 2335 praeesset
1385 2285 1551 2332 legatus,

115 2356 272 2394 duobus
303 2358 421 2395 simul
453 2358 553 2395 locis
581 2357 752 2407 ancipiti
776 2360 928 2394 terrore
952 2358 1091 2394 urbem
1115 2357 1419 2406 aggrediuntur.
1466 2355 1556 2394 Non
1580 2356 1628 2393 10

116 2428 198 2465 dux
229 2442 332 2466 unus
363 2433 432 2467 aut
462 2430 597 2479 plures
629 2428 831 2479 principes
862 2429 1096 2478 oppidanos,
1141 2430 1210 2466 sed
1251 2442 1344 2466 suus
1374 2428 1551 2477 ipsorum

115 2514 162 2538 ex
179 2501 424 2538 conscientia
440 2502 568 2551 culpae
586 2505 713 2538 metus
731 2500 782 2538 ad
800 2500 1089 2538 defendendam
1106 2501 1280 2550 impigre
1297 2500 1435 2537 urbem
1459 2500 1550 2536 hor-

114 2575 237 2611 tatur.
284 2573 338 2610 Et
358 2573 621 2611 meminerant
645 2577 685 2610 et
707 2573 976 2610 admonebant
1000 2574 1077 2611 ιιίὶἱ
1101 2573 1212 2619 alios,
1237 2572 1479 2621 supplicium
1505 2585 1553 2609 ex
1575 2573 1621 2608 11

115 2657 168 2690 se,
210 2657 288 2681 non
327 2644 539 2682 victoriam
581 2646 681 2695 peti3
718 2644 789 2682 ubi
835 2645 1003 2694 quisque
1043 2648 1210 2682 mortem
1252 2648 1468 2694 oppeteret,
1510 2644 1550 2681 id
