1789 2955
113 1131 158 1180 11

249 83 298 119 12
641 79 756 115 Liber
780 78 927 114 XXVI.
977 81 1037 124 (A.
1064 91 1098 114 u.
1125 91 1154 114 c.
1181 81 1274 124 543.)

200 208 222 243 7
243 205 489 242 Aventinum
517 206 872 243 conclamaverunt.
918 206 978 243 Ea
1004 220 1067 244 res
1084 210 1235 245 tantum
1253 208 1464 245 tumultum
1482 221 1527 245 ac
1543 208 1678 256 fugam

246 276 429 326 praebuit,
462 281 516 323 ut,
548 278 628 314 nisi
655 281 787 315 castra
805 277 960 315 Punica
991 282 1106 316 extra
1131 279 1271 316 urbem
1295 280 1473 325 fuissent,
1507 279 1678 318 effusura

245 361 286 386 se
317 348 445 385 omnis
484 348 629 397 pavida
660 349 874 386 multitudo
914 350 1053 396 fuerit;
1100 354 1194 387 tunc
1236 351 1276 387 in
1317 351 1453 388 domos
1485 355 1602 400 atque
1636 351 1678 388 in

243 423 349 457 tecta
376 419 642 468 refugiebant,
665 433 866 470 vagosque
892 422 932 458 in
967 422 1043 459 viis
1067 435 1157 459 suos
1178 434 1256 468 pro
1273 422 1453 459 hostibus
1478 422 1679 472 lapidibus

207 491 420 541 8telisque
448 491 718 537 incessebant3
749 506 820 529 nec
852 494 1062 543 comprimi
1088 494 1284 530 tumultus
1307 494 1534 543 aperirique
1569 507 1679 532 error

248 567 419 613 poterat,
452 564 607 600 refertis
640 564 856 601 itineribus
888 564 1106 613 agrestium
1135 565 1254 601 turba
1284 578 1561 614 pecorumque,
1593 578 1679 615 quae

205 636 226 669 9
246 636 479 684 repentinus
510 648 634 684 pavor
667 636 707 672 in
739 636 877 673 urbem
925 637 1180 685 compulerat.
1254 637 1451 685 Equestre
1492 637 1679 686 proelium

245 706 458 743 secundum
490 707 577 752 fuit,
611 708 876 756 summotique
901 708 1033 744 hostes
1061 712 1162 745 sunt.
1219 708 1273 745 Et
1299 709 1394 758 quia
1419 709 1555 745 multis
1580 708 1680 746 locis

247 777 535 827 comprimendi
567 779 762 816 tumultus
796 782 920 828 erant,
956 779 1026 828 qui
1057 782 1208 816 temere
1240 781 1482 826 oriebantur,
1514 780 1679 829 placuit,

245 863 390 895 omnes,
424 850 492 899 qui
524 849 754 897 dictatores,
786 851 966 888 consules
1009 864 1241 889 censoresve
1272 852 1449 895 fuissent,
1490 865 1576 888 cum
1607 851 1678 888 im-

175 921 223 957 10
242 921 351 970 perio
384 934 478 966 esse,
526 922 650 959 donec
681 923 908 959 recessisset
947 936 970 959 a
1001 923 1124 960 muris
1155 923 1291 960 hostis.
1370 923 1422 959 Et
1462 923 1542 960 diei
1573 923 1680 972 quod

243 993 441 1041 reliquum
472 992 560 1040 fuit,
607 999 645 1031 et
684 998 798 1031 nocte
831 995 1055 1043 insequenti
1095 995 1212 1032 multi
1242 1000 1390 1032 temere
1421 994 1588 1032 excitati
1618 997 1680 1031 tu·

245 1065 393 1101 multus
425 1068 517 1102 sunt
548 1066 855 1115 compressique.

360 1136 528 1173 Postero
577 1138 641 1174 die
678 1142 950 1186 transgressus
984 1137 1184 1174 Anienem
1215 1137 1422 1175 Hannibal
1470 1138 1509 1174 in
1555 1137 1679 1174 aciem

245 1221 378 1244 omnes
410 1209 543 1257 copias
576 1209 732 1255 eduxit3
780 1223 850 1246 nec
889 1210 1059 1246 Flaccus
1091 1210 1352 1258 consulesque
1384 1213 1581 1246 cert-amen
1614 1208 1678 1246 de-

197 1279 220 1315 2
238 1283 469 1316 trectavere.
531 1280 745 1318 Instructis
771 1282 964 1330 utrinque
990 1281 1237 1318 exercitibus
1264 1281 1304 1317 in
1337 1281 1420 1317 eius
1452 1293 1594 1330 pugnae
1621 1293 1681 1317 ca-

243 1364 341 1397 sum,
373 1352 413 1388 in
447 1365 523 1401 qua
554 1353 649 1390 urbs
673 1352 802 1390 Roma
823 1352 969 1389 victori
1002 1353 1209 1401 praemium
1236 1357 1349 1398 esset,
1382 1352 1509 1388 imber
1541 1352 1681 1400 ingens

245 1423 440 1472 grandine
471 1424 619 1460 mixtus
650 1424 707 1460 ita
737 1428 948 1473 utramque
995 1424 1119 1460 aciem
1152 1425 1342 1470 turbavit,
1379 1427 1425 1461 ut
1463 1424 1531 1460 vix
1560 1424 1681 1461 armis

244 1495 411 1532 retentis
443 1496 483 1532 in
515 1499 646 1532 castra
677 1509 763 1532 sese
794 1495 1033 1544 receperint,
1079 1496 1229 1532 nullius
1269 1496 1330 1532 rei
1376 1495 1529 1533 minore
1561 1509 1680 1545 quam

200 1566 414 1603 3hostium
448 1570 567 1603 metu.
629 1566 682 1603 Et
712 1571 872 1616 postero
905 1567 970 1604 die
1002 1567 1141 1604 eodem
1188 1567 1275 1604 loco
1315 1567 1419 1604 acies
1464 1568 1681 1604 instructas
1723 1606 1728 1612 ⁴

244 1637 380 1675 eadem
410 1641 624 1687 tempestas
657 1638 842 1685 diremit;
883 1640 952 1676 ubi
982 1639 1224 1688 recepissent
1255 1653 1294 1677 se
1327 1639 1367 1676 in
1399 1642 1540 1685 castra,
1580 1638 1681 1676 mira

197 1710 434 1746 4serenitas
466 1723 554 1746 cum
570 1711 872 1759 tranquillitate
905 1711 1122 1748 oriebatur.
1183 1711 1233 1747 In
1274 1710 1509 1759 religionem
1541 1724 1586 1748 ea
1616 1723 1680 1747 res

243 1780 350 1829 apud
380 1780 526 1817 Poenos
557 1795 672 1818 versa
703 1787 774 1827 est,
808 1782 1026 1831 auditaque
1057 1796 1132 1820 vox
1163 1782 1409 1820 Hannibalis
1441 1782 1578 1828 fertur,
1609 1795 1678 1831 po-

241 1852 392 1889 tiundae
423 1852 501 1889 sibi
531 1853 642 1889 urbis
659 1853 798 1890 Romae
829 1854 946 1890 modo
978 1858 1148 1891 mentem
1190 1867 1269 1891 nou
1302 1854 1400 1900 dari,
1446 1854 1562 1891 modo
1600 1854 1679 1891 for-

197 1924 220 1961 5
241 1927 391 1962 tunam.
439 1924 625 1961 Minuere
659 1925 777 1962 etiam
810 1939 919 1974 spem
948 1927 1031 1962 eius
1050 1925 1138 1962 duae
1163 1926 1265 1971 aliae,
1298 1939 1421 1974 parva
1446 1939 1679 1975 magnaque,

242 2009 315 2040 res,
348 2009 493 2042 magna
526 1996 610 2041 illa,
644 1996 763 2044 quod,
797 2010 917 2046 quum
950 1998 1035 2047 ipse
1067 1998 1117 2034 ad
1142 1997 1287 2035 moenia
1317 1997 1430 2034 urbis
1454 1997 1592 2035 Romae
1617 2011 1678 2034 ar-

241 2071 370 2104 matus
394 2068 560 2114 sederet,
592 2068 742 2104 milites
769 2069 841 2105 sub
867 2069 1032 2106 vexillis
1059 2069 1099 2106 in
1123 2069 1443 2118 supplementum
1468 2069 1678 2118 Hispaniae

197 2140 436 2189 ssprofectos
469 2139 609 2185 audiit,
650 2153 775 2189 parva
807 2144 951 2189 autem,
993 2140 1100 2190 quod
1129 2152 1209 2187 per
1241 2153 1307 2178 eos
1340 2139 1423 2177 dies
1456 2154 1542 2177 eum
1575 2142 1678 2178 forte

241 2224 391 2260 agrum,
424 2211 464 2247 in
489 2223 567 2260 quo
594 2211 679 2259 ipse
712 2214 842 2248 castra
874 2212 1051 2258 haberet,
1081 2212 1237 2250 venisse
1267 2211 1375 2248 nihil
1406 2212 1455 2249 ob
1482 2212 1523 2249 id
1555 2212 1677 2249 demi-

199 2285 219 2319 7
238 2286 334 2320 nuto
364 2283 496 2332 pretio
530 2283 732 2330 cognitum
766 2296 812 2319 ex
844 2283 1017 2332 quodam
1051 2284 1210 2334 captivo
1242 2287 1312 2321 est.
1370 2283 1420 2320 Id
1451 2296 1545 2320 vero
1577 2283 1676 2320 adeo

241 2355 455 2403 superbum
486 2358 604 2403 atque
638 2353 849 2402 indignum
882 2355 1023 2401 visum,
1070 2355 1153 2392 eius
1185 2355 1274 2401 soli,
1313 2354 1420 2404 quod
1453 2354 1537 2403 ipse
1567 2354 1675 2392 bello

240 2429 400 2475 captum
431 2425 656 2474 possideret
673 2425 930 2474 haberetque,
961 2426 1166 2463 inventum
1197 2427 1336 2464 Romae
1368 2429 1599 2475 emptorem,
1631 2429 1678 2462 ut

241 2497 440 2546 extemplo
485 2500 626 2534 vocato
662 2509 845 2546 praecone
890 2497 1078 2535 tabernas
1123 2498 1391 2546 argentarias,
1438 2509 1526 2546 quae
1573 2498 1678 2534 circa

194 2567 365 2606 8f0rum
410 2568 634 2606 Romanum
680 2573 830 2615 essent,
877 2568 1040 2605 iusserit
1084 2569 1235 2606 venire.
1324 2568 1402 2606 His
1448 2571 1578 2606 motus
1623 2567 1675 2605 ad

239 2639 398 2676 Tutiam
431 2640 597 2677 fiuvium
629 2644 760 2678 castra
790 2640 960 2687 rettulit,
999 2653 1068 2677 sex
1101 2640 1230 2678 millia
1261 2653 1447 2690 passuum
1482 2639 1530 2676 ab
1562 2638 1674 2678 urbe.
