1768 2943
269 108 317 147 1ss
699 104 802 134 Liber
829 103 921 134 XXI.
950 101 1005 145 (A.
1034 113 1064 134 u.
1091 113 1120 134 c.
1147 101 1240 146 536.)

262 238 316 272 ita
340 236 383 271 id
406 239 535 271 ratum
554 234 653 279 fore,
674 235 705 271 si
728 235 901 284 populus
920 235 1157 278 censuisset,
1175 235 1217 271 in
1234 234 1500 271 Hasdrubalis
1519 234 1673 271 foedere

262 319 337 343 nec
371 311 582 354 exceptum
617 305 696 341 tale
729 305 943 352 quicquam
978 304 1106 349 fuerit,
1141 310 1180 341 et
1209 310 1269 341 tot
1293 317 1491 341 annorum
1514 305 1673 341 silentio

262 378 317 413 ita
349 376 437 412 vivo
472 388 521 411 eo
556 376 864 423 comprobatum
898 375 947 411 sit
979 375 1126 419 foedus,
1161 380 1202 411 ut
1233 388 1286 411 ne
1318 379 1478 411 mortuo
1511 375 1674 422 quidem

223 445 428 485 4auctore
461 447 675 494 quicquam
699 443 942 481 mutaretur?
976 445 1234 493 Quanquam,
1269 446 1343 481 etsi
1364 445 1497 493 priore
1520 445 1674 481 foedere

263 523 444 561 staretur,
479 517 575 553 satis
604 520 763 552 cautum
797 521 883 551 erat
905 515 1150 564 Saguntinis,
1185 515 1305 552 sociis
1329 520 1587 562 utrorumque
1609 527 1676 551 ex—

262 588 409 636 ceptis;
442 599 537 623 nam
570 598 704 633 neque
737 585 919 621 additum
944 592 1029 622 erat
1057 586 1140 630 «iis,
1175 586 1241 633 qui
1264 591 1358 622 tunc
1383 590 1561 629 essent»,
1585 597 1674 629 nec,

224 656 343 696 5«ne
382 657 449 705 qui
488 661 633 704 postea
665 662 1005 692 assumerentur».
1069 656 1124 691 Et
1155 668 1276 704 quum
1309 667 1514 692 assumere
1546 667 1676 692 novos

263 728 399 764 liceret
431 727 579 770 socios,
614 727 701 774 quis
725 738 882 774 aequum
906 732 1102 770 censeret,
1137 732 1205 762 aut
1227 727 1279 762 ob
1303 726 1411 762 nulla
1433 738 1675 773 quemquam

263 797 402 834 merita
423 797 465 833 in
487 796 702 846 amicitiam
725 796 850 844 recipi
875 802 943 832 aut
969 802 1158 844 receptos
1180 797 1221 832 in
1244 796 1365 832 fidem
1390 808 1475 832 non
1494 796 1675 839 defendi,

261 873 415 904 tantum
439 880 491 903 ne
510 866 904 915 Carthaginiensium
930 867 1030 903 socii
1056 872 1124 902 aut
1142 867 1451 903 sollicitarentur
1468 867 1522 902 ad
1540 866 1678 903 defec-

262 939 415 975 tionem
448 943 517 974 aut
549 950 620 974 sua
653 942 799 985 sponte
833 937 1108 973 desciscentes
1140 935 1441 985 reciperentur?

223 1008 248 1047 6
379 1008 522 1057 Legati
540 1008 714 1043 Romani
739 1008 790 1043 ab
810 1006 1069 1055 Carthagine,
1099 1007 1200 1043 sicut
1217 1007 1263 1043 iis
1281 1007 1422 1043 Romae
1440 1006 1679 1055 imperatum

261 1084 358 1123 erat,
386 1079 428 1115 in
450 1078 704 1127 Hispaniam,
734 1083 776 1113 ut
803 1077 962 1113 adirent
990 1077 1170 1114 civitates
1201 1081 1240 1113 et
1267 1077 1309 1113 in
1334 1076 1571 1113 societatem
1595 1077 1679 1125 pel-

224 1147 245 1187 7
263 1149 428 1185 licerent
459 1154 528 1185 aut
560 1153 786 1184 averterent
813 1160 836 1183 a
865 1147 1013 1191 Poenis,
1048 1147 1303 1184 traiecerunt.
1367 1147 1432 1183 Ad
1461 1146 1679 1195 Bargusios

259 1218 430 1267 primum
473 1224 680 1262 venerunt,
721 1231 745 1254 a
777 1217 921 1265 quibus
954 1217 1131 1265 benigne
1165 1218 1335 1266 excepti,
1377 1217 1470 1264 quia
1502 1217 1680 1253 taedebat

260 1289 413 1338 imperii
442 1289 594 1333 Punici,
629 1289 775 1325 multos
804 1294 913 1324 trans
937 1287 1133 1324 Hiberum
1161 1288 1336 1336 populos
1365 1288 1419 1323 ad
1447 1287 1680 1335 cupidinem

222 1359 377 1399 Snovae
421 1359 591 1395 fortunae
624 1364 848 1395 erexerunt.
925 1360 991 1395 Ad
1024 1358 1248 1395 Volcianos
1280 1358 1378 1394 inde
1410 1362 1471 1394 est
1502 1362 1677 1401 ventum,

261 1442 431 1477 quorum
456 1430 615 1466 celebre
640 1442 710 1478 per
727 1429 970 1478 Hispaniam
993 1441 1234 1478 responsum
1259 1434 1417 1465 ceteros
1435 1428 1610 1476 populos
1628 1428 1679 1463 ab

261 1501 457 1537 societate
481 1501 669 1536 Romana
701 1500 854 1535 avertit.
916 1499 976 1535 Ita
1009 1500 1116 1535 enim
1146 1499 1343 1535 maximus
1374 1503 1471 1534 natu
1495 1510 1543 1534 ex
1567 1498 1614 1534 iis
1638 1497 1679 1533 in

223 1570 435 1610 9coneilio
459 1570 691 1618 respondit:
730 1569 857 1615 «Quae
881 1570 1128 1606 verecundia
1155 1574 1227 1612 est,
1258 1568 1446 1612 Romani,
1475 1569 1679 1616 postulare

261 1654 345 1685 vos,
395 1641 451 1677 uti
493 1646 667 1677 vestram
710 1639 1104 1688 Carthaginiensium
1148 1639 1335 1675 amicitiae
1379 1650 1678 1686 praeponamus,

261 1724 396 1759 quum,
431 1711 498 1759 qui
529 1711 572 1747 id
606 1711 800 1755 fecerunt,
834 1710 1048 1755 crudelius,
1082 1722 1203 1758 quam
1241 1709 1390 1745 Poenus
1433 1709 1559 1746 hostis
1591 1722 1680 1758 per-

199 1781 379 1826 lOdidit,
421 1794 493 1818 vos
534 1781 633 1818 socii
673 1778 960 1829 prodideritis?
1022 1780 1081 1816 Ibi
1120 1780 1306 1828 quaeratis
1346 1779 1480 1816 socios
1514 1791 1678 1823 censeo,

263 1853 329 1888 ubi
372 1852 597 1900 Saguntina
639 1852 778 1888 clades
822 1852 964 1898 ignota
1006 1856 1086 1893 est;
1135 1849 1328 1898 Hispanis
1371 1849 1532 1898 populis
1580 1850 1680 1886 sicut

262 1923 442 1971 lugubre,
485 1922 541 1958 ita
579 1921 739 1969 insigne
779 1922 1069 1957 documentum
1101 1921 1268 1969 Sagunti
1300 1921 1423 1957 ruinae
1456 1926 1584 1964 erunt,
1628 1932 1679 1956 ne

200 1992 352 2040 llquis
384 1991 480 2027 fidei
507 1992 704 2028 Romanae
737 1996 805 2027 aut
837 1990 1022 2027 societati
1055 1990 1275 2027 confidat.»
1341 1990 1443 2026 Inde
1477 1990 1679 2039 extemplo

263 2062 373 2099 abire
400 2062 545 2098 finibus
570 2062 862 2099 Volcianorum
884 2061 994 2106 iussi,
1023 2061 1074 2097 ab
1100 2061 1208 2097 nullo
1234 2061 1386 2097 deinde
1411 2060 1584 2097 concilio
1611 2059 1681 2097 Hi-

263 2132 416 2182 spaniae
448 2132 688 2181 benigniora
720 2133 841 2168 verba
872 2132 1010 2168 tulere.
1074 2131 1133 2168 Ita
1165 2131 1436 2179 nequicquam
1468 2136 1681 2179 peragrata

144 2200 205 2244 20
267 2202 479 2252 Hispania,
512 2203 554 2238 in
587 2202 761 2239 Galliam
793 2207 1013 2239 transeunt.
1077 2201 1152 2247 †In
1185 2202 1245 2237 his
1278 2213 1384 2237 nova
1416 2201 1679 2249 terribilisque

265 2273 422 2322 species
454 2272 538 2309 visa
570 2278 643 2317 est,
678 2273 791 2321 quod
817 2273 958 2308 armati
982 2270 1051 2323 (ita
1083 2284 1172 2308 mos
1194 2271 1326 2320 gentis
1352 2268 1450 2321 erat)
1475 2271 1516 2307 in
1544 2270 1680 2307 conci-

227 2343 361 2383 21ium
384 2348 592 2380 venerunt.
648 2344 782 2389 Quum
807 2343 935 2378 verbis
960 2343 1198 2379 extollentes
1222 2342 1393 2390 gloriam
1416 2341 1679 2388 virtutemque

265 2414 404 2463 populi
428 2414 602 2450 Romani
635 2425 682 2450 ac
706 2413 1029 2461 magnitudinem
1052 2412 1206 2461 imperii
1232 2411 1441 2460 petissent,
1474 2424 1526 2447 ne
1550 2411 1678 2448 Poeno

265 2485 414 2521 bellum
445 2484 568 2521 Italiae
610 2483 796 2520 inferenti
839 2495 911 2532 per
949 2495 1070 2531 agros
1111 2483 1311 2530 urbesque
1344 2493 1437 2518 suas
1469 2481 1678 2517 transitum

229 2554 424 2598 3darent,
459 2559 593 2591 tantus
626 2566 716 2590 cum
750 2553 906 2589 fremitu
938 2553 1040 2590 risus
1072 2553 1216 2589 dicitur
1239 2558 1362 2596 ortus,
1394 2557 1438 2587 ut
1460 2551 1522 2587 vix
1548 2563 1573 2587 a
1594 2563 1679 2587 ma-

228 2623 255 2663 4
265 2624 496 2673 gistratibus
514 2624 813 2672 maioribusque
830 2628 928 2660 natu
945 2624 1128 2659 iuventus
1147 2624 1375 2666 sedaretur;
1404 2622 1511 2657 adeo
1530 2620 1678 2658 stolida
