1789 2955
536 56 653 91 Liber
678 56 847 92 XXVII.
895 58 956 103 (A.
983 57 1047 92 Oh.
1072 58 1167 101 208.)
1513 61 1564 98 99

128 184 240 222 *enim
271 184 404 222 omnia
420 185 576 222 emebat
592 187 661 222 aut
685 184 1006 233 ebhndiebatur,
1038 185 1107 223 sed
1133 184 1214 223 vim
1246 185 1369 223 etiam
1399 184 1567 235 flagitiis

131 255 364 303 adhibebat,
394 256 741 306 periculosumque
758 259 798 294 et
813 256 911 295 viris
934 261 973 295 et
987 257 1220 308 parentibus
1238 260 1325 295 erat
1341 270 1491 295 moram
1506 258 1565 294 in-

139 328 347 365 commoda
372 328 587 366 severitate
618 328 784 366 libidini
809 328 932 377 regiae
956 330 1099 368 fecisse
1121 344 1128 376 ;
1152 329 1222 366 uni
1249 330 1367 367 etiam
1392 330 1568 380 principi
1588 330 1613 366 8

131 398 375 437 Achaeorum
391 399 522 437 Arato
539 400 727 450 adempta
759 413 860 438 uxor
890 402 1050 439 nomine
1067 401 1299 451 Polycratia
1330 414 1374 438 ac
1407 415 1476 451 spe
1506 414 1565 439 re-

131 470 291 519 giarum
322 472 555 522 nuptiarum
586 473 628 509 in
657 472 938 510 Macedoniam
969 477 1174 523 asportata
1202 473 1346 513 fuerat.

245 542 327 581 Per
355 543 440 582 haec
471 545 627 594 flagitia
667 544 849 582 sollemni
879 544 1120 583 Nemeorum
1156 548 1319 595 peracto
1350 544 1568 594 paucisque
1587 546 1609 581 9

130 614 280 653 additis
306 615 460 664 diebus,
492 617 645 666 Dymas
671 619 731 654 est
759 617 963 666 profectus
995 618 1046 655 ad
1077 617 1310 667 praesidium
1326 616 1566 662 AEtolorum‚

128 686 238 736 quod
269 687 319 724 ab
335 687 445 726 Eleis
472 689 643 726 accitum
669 692 955 739 acceptumque
973 689 1014 725 in
1030 690 1169 727 urbem
1186 692 1283 736 erat,
1316 688 1565 726 eiiciendum.

130 757 341 807 Cycliadas
387 758 527 814 (penes
572 774 658 798 eum
704 774 858 799 summa
904 761 1062 810 imperii
1109 762 1209 811 erat)
1249 760 1472 810 Achaeique
1518 760 1570 798 ad
1591 760 1641 798 10

131 828 285 879 Dymas
302 832 389 881 regi
407 845 626 879 occurrere,
659 837 699 870 et
725 832 906 871 Eliorum
926 833 1082 870 accensi
1101 834 1203 879 odio,
1237 833 1344 882 quod
1376 847 1398 870 a
1423 832 1566 870 ceteris

133 901 299 941 Achaeis
316 903 588 951 dissentirent,
621 910 659 943 et
684 906 832 943 infensi
848 905 1011 949 AEtolis,
1047 919 1145 955 quos
1162 905 1389 943 Romanum
1406 917 1566 955 quoque

131 974 322 1013 adversus
362 989 402 1014 se
442 978 613 1015 movisse
659 978 809 1016 bellum
842 977 1069 1015 credebant.
1143 978 1324 1015 Profecti
1370 991 1393 1014 a
1423 977 1568 1025 Dymis
1590 978 1636 1014 11

136 1047 349 1085 coniuncto
395 1050 572 1087 exercitu
617 1053 829 1088 transeunt
873 1050 1057 1087 Larisum
1104 1063 1271 1096 amnem,
1317 1050 1385 1099 qui
1429 1049 1565 1086 Elium

127 1131 267 1167 agrum
299 1134 322 1158 a
353 1120 520 1169 Dymaeo
552 1122 714 1160 dirimit.
774 1122 957 1159 Primum
988 1122 1115 1169 diem,
1154 1135 1231 1171 quo
1262 1121 1361 1158 fines
1390 1121 1566 1158 hostium
1640 1117 1695 1166 32

129 1190 301 1239 ingressi
345 1197 454 1240 sunt,
499 1194 729 1243 populando
775 1194 1100 1244 absumpserunt;
1155 1198 1316 1244 postero
1370 1193 1435 1231 die
1481 1192 1566 1230 acie

128 1262 325 1301 instructa
355 1265 406 1302 ad
436 1266 576 1303 urbem
598 1270 858 1313 accesserunt,
884 1267 1104 1316 praemissis
1130 1267 1342 1316 equitibus,
1374 1265 1443 1315 qui
1474 1265 1566 1302 obe-

132 1335 328 1384 quitando
343 1337 470 1386 portis
486 1341 715 1388 promptum
728 1338 778 1375 ad
790 1339 1046 1376 excursiones
1062 1352 1188 1388 genus
1205 1339 1446 1376 lacesserent
1454 1337 1566 1375 AEto-

136 1407 277 1445 lorum.
306 1408 568 1458 Ignorabant,
586 1408 810 1460 Sulpicium
834 1424 922 1447 cum
942 1411 1171 1460 quindecim
1200 1410 1369 1448 navibus
1397 1410 1445 1447 ab
1462 1409 1569 1447 Nau·
1589 1409 1611 1443 2

127 1482 246 1529 pacto
273 1479 464 1529 Cyllenen
486 1482 693 1520 traiecisse
726 1486 777 1529 et,
807 1483 1000 1532 expositis
1026 1483 1068 1520 in
1091 1486 1239 1520 terram
1263 1485 1453 1532 quattuor
1478 1481 1564 1518 mil-

128 1550 234 1588 libus
254 1555 509 1601 armatorum,
528 1554 688 1592 silentio
716 1554 858 1601 noctis,
884 1568 932 1592 ne
957 1555 1135 1605 conspici
1159 1568 1300 1604 agmen
1330 1557 1476 1604 posset,
1508 1554 1565 1589 in-

126 1627 254 1661 trasse
275 1624 395 1663 Elim.
442 1625 586 1675 Ita-que
617 1626 839 1676 improvisa
869 1640 933 1664 res
964 1628 1166 1675 ingentem
1198 1627 1337 1663 iniecit
1366 1629 1572 1669 terrorem,
1590 1625 1613 1662 3

127 1698 338 1746 postquam
380 1698 484 1735 inter
515 1698 672 1735 AEtolos
703 1698 898 1748 Eliosque
930 1698 1112 1736 Romana
1149 1698 1266 1748 signa
1305 1701 1426 1747 atque
1456 1710 1565 1735 arma

130 1781 364 1817 cognovere.
382 1769 437 1807 Et
452 1770 583 1820 primo
599 1770 780 1820 recipere
798 1784 888 1808 suos
905 1771 1088 1808 voluerat
1104 1783 1193 1817 rex;
1217 1769 1372 1816 deinde,
1388 1771 1565 1807 contrac-
1582 1768 1607 1805 4

126 1843 169 1878 to
196 1840 276 1878 iam
300 1841 408 1879 inter
422 1842 583 1880 AEtolos
607 1845 647 1879 et
663 1841 818 1880 Tralles
838 1842 1089 1891 (Illyriorum
1117 1842 1161 1879 id
1178 1846 1237 1879 est
1262 1839 1406 1893 genus)
1439 1843 1564 1878 certa-

127 1913 246 1960 mine,
279 1926 400 1963 quum
430 1914 568 1963 urgeri
597 1914 754 1952 videret
785 1927 888 1961 SUOS,
921 1918 961 1952 et
983 1915 1067 1964 ipse
1090 1928 1161 1951 rex
1191 1927 1279 1951 cum
1311 1914 1493 1963 equitatu
1524 1913 1565 1949 in

127 1985 330 2023 cohortem
360 1985 584 2024 Romanam
614 1987 797 2026 incurrit.
844 1987 911 2024 Ibi
948 1999 1075 2036 equus
1107 1986 1190 2036 pilo
1220 1986 1413 2023 traiectus
1445 1998 1566 2034 quum
1585 1985 1607 2021 5

126 2058 359 2108 prolapsum
384 2071 503 2108 super
526 2063 647 2108 caput
668 2072 803 2107 regem
829 2058 1044 2105 effudisset,
1075 2061 1191 2095 atrox
1214 2070 1350 2108 pugna
1374 2057 1565 2106 utrinque

128 2142 294 2168 accensa
325 2134 396 2178 est,
427 2133 467 2168 et
497 2131 546 2168 ab
562 2131 757 2169 Romanis
789 2132 942 2181 impetu
982 2130 1024 2167 in
1054 2143 1190 2179 regem
1229 2131 1332 2167 facto
1365 2133 1404 2166 et
1433 2132 1564 2179 prote-

129 2202 315 2251 gentibus
345 2202 480 2251 regiis.
540 2203 720 2252 Insignis
752 2206 791 2240 et
836 2203 963 2253 ipsius
1005 2215 1141 2252 pugna
1170 2202 1260 2249 fuit,
1293 2215 1415 2251 quum
1445 2200 1566 2251 pedes
1585 2203 1607 2237 6

127 2274 234 2312 inter
264 2274 421 2325 equites
452 2278 612 2313 coactus
644 2279 748 2313 esset
776 2275 962 2324 proelium
1002 2275 1124 2320 inire3
1171 2274 1286 2321 dein,
1331 2287 1452 2323 quum
1484 2273 1563 2310 iam

127 2346 256 2396 impar
287 2350 485 2385 certamen
516 2350 621 2386 esset
652 2347 919 2397 caderentque
952 2347 1057 2384 circa
1088 2359 1177 2384 eum
1208 2345 1325 2383 multi
1357 2349 1397 2382 et
1425 2345 1562 2383 vulne-

127 2422 324 2467 rarentur,
354 2422 493 2470 raptus
525 2419 573 2456 ab
605 2420 686 2457 suis
718 2423 837 2469 atque
869 2419 989 2457 alteri
1020 2431 1122 2468 equo
1151 2418 1320 2456 iniectus
1344 2417 1459 2466 fugit.
1504 2416 1564 2453 Eo
1585 2418 1605 2451 ἰ’

129 2491 194 2528 die
211 2495 340 2530 castra
357 2492 534 2541 quinque
552 2492 678 2530 millia
693 2505 880 2542 passuum
912 2491 962 2528 ab
994 2490 1093 2527 urbe
1110 2490 1292 2528 Eliorum
1309 2489 1465 2539 posuit,
1496 2501 1565 2538 po-

127 2566 235 2601 stero
259 2562 324 2601 die
347 2577 481 2601 omnes
507 2563 645 2614 copias
668 2564 718 2601 ad
735 2564 1004 2614 propinquum
1016 2562 1197 2600 Eliorum
1215 2562 1424 2599 castellum
1445 2561 1561 2609 (Pyr-

128 2648 224 2685 gum
240 2636 400 2684 vocant)
419 2635 568 2682 eduxit,
586 2649 665 2685 quo
690 2636 908 2685 agrestium
925 2633 1223 2673 multitudinem
1247 2647 1334 2671 cum
1351 2633 1562 2684 pecoribus

1245 2703 1286 2735 7ss
