<?xml version="1.0" encoding="UTF-8"?>
<!DOCTYPE html PUBLIC "-//W3C//DTD XHTML 1.0 Transitional//EN"
    "http://www.w3.org/TR/xhtml1/DTD/xhtml1-transitional.dtd">
<html xmlns="http://www.w3.org/1999/xhtml" xml:lang="en" lang="en">
 <head>
  <title>
</title>
<meta http-equiv="Content-Type" content="text/html;charset=utf-8" />
  <meta name='ocr-system' content='tesseract 3.04.00' />
  <meta name='ocr-capabilities' content='ocr_page ocr_carea ocr_par ocr_line ocrx_word'/>
</head>
<body>
  <div class='ocr_page' id='page_1' title='image "./historiarumroman02livyuoft_0464.png"; bbox 0 0 1789 2955; ppageno 0'>
   <div class='ocr_carea' id='block_1_1' title="bbox 210 79 1262 124">
    <p class='ocr_par' dir='ltr' id='par_1_1' title="bbox 210 79 1262 124">
     <span class='ocr_line' id='line_1_1' title="bbox 210 79 1262 124; baseline -0.008 -3"><span class='ocrx_word' id='word_1_1' title='bbox 210 84 288 121; x_wconf 79' lang='lat'>134</span> <span class='ocrx_word' id='word_1_2' title='bbox 585 80 699 114; x_wconf 72' lang='lat' dir='ltr'>Liber</span> <span class='ocrx_word' id='word_1_3' title='bbox 725 79 915 114; x_wconf 73' lang='lat' dir='ltr'>xxvni.</span> <span class='ocrx_word' id='word_1_4' title='bbox 964 81 1024 123; x_wconf 89' lang='lat' dir='ltr'>(A.</span> <span class='ocrx_word' id='word_1_5' title='bbox 1051 92 1085 116; x_wconf 85' lang='lat' dir='ltr'>u.</span> <span class='ocrx_word' id='word_1_6' title='bbox 1113 91 1142 115; x_wconf 80' lang='lat' dir='ltr'>c.</span> <span class='ocrx_word' id='word_1_7' title='bbox 1168 81 1262 124; x_wconf 84' lang='lat'>548.)</span> 
     </span>
    </p>
   </div>
   <div class='ocr_carea' id='block_1_2' title="bbox 57 207 1643 2697">
    <p class='ocr_par' dir='ltr' id='par_1_2' title="bbox 164 207 1641 617">
     <span class='ocr_line' id='line_1_2' title="bbox 204 207 1639 258; baseline 0.001 -13"><span class='ocrx_word' id='word_1_8' title='bbox 204 212 273 246; x_wconf 87' lang='lat' dir='ltr'>aut</span> <span class='ocrx_word' id='word_1_9' title='bbox 302 208 497 245; x_wconf 84' lang='lat' dir='ltr'>nuntiatis</span> <span class='ocrx_word' id='word_1_10' title='bbox 528 221 693 258; x_wconf 83' lang='lat' dir='ltr'>peregre</span> <span class='ocrx_word' id='word_1_11' title='bbox 724 211 794 246; x_wconf 89' lang='lat' dir='ltr'>aut</span> <span class='ocrx_word' id='word_1_12' title='bbox 823 207 922 245; x_wconf 87' lang='lat' dir='ltr'>visis</span> <span class='ocrx_word' id='word_1_13' title='bbox 954 207 1062 245; x_wconf 90' lang='lat' dir='ltr'>domi</span> <span class='ocrx_word' id='word_1_14' title='bbox 1092 207 1293 256; x_wconf 89' lang='lat' dir='ltr'>prodigiis</span> <span class='ocrx_word' id='word_1_15' title='bbox 1315 208 1462 245; x_wconf 83' lang='lat' dir='ltr'>terruit</span> <span class='ocrx_word' id='word_1_16' title='bbox 1487 207 1639 246; x_wconf 86' lang='lat' dir='ltr'>animos</span> 
     </span>
     <span class='ocr_line' id='line_1_3' title="bbox 202 279 1639 329; baseline 0.001 -13"><span class='ocrx_word' id='word_1_17' title='bbox 202 280 405 317; x_wconf 88' lang='lat' dir='ltr'>hominum</span> <span class='ocrx_word' id='word_1_18' title='bbox 438 279 543 327; x_wconf 86' lang='lat' dir='ltr'>ignis</span> <span class='ocrx_word' id='word_1_19' title='bbox 575 280 615 316; x_wconf 90' lang='lat' dir='ltr'>in</span> <span class='ocrx_word' id='word_1_20' title='bbox 658 279 740 317; x_wconf 87' lang='lat' dir='ltr'>aede</span> <span class='ocrx_word' id='word_1_21' title='bbox 773 279 906 317; x_wconf 88' lang='lat' dir='ltr'>Vestae</span> <span class='ocrx_word' id='word_1_22' title='bbox 938 280 1177 325; x_wconf 75' lang='lat' dir='ltr'>exstinctus,</span> <span class='ocrx_word' id='word_1_23' title='bbox 1209 292 1389 328; x_wconf 88' lang='lat' dir='ltr'>caesaque</span> <span class='ocrx_word' id='word_1_24' title='bbox 1421 279 1545 329; x_wconf 87' lang='lat' dir='ltr'>flagro</span> <span class='ocrx_word' id='word_1_25' title='bbox 1579 284 1639 317; x_wconf 87' lang='lat' dir='ltr'>est</span> 
     </span>
     <span class='ocr_line' id='line_1_4' title="bbox 205 351 1641 398; baseline -0.001 -9"><span class='ocrx_word' id='word_1_26' title='bbox 205 351 395 398; x_wconf 77' lang='lat' dir='ltr'>Vestalis,</span> <span class='ocrx_word' id='word_1_27' title='bbox 426 352 539 388; x_wconf 90' lang='lat' dir='ltr'>cuius</span> <span class='ocrx_word' id='word_1_28' title='bbox 572 351 756 389; x_wconf 89' lang='lat' dir='ltr'>custodia</span> <span class='ocrx_word' id='word_1_29' title='bbox 785 352 915 389; x_wconf 87' lang='lat' dir='ltr'>noctis</span> <span class='ocrx_word' id='word_1_30' title='bbox 961 351 1045 389; x_wconf 88' lang='lat' dir='ltr'>eius</span> <span class='ocrx_word' id='word_1_31' title='bbox 1092 351 1239 396; x_wconf 87' lang='lat' dir='ltr'>fuerat,</span> <span class='ocrx_word' id='word_1_32' title='bbox 1272 351 1380 388; x_wconf 87' lang='lat' dir='ltr'>iussu</span> <span class='ocrx_word' id='word_1_33' title='bbox 1412 351 1458 388; x_wconf 90' lang='lat' dir='ltr'>P.</span> <span class='ocrx_word' id='word_1_34' title='bbox 1490 351 1641 389; x_wconf 81' lang='lat' dir='ltr'>Licinii</span> 
     </span>
     <span class='ocr_line' id='line_1_5' title="bbox 164 421 1640 473; baseline 0.001 -15"><span class='ocrx_word' id='word_1_35' title='bbox 164 421 418 473; x_wconf 87' lang='lat' dir='ltr'>7pontificis.</span> <span class='ocrx_word' id='word_1_36' title='bbox 479 423 528 460; x_wconf 87' lang='lat' dir='ltr'>Id</span> <span class='ocrx_word' id='word_1_37' title='bbox 569 436 796 472; x_wconf 81' lang='lat' dir='ltr'>quanquam</span> <span class='ocrx_word' id='word_1_38' title='bbox 835 423 937 460; x_wconf 88' lang='lat' dir='ltr'><strong>nihil</strong></span> <span class='ocrx_word' id='word_1_39' title='bbox 968 422 1303 473; x_wconf 72' lang='lat' dir='ltr'>portendentibus</span> <span class='ocrx_word' id='word_1_40' title='bbox 1335 421 1432 467; x_wconf 79' lang='lat' dir='ltr'>deis,</span> <span class='ocrx_word' id='word_1_41' title='bbox 1465 427 1640 460; x_wconf 89' lang='lat' dir='ltr'>ceterum</span> 
     </span>
     <span class='ocr_line' id='line_1_6' title="bbox 204 494 1640 544; baseline 0 -12"><span class='ocrx_word' id='word_1_42' title='bbox 204 495 452 544; x_wconf 75' lang='lat' dir='ltr'>negligentia</span> <span class='ocrx_word' id='word_1_43' title='bbox 497 494 671 532; x_wconf 83' lang='lat' dir='ltr'>humana</span> <span class='ocrx_word' id='word_1_44' title='bbox 717 495 928 541; x_wconf 85' lang='lat' dir='ltr'>acciderat,</span> <span class='ocrx_word' id='word_1_45' title='bbox 974 498 1106 532; x_wconf 90' lang='lat' dir='ltr'>tamen</span> <span class='ocrx_word' id='word_1_46' title='bbox 1154 498 1192 531; x_wconf 91' lang='lat' dir='ltr'>et</span> <span class='ocrx_word' id='word_1_47' title='bbox 1236 494 1379 531; x_wconf 88' lang='lat' dir='ltr'>hostiis</span> <span class='ocrx_word' id='word_1_48' title='bbox 1420 495 1640 532; x_wconf 87' lang='lat' dir='ltr'>maioribus</span> 
     </span>
     <span class='ocr_line' id='line_1_7' title="bbox 204 565 1465 617; baseline -0.001 -13"><span class='ocrx_word' id='word_1_49' title='bbox 204 566 414 616; x_wconf 88' lang='lat' dir='ltr'>procurari</span> <span class='ocrx_word' id='word_1_50' title='bbox 447 569 486 603; x_wconf 90' lang='lat' dir='ltr'>et</span> <span class='ocrx_word' id='word_1_51' title='bbox 517 567 849 617; x_wconf 74' lang='lat' dir='ltr'>supplicationem</span> <span class='ocrx_word' id='word_1_52' title='bbox 883 567 931 603; x_wconf 90' lang='lat' dir='ltr'>ad</span> <span class='ocrx_word' id='word_1_53' title='bbox 965 566 1099 603; x_wconf 87' lang='lat' dir='ltr'>Vestae</span> <span class='ocrx_word' id='word_1_54' title='bbox 1132 565 1273 603; x_wconf 88' lang='lat' dir='ltr'>haberi</span> <span class='ocrx_word' id='word_1_55' title='bbox 1302 566 1465 615; x_wconf 86' lang='lat' dir='ltr'>placuit.</span> 
     </span>
    </p>

    <p class='ocr_par' dir='ltr' id='par_1_3' title="bbox 157 637 1642 903">
     <span class='ocr_line' id='line_1_8' title="bbox 157 637 1641 688; baseline 0.003 -15"><span class='ocrx_word' id='word_1_56' title='bbox 157 638 181 673; x_wconf 78' lang='lat'>8</span> <span class='ocrx_word' id='word_1_57' title='bbox 315 638 558 687; x_wconf 79' lang='lat' dir='ltr'>Priusquam</span> <span class='ocrx_word' id='word_1_58' title='bbox 590 638 937 688; x_wconf 82' lang='lat' dir='ltr'>proficiscerentur</span> <span class='ocrx_word' id='word_1_59' title='bbox 969 637 1151 675; x_wconf 86' lang='lat' dir='ltr'>consules</span> <span class='ocrx_word' id='word_1_60' title='bbox 1198 638 1248 674; x_wconf 90' lang='lat' dir='ltr'>ad</span> <span class='ocrx_word' id='word_1_61' title='bbox 1280 637 1449 685; x_wconf 86' lang='lat' dir='ltr'>bellum,</span> <span class='ocrx_word' id='word_1_62' title='bbox 1497 639 1641 677; x_wconf 88' lang='lat' dir='ltr'>moniti</span> 
     </span>
     <span class='ocr_line' id='line_1_9' title="bbox 204 710 1641 760; baseline 0.001 -14"><span class='ocrx_word' id='word_1_63' title='bbox 204 723 225 746; x_wconf 90' lang='lat' dir='ltr'>a</span> <span class='ocrx_word' id='word_1_64' title='bbox 256 713 395 747; x_wconf 88' lang='lat' dir='ltr'>senatu</span> <span class='ocrx_word' id='word_1_65' title='bbox 427 714 530 756; x_wconf 79' lang='lat' dir='ltr'>sunt,</span> <span class='ocrx_word' id='word_1_66' title='bbox 560 713 605 747; x_wconf 90' lang='lat' dir='ltr'>ut</span> <span class='ocrx_word' id='word_1_67' title='bbox 636 711 675 747; x_wconf 90' lang='lat' dir='ltr'>in</span> <span class='ocrx_word' id='word_1_68' title='bbox 709 724 824 760; x_wconf 82' lang='lat' dir='ltr'>agros</span> <span class='ocrx_word' id='word_1_69' title='bbox 856 710 1091 748; x_wconf 71' lang='lat' dir='ltr'>reducendae</span> <span class='ocrx_word' id='word_1_70' title='bbox 1120 710 1251 759; x_wconf 85' lang='lat' dir='ltr'>plebis</span> <span class='ocrx_word' id='word_1_71' title='bbox 1270 723 1403 747; x_wconf 85' lang='lat' dir='ltr'>curam</span> <span class='ocrx_word' id='word_1_72' title='bbox 1429 710 1641 748; x_wconf 77' lang='lat' dir='ltr'>haberent:</span> 
     </span>
     <span class='ocr_line' id='line_1_10' title="bbox 204 782 1640 831; baseline 0.001 -12"><span class='ocrx_word' id='word_1_73' title='bbox 204 782 321 819; x_wconf 90' lang='lat' dir='ltr'>deum</span> <span class='ocrx_word' id='word_1_74' title='bbox 353 782 605 831; x_wconf 74' lang='lat' dir='ltr'>benignitate</span> <span class='ocrx_word' id='word_1_75' title='bbox 636 787 873 820; x_wconf 83' lang='lat' dir='ltr'>summotum</span> <span class='ocrx_word' id='word_1_76' title='bbox 904 783 1053 820; x_wconf 91' lang='lat' dir='ltr'>bellum</span> <span class='ocrx_word' id='word_1_77' title='bbox 1085 782 1135 819; x_wconf 89' lang='lat' dir='ltr'>ab</span> <span class='ocrx_word' id='word_1_78' title='bbox 1167 782 1266 819; x_wconf 90' lang='lat' dir='ltr'>urbe</span> <span class='ocrx_word' id='word_1_79' title='bbox 1297 782 1479 819; x_wconf 84' lang='lat' dir='ltr'>Romana</span> <span class='ocrx_word' id='word_1_80' title='bbox 1510 786 1548 820; x_wconf 87' lang='lat' dir='ltr'>et</span> <span class='ocrx_word' id='word_1_81' title='bbox 1565 782 1640 820; x_wconf 85' lang='lat' dir='ltr'>La-</span> 
     </span>
     <span class='ocr_line' id='line_1_11' title="bbox 203 854 1642 903; baseline 0 -12"><span class='ocrx_word' id='word_1_82' title='bbox 203 854 259 891; x_wconf 88' lang='lat' dir='ltr'>tio</span> <span class='ocrx_word' id='word_1_83' title='bbox 292 867 388 901; x_wconf 87' lang='lat' dir='ltr'>esse,</span> <span class='ocrx_word' id='word_1_84' title='bbox 404 857 444 891; x_wconf 87' lang='lat' dir='ltr'>et</span> <span class='ocrx_word' id='word_1_85' title='bbox 459 868 574 903; x_wconf 87' lang='lat' dir='ltr'>posse</span> <span class='ocrx_word' id='word_1_86' title='bbox 592 855 678 891; x_wconf 88' lang='lat' dir='ltr'>sine</span> <span class='ocrx_word' id='word_1_87' title='bbox 704 858 810 892; x_wconf 90' lang='lat' dir='ltr'>metu</span> <span class='ocrx_word' id='word_1_88' title='bbox 829 855 870 892; x_wconf 89' lang='lat' dir='ltr'>in</span> <span class='ocrx_word' id='word_1_89' title='bbox 898 855 1007 903; x_wconf 84' lang='lat' dir='ltr'>agris</span> <span class='ocrx_word' id='word_1_90' title='bbox 1023 854 1217 900; x_wconf 73' lang='lat' dir='ltr'>habitari3</span> <span class='ocrx_word' id='word_1_91' title='bbox 1249 854 1411 891; x_wconf 88' lang='lat' dir='ltr'>minime</span> <span class='ocrx_word' id='word_1_92' title='bbox 1430 854 1642 892; x_wconf 88' lang='lat' dir='ltr'>convenire</span> 
     </span>
    </p>

    <p class='ocr_par' dir='ltr' id='par_1_4' title="bbox 167 925 1643 1191">
     <span class='ocr_line' id='line_1_12' title="bbox 167 925 1639 975; baseline 0.001 -14"><span class='ocrx_word' id='word_1_93' title='bbox 167 926 188 959; x_wconf 59' lang='lat' dir='ltr'>‘L’</span> <span class='ocrx_word' id='word_1_94' title='bbox 208 925 360 962; x_wconf 77' lang='lat' dir='ltr'>Siciliae</span> <span class='ocrx_word' id='word_1_95' title='bbox 393 939 511 975; x_wconf 86' lang='lat' dir='ltr'>quam</span> <span class='ocrx_word' id='word_1_96' title='bbox 542 926 673 964; x_wconf 78' lang='lat' dir='ltr'>Italiae</span> <span class='ocrx_word' id='word_1_97' title='bbox 705 926 882 964; x_wconf 78' lang='lat' dir='ltr'>colendae</span> <span class='ocrx_word' id='word_1_98' title='bbox 920 926 1108 963; x_wconf 86' lang='lat' dir='ltr'>maiorem</span> <span class='ocrx_word' id='word_1_99' title='bbox 1141 939 1273 963; x_wconf 87' lang='lat' dir='ltr'>curam</span> <span class='ocrx_word' id='word_1_100' title='bbox 1307 939 1401 963; x_wconf 89' lang='lat' dir='ltr'>esse.</span> <span class='ocrx_word' id='word_1_101' title='bbox 1464 925 1543 963; x_wconf 83' lang='lat' dir='ltr'>Sed</span> <span class='ocrx_word' id='word_1_102' title='bbox 1575 939 1639 963; x_wconf 90' lang='lat' dir='ltr'>res</span> 
     </span>
     <span class='ocr_line' id='line_1_13' title="bbox 204 997 1640 1048; baseline 0.001 -14"><span class='ocrx_word' id='word_1_103' title='bbox 204 997 515 1047; x_wconf 80' lang='lat' dir='ltr'>haudquaquam</span> <span class='ocrx_word' id='word_1_104' title='bbox 549 1001 634 1035; x_wconf 88' lang='lat' dir='ltr'>erat</span> <span class='ocrx_word' id='word_1_105' title='bbox 665 999 815 1048; x_wconf 87' lang='lat' dir='ltr'>populo</span> <span class='ocrx_word' id='word_1_106' title='bbox 847 998 992 1042; x_wconf 75' lang='lat' dir='ltr'>facilis,</span> <span class='ocrx_word' id='word_1_107' title='bbox 1026 1001 1064 1034; x_wconf 90' lang='lat' dir='ltr'>et</span> <span class='ocrx_word' id='word_1_108' title='bbox 1103 998 1244 1034; x_wconf 87' lang='lat' dir='ltr'>liberis</span> <span class='ocrx_word' id='word_1_109' title='bbox 1277 998 1503 1036; x_wconf 86' lang='lat' dir='ltr'>cultoribus</span> <span class='ocrx_word' id='word_1_110' title='bbox 1533 998 1640 1036; x_wconf 88' lang='lat' dir='ltr'>bello</span> 
     </span>
     <span class='ocr_line' id='line_1_14' title="bbox 204 1069 1643 1120; baseline 0.001 -15"><span class='ocrx_word' id='word_1_111' title='bbox 204 1070 438 1119; x_wconf 62' lang='lat' dir='ltr'>absumptis,</span> <span class='ocrx_word' id='word_1_112' title='bbox 473 1074 510 1107; x_wconf 87' lang='lat' dir='ltr'>et</span> <span class='ocrx_word' id='word_1_113' title='bbox 544 1070 679 1120; x_wconf 87' lang='lat' dir='ltr'>inopia</span> <span class='ocrx_word' id='word_1_114' title='bbox 711 1070 979 1115; x_wconf 84' lang='lat' dir='ltr'>servitiorum,</span> <span class='ocrx_word' id='word_1_115' title='bbox 1021 1073 1059 1106; x_wconf 87' lang='lat' dir='ltr'>et</span> <span class='ocrx_word' id='word_1_116' title='bbox 1090 1083 1232 1119; x_wconf 86' lang='lat' dir='ltr'>pecore</span> <span class='ocrx_word' id='word_1_117' title='bbox 1264 1069 1420 1119; x_wconf 87' lang='lat' dir='ltr'>direpto</span> <span class='ocrx_word' id='word_1_118' title='bbox 1452 1069 1643 1120; x_wconf 88' lang='lat' dir='ltr'>villisque</span> 
     </span>
     <span class='ocr_line' id='line_1_15' title="bbox 205 1141 1643 1191; baseline 0.001 -13"><span class='ocrx_word' id='word_1_119' title='bbox 205 1141 353 1178; x_wconf 85' lang='lat' dir='ltr'>dirutis</span> <span class='ocrx_word' id='word_1_120' title='bbox 385 1145 454 1179; x_wconf 88' lang='lat' dir='ltr'>aut</span> <span class='ocrx_word' id='word_1_121' title='bbox 486 1142 680 1188; x_wconf 75' lang='lat' dir='ltr'>incensis3</span> <span class='ocrx_word' id='word_1_122' title='bbox 713 1155 858 1191; x_wconf 88' lang='lat' dir='ltr'>magna</span> <span class='ocrx_word' id='word_1_123' title='bbox 888 1144 1020 1179; x_wconf 90' lang='lat' dir='ltr'>tamen</span> <span class='ocrx_word' id='word_1_124' title='bbox 1053 1155 1146 1190; x_wconf 85' lang='lat' dir='ltr'>pars</span> <span class='ocrx_word' id='word_1_125' title='bbox 1171 1142 1411 1179; x_wconf 87' lang='lat' dir='ltr'>auctoritate</span> <span class='ocrx_word' id='word_1_126' title='bbox 1438 1142 1643 1179; x_wconf 81' lang='lat' dir='ltr'>consulum</span> 
     </span>
    </p>

    <p class='ocr_par' dir='ltr' id='par_1_5' title="bbox 138 1210 1643 1479">
     <span class='ocr_line' id='line_1_16' title="bbox 138 1210 1643 1263; baseline 0 -13"><span class='ocrx_word' id='word_1_127' title='bbox 138 1210 187 1246; x_wconf 87' lang='lat'>10</span> <span class='ocrx_word' id='word_1_128' title='bbox 206 1214 409 1263; x_wconf 82' lang='lat' dir='ltr'>compulsa</span> <span class='ocrx_word' id='word_1_129' title='bbox 440 1214 479 1250; x_wconf 90' lang='lat' dir='ltr'>in</span> <span class='ocrx_word' id='word_1_130' title='bbox 513 1227 630 1262; x_wconf 90' lang='lat' dir='ltr'>agros</span> <span class='ocrx_word' id='word_1_131' title='bbox 662 1213 909 1263; x_wconf 86' lang='lat' dir='ltr'>remigravit.</span> <span class='ocrx_word' id='word_1_132' title='bbox 966 1213 1178 1251; x_wconf 86' lang='lat' dir='ltr'>Moverant</span> <span class='ocrx_word' id='word_1_133' title='bbox 1213 1216 1346 1251; x_wconf 82' lang='lat' dir='ltr'>autem</span> <span class='ocrx_word' id='word_1_134' title='bbox 1378 1213 1546 1251; x_wconf 89' lang='lat' dir='ltr'>huiusce</span> <span class='ocrx_word' id='word_1_135' title='bbox 1584 1214 1643 1251; x_wconf 87' lang='lat' dir='ltr'>rei</span> 
     </span>
     <span class='ocr_line' id='line_1_17' title="bbox 204 1285 1643 1335; baseline 0.001 -13"><span class='ocrx_word' id='word_1_136' title='bbox 204 1286 443 1324; x_wconf 84' lang='lat' dir='ltr'>mentionem</span> <span class='ocrx_word' id='word_1_137' title='bbox 475 1285 803 1322; x_wconf 80' lang='lat' dir='ltr'>Placentinorum</span> <span class='ocrx_word' id='word_1_138' title='bbox 837 1289 877 1323; x_wconf 93' lang='lat' dir='ltr'>et</span> <span class='ocrx_word' id='word_1_139' title='bbox 904 1285 1231 1323; x_wconf 82' lang='lat' dir='ltr'>Cremonensium</span> <span class='ocrx_word' id='word_1_140' title='bbox 1263 1285 1399 1334; x_wconf 87' lang='lat' dir='ltr'>legati,</span> <span class='ocrx_word' id='word_1_141' title='bbox 1432 1288 1643 1335; x_wconf 84' lang='lat' dir='ltr'>querentes</span> 
     </span>
     <span class='ocr_line' id='line_1_18' title="bbox 204 1357 1641 1407; baseline 0.001 -13"><span class='ocrx_word' id='word_1_142' title='bbox 204 1371 342 1406; x_wconf 85' lang='lat' dir='ltr'>agrum</span> <span class='ocrx_word' id='word_1_143' title='bbox 374 1371 489 1395; x_wconf 89' lang='lat' dir='ltr'>suum</span> <span class='ocrx_word' id='word_1_144' title='bbox 506 1358 555 1394; x_wconf 91' lang='lat' dir='ltr'>ab</span> <span class='ocrx_word' id='word_1_145' title='bbox 580 1357 728 1394; x_wconf 85' lang='lat' dir='ltr'>accolis</span> <span class='ocrx_word' id='word_1_146' title='bbox 747 1357 880 1395; x_wconf 83' lang='lat' dir='ltr'>Gallis</span> <span class='ocrx_word' id='word_1_147' title='bbox 902 1357 1097 1394; x_wconf 87' lang='lat' dir='ltr'>incursari</span> <span class='ocrx_word' id='word_1_148' title='bbox 1121 1370 1166 1394; x_wconf 90' lang='lat' dir='ltr'>ac</span> <span class='ocrx_word' id='word_1_149' title='bbox 1181 1357 1343 1403; x_wconf 78' lang='lat' dir='ltr'>vastari,</span> <span class='ocrx_word' id='word_1_150' title='bbox 1378 1371 1641 1407; x_wconf 85' lang='lat' dir='ltr'>magnamque</span> 
     </span>
     <span class='ocr_line' id='line_1_19' title="bbox 203 1429 1637 1479; baseline 0 -13"><span class='ocrx_word' id='word_1_151' title='bbox 203 1434 355 1478; x_wconf 85' lang='lat' dir='ltr'>partem</span> <span class='ocrx_word' id='word_1_152' title='bbox 374 1430 606 1467; x_wconf 87' lang='lat' dir='ltr'>colonorum</span> <span class='ocrx_word' id='word_1_153' title='bbox 632 1443 792 1466; x_wconf 87' lang='lat' dir='ltr'>suorum</span> <span class='ocrx_word' id='word_1_154' title='bbox 826 1429 1020 1479; x_wconf 82' lang='lat' dir='ltr'>dilapsam</span> <span class='ocrx_word' id='word_1_155' title='bbox 1054 1442 1151 1475; x_wconf 85' lang='lat' dir='ltr'>esse,</span> <span class='ocrx_word' id='word_1_156' title='bbox 1183 1432 1223 1466; x_wconf 85' lang='lat' dir='ltr'>et</span> <span class='ocrx_word' id='word_1_157' title='bbox 1254 1429 1331 1466; x_wconf 87' lang='lat' dir='ltr'>iam</span> <span class='ocrx_word' id='word_1_158' title='bbox 1364 1429 1637 1478; x_wconf 85' lang='lat' dir='ltr'>infrequentes</span> 
     </span>
    </p>

    <p class='ocr_par' dir='ltr' id='par_1_6' title="bbox 135 1499 1641 1763">
     <span class='ocr_line' id='line_1_20' title="bbox 135 1499 1640 1550; baseline -0.001 -11"><span class='ocrx_word' id='word_1_159' title='bbox 135 1499 181 1534; x_wconf 87' lang='grc'>11</span> <span class='ocrx_word' id='word_1_160' title='bbox 203 1515 243 1539; x_wconf 86' lang='lat' dir='ltr'>se</span> <span class='ocrx_word' id='word_1_161' title='bbox 275 1501 407 1547; x_wconf 82' lang='lat' dir='ltr'>urbes,</span> <span class='ocrx_word' id='word_1_162' title='bbox 438 1514 577 1549; x_wconf 86' lang='lat' dir='ltr'>agrum</span> <span class='ocrx_word' id='word_1_163' title='bbox 608 1505 765 1539; x_wconf 87' lang='lat' dir='ltr'>vastum</span> <span class='ocrx_word' id='word_1_164' title='bbox 797 1515 842 1538; x_wconf 89' lang='lat' dir='ltr'>ac</span> <span class='ocrx_word' id='word_1_165' title='bbox 875 1502 1074 1538; x_wconf 87' lang='lat' dir='ltr'>desertum</span> <span class='ocrx_word' id='word_1_166' title='bbox 1106 1501 1265 1537; x_wconf 86' lang='lat' dir='ltr'>habere.</span> <span class='ocrx_word' id='word_1_167' title='bbox 1325 1500 1513 1538; x_wconf 88' lang='lat' dir='ltr'>Mamilio</span> <span class='ocrx_word' id='word_1_168' title='bbox 1541 1515 1640 1550; x_wconf 86' lang='lat' dir='ltr'>prae-</span> 
     </span>
     <span class='ocr_line' id='line_1_21' title="bbox 201 1573 1639 1619; baseline 0 -9"><span class='ocrx_word' id='word_1_169' title='bbox 201 1574 282 1611; x_wconf 91' lang='lat' dir='ltr'>tori</span> <span class='ocrx_word' id='word_1_170' title='bbox 314 1573 563 1619; x_wconf 83' lang='lat' dir='ltr'>mandatum,</span> <span class='ocrx_word' id='word_1_171' title='bbox 610 1576 654 1610; x_wconf 91' lang='lat' dir='ltr'>ut</span> <span class='ocrx_word' id='word_1_172' title='bbox 685 1573 863 1610; x_wconf 90' lang='lat' dir='ltr'>colonias</span> <span class='ocrx_word' id='word_1_173' title='bbox 911 1573 960 1610; x_wconf 90' lang='lat' dir='ltr'>ab</span> <span class='ocrx_word' id='word_1_174' title='bbox 1002 1574 1115 1610; x_wconf 87' lang='lat' dir='ltr'>hoste</span> <span class='ocrx_word' id='word_1_175' title='bbox 1147 1575 1347 1618; x_wconf 84' lang='lat' dir='ltr'>tueretur;</span> <span class='ocrx_word' id='word_1_176' title='bbox 1379 1573 1559 1610; x_wconf 89' lang='lat' dir='ltr'>consules</span> <span class='ocrx_word' id='word_1_177' title='bbox 1592 1587 1639 1610; x_wconf 83' lang='lat' dir='ltr'>ex</span> 
     </span>
     <span class='ocr_line' id='line_1_22' title="bbox 203 1645 1638 1695; baseline 0.001 -14"><span class='ocrx_word' id='word_1_178' title='bbox 203 1648 361 1682; x_wconf 84' lang='lat' dir='ltr'>senatus</span> <span class='ocrx_word' id='word_1_179' title='bbox 394 1645 575 1682; x_wconf 85' lang='lat' dir='ltr'>consulto</span> <span class='ocrx_word' id='word_1_180' title='bbox 614 1645 838 1691; x_wconf 82' lang='lat' dir='ltr'>edixerunt,</span> <span class='ocrx_word' id='word_1_181' title='bbox 869 1648 925 1691; x_wconf 90' lang='lat' dir='ltr'>ut,</span> <span class='ocrx_word' id='word_1_182' title='bbox 959 1645 1029 1694; x_wconf 83' lang='lat' dir='ltr'>qui</span> <span class='ocrx_word' id='word_1_183' title='bbox 1061 1645 1169 1682; x_wconf 89' lang='lat' dir='ltr'>cives</span> <span class='ocrx_word' id='word_1_184' title='bbox 1202 1645 1487 1682; x_wconf 83' lang='lat' dir='ltr'>Cremonenses</span> <span class='ocrx_word' id='word_1_185' title='bbox 1519 1649 1638 1695; x_wconf 89' lang='lat' dir='ltr'>atque</span> 
     </span>
     <span class='ocr_line' id='line_1_23' title="bbox 203 1716 1641 1763; baseline 0 -9"><span class='ocrx_word' id='word_1_186' title='bbox 203 1717 434 1754; x_wconf 84' lang='lat' dir='ltr'>Placentini</span> <span class='ocrx_word' id='word_1_187' title='bbox 467 1720 609 1763; x_wconf 85' lang='lat' dir='ltr'>essent,</span> <span class='ocrx_word' id='word_1_188' title='bbox 642 1720 733 1753; x_wconf 89' lang='lat' dir='ltr'>ante</span> <span class='ocrx_word' id='word_1_189' title='bbox 765 1720 911 1754; x_wconf 88' lang='lat' dir='ltr'>certam</span> <span class='ocrx_word' id='word_1_190' title='bbox 930 1716 1036 1754; x_wconf 88' lang='lat' dir='ltr'>diem</span> <span class='ocrx_word' id='word_1_191' title='bbox 1069 1718 1108 1754; x_wconf 90' lang='lat' dir='ltr'>in</span> <span class='ocrx_word' id='word_1_192' title='bbox 1127 1716 1306 1754; x_wconf 88' lang='lat' dir='ltr'>colonias</span> <span class='ocrx_word' id='word_1_193' title='bbox 1329 1720 1641 1757; x_wconf 83' lang='lat' dir='ltr'>reverterentur.</span> 
     </span>
    </p>

    <p class='ocr_par' dir='ltr' id='par_1_7' title="bbox 317 1788 1642 1838">
     <span class='ocr_line' id='line_1_24' title="bbox 317 1788 1642 1838; baseline 0.001 -13"><span class='ocrx_word' id='word_1_194' title='bbox 317 1788 527 1837; x_wconf 86' lang='lat' dir='ltr'>Principio</span> <span class='ocrx_word' id='word_1_195' title='bbox 559 1788 704 1826; x_wconf 84' lang='lat' dir='ltr'>deinde</span> <span class='ocrx_word' id='word_1_196' title='bbox 734 1789 841 1826; x_wconf 88' lang='lat' dir='ltr'>veris</span> <span class='ocrx_word' id='word_1_197' title='bbox 881 1792 919 1826; x_wconf 92' lang='lat' dir='ltr'>et</span> <span class='ocrx_word' id='word_1_198' title='bbox 951 1789 1027 1838; x_wconf 88' lang='lat' dir='ltr'>ipsi</span> <span class='ocrx_word' id='word_1_199' title='bbox 1067 1788 1116 1825; x_wconf 89' lang='lat' dir='ltr'>ad</span> <span class='ocrx_word' id='word_1_200' title='bbox 1155 1788 1306 1825; x_wconf 86' lang='lat' dir='ltr'>bellum</span> <span class='ocrx_word' id='word_1_201' title='bbox 1338 1789 1507 1837; x_wconf 84' lang='lat' dir='ltr'>profecti</span> <span class='ocrx_word' id='word_1_202' title='bbox 1539 1792 1642 1826; x_wconf 90' lang='lat' dir='ltr'>sunt.</span> 
     </span>
    </p>

    <p class='ocr_par' dir='ltr' id='par_1_8' title="bbox 136 1858 1642 1982">
     <span class='ocr_line' id='line_1_25' title="bbox 136 1858 1642 1908; baseline 0 -10"><span class='ocrx_word' id='word_1_203' title='bbox 136 1858 184 1894; x_wconf 70' lang='grc'>12</span> <span class='ocrx_word' id='word_1_204' title='bbox 204 1860 251 1907; x_wconf 77' lang='lat' dir='ltr'>Q.</span> <span class='ocrx_word' id='word_1_205' title='bbox 286 1860 472 1897; x_wconf 74' lang='lat' dir='ltr'>Caecilius</span> <span class='ocrx_word' id='word_1_206' title='bbox 505 1861 642 1897; x_wconf 89' lang='lat' dir='ltr'>consul</span> <span class='ocrx_word' id='word_1_207' title='bbox 676 1860 893 1897; x_wconf 79' lang='lat' dir='ltr'>exercitum</span> <span class='ocrx_word' id='word_1_208' title='bbox 941 1860 990 1897; x_wconf 90' lang='lat' dir='ltr'>ab</span> <span class='ocrx_word' id='word_1_209' title='bbox 1025 1860 1066 1897; x_wconf 88' lang='lat' dir='ltr'>C.</span> <span class='ocrx_word' id='word_1_210' title='bbox 1100 1860 1283 1908; x_wconf 83' lang='lat' dir='ltr'>Nerone,</span> <span class='ocrx_word' id='word_1_211' title='bbox 1316 1860 1362 1896; x_wconf 89' lang='lat' dir='ltr'>L.</span> <span class='ocrx_word' id='word_1_212' title='bbox 1394 1860 1586 1897; x_wconf 87' lang='lat' dir='ltr'>Veturius</span> <span class='ocrx_word' id='word_1_213' title='bbox 1619 1874 1642 1898; x_wconf 88' lang='lat' dir='ltr'>a</span> 
     </span>
     <span class='ocr_line' id='line_1_26' title="bbox 204 1931 1641 1982; baseline -0.001 -14"><span class='ocrx_word' id='word_1_214' title='bbox 204 1932 251 1978; x_wconf 77' lang='lat' dir='ltr'>Q.</span> <span class='ocrx_word' id='word_1_215' title='bbox 286 1931 454 1969; x_wconf 89' lang='lat' dir='ltr'>Claudio</span> <span class='ocrx_word' id='word_1_216' title='bbox 486 1936 731 1982; x_wconf 67' lang='lat' dir='ltr'>propraetore</span> <span class='ocrx_word' id='word_1_217' title='bbox 764 1932 931 1982; x_wconf 86' lang='lat' dir='ltr'>accepit,</span> <span class='ocrx_word' id='word_1_218' title='bbox 964 1933 1157 1982; x_wconf 85' lang='lat' dir='ltr'>novisque</span> <span class='ocrx_word' id='word_1_219' title='bbox 1185 1932 1394 1977; x_wconf 85' lang='lat' dir='ltr'>militibus,</span> <span class='ocrx_word' id='word_1_220' title='bbox 1425 1944 1524 1980; x_wconf 91' lang='lat' dir='ltr'>quos</span> <span class='ocrx_word' id='word_1_221' title='bbox 1556 1931 1641 1981; x_wconf 86' lang='lat' dir='ltr'>ipse</span> 
     </span>
    </p>

    <p class='ocr_par' dir='ltr' id='par_1_9' title="bbox 134 2002 1641 2196">
     <span class='ocr_line' id='line_1_27' title="bbox 134 2002 1636 2053; baseline 0.001 -14"><span class='ocrx_word' id='word_1_222' title='bbox 134 2002 184 2038; x_wconf 83' lang='lat'>13</span> <span class='ocrx_word' id='word_1_223' title='bbox 201 2004 506 2053; x_wconf 81' lang='lat' dir='ltr'>conscripserat,</span> <span class='ocrx_word' id='word_1_224' title='bbox 552 2004 767 2053; x_wconf 80' lang='lat' dir='ltr'>supplevit.</span> <span class='ocrx_word' id='word_1_225' title='bbox 843 2005 891 2041; x_wconf 92' lang='lat' dir='ltr'>In</span> <span class='ocrx_word' id='word_1_226' title='bbox 932 2004 1219 2042; x_wconf 86' lang='lat' dir='ltr'>Consentinum</span> <span class='ocrx_word' id='word_1_227' title='bbox 1266 2016 1404 2052; x_wconf 87' lang='lat' dir='ltr'>agrum</span> <span class='ocrx_word' id='word_1_228' title='bbox 1451 2003 1636 2040; x_wconf 88' lang='lat' dir='ltr'>consules</span> 
     </span>
     <span class='ocr_line' id='line_1_28' title="bbox 203 2075 1639 2126; baseline 0 -15"><span class='ocrx_word' id='word_1_229' title='bbox 203 2075 419 2112; x_wconf 84' lang='lat' dir='ltr'>exercitum</span> <span class='ocrx_word' id='word_1_230' title='bbox 451 2075 662 2122; x_wconf 81' lang='lat' dir='ltr'>duxerunt,</span> <span class='ocrx_word' id='word_1_231' title='bbox 693 2076 922 2125; x_wconf 87' lang='lat' dir='ltr'>passimque</span> <span class='ocrx_word' id='word_1_232' title='bbox 953 2076 1202 2126; x_wconf 87' lang='lat' dir='ltr'>depopulati,</span> <span class='ocrx_word' id='word_1_233' title='bbox 1235 2089 1355 2125; x_wconf 90' lang='lat' dir='ltr'>quum</span> <span class='ocrx_word' id='word_1_234' title='bbox 1387 2088 1528 2124; x_wconf 87' lang='lat' dir='ltr'>agmen</span> <span class='ocrx_word' id='word_1_235' title='bbox 1561 2075 1639 2112; x_wconf 86' lang='lat' dir='ltr'>iam</span> 
     </span>
     <span class='ocr_line' id='line_1_29' title="bbox 203 2146 1641 2196; baseline 0 -13"><span class='ocrx_word' id='word_1_236' title='bbox 203 2160 325 2195; x_wconf 89' lang='lat' dir='ltr'>grave</span> <span class='ocrx_word' id='word_1_237' title='bbox 342 2146 477 2196; x_wconf 83' lang='lat' dir='ltr'>praeda</span> <span class='ocrx_word' id='word_1_238' title='bbox 504 2149 618 2191; x_wconf 82' lang='lat' dir='ltr'>esset,</span> <span class='ocrx_word' id='word_1_239' title='bbox 644 2147 683 2183; x_wconf 87' lang='lat' dir='ltr'>in</span> <span class='ocrx_word' id='word_1_240' title='bbox 710 2147 813 2183; x_wconf 84' lang='lat' dir='ltr'>saltu</span> <span class='ocrx_word' id='word_1_241' title='bbox 838 2150 1006 2196; x_wconf 86' lang='lat' dir='ltr'>angusto</span> <span class='ocrx_word' id='word_1_242' title='bbox 1033 2161 1054 2184; x_wconf 88' lang='lat' dir='ltr'>a</span> <span class='ocrx_word' id='word_1_243' title='bbox 1078 2147 1253 2184; x_wconf 84' lang='lat' dir='ltr'>Bruttiis</span> <span class='ocrx_word' id='word_1_244' title='bbox 1271 2146 1641 2195; x_wconf 86' lang='lat' dir='ltr'>iaculatoribusque</span> 
     </span>
    </p>

    <p class='ocr_par' dir='ltr' id='par_1_10' title="bbox 130 2217 1642 2412">
     <span class='ocr_line' id='line_1_30' title="bbox 130 2217 1641 2268; baseline 0.001 -15"><span class='ocrx_word' id='word_1_245' title='bbox 130 2217 179 2254; x_wconf 89' lang='grc'>14</span> <span class='ocrx_word' id='word_1_246' title='bbox 198 2218 384 2256; x_wconf 86' lang='lat' dir='ltr'>Numidis</span> <span class='ocrx_word' id='word_1_247' title='bbox 403 2218 557 2255; x_wconf 86' lang='lat' dir='ltr'>turbati</span> <span class='ocrx_word' id='word_1_248' title='bbox 584 2221 687 2264; x_wconf 88' lang='lat' dir='ltr'>sunt,</span> <span class='ocrx_word' id='word_1_249' title='bbox 720 2218 774 2254; x_wconf 87' lang='lat' dir='ltr'>ita</span> <span class='ocrx_word' id='word_1_250' title='bbox 790 2222 835 2256; x_wconf 90' lang='lat' dir='ltr'>ut</span> <span class='ocrx_word' id='word_1_251' title='bbox 850 2232 928 2256; x_wconf 90' lang='lat' dir='ltr'>non</span> <span class='ocrx_word' id='word_1_252' title='bbox 949 2219 1085 2268; x_wconf 86' lang='lat' dir='ltr'>praeda</span> <span class='ocrx_word' id='word_1_253' title='bbox 1098 2222 1265 2266; x_wconf 85' lang='lat' dir='ltr'>tantum,</span> <span class='ocrx_word' id='word_1_254' title='bbox 1289 2218 1357 2256; x_wconf 90' lang='lat' dir='ltr'>sed</span> <span class='ocrx_word' id='word_1_255' title='bbox 1375 2218 1518 2255; x_wconf 87' lang='lat' dir='ltr'>armati</span> <span class='ocrx_word' id='word_1_256' title='bbox 1545 2230 1641 2267; x_wconf 91' lang='lat' dir='ltr'>quo-</span> 
     </span>
     <span class='ocr_line' id='line_1_31' title="bbox 202 2290 1639 2340; baseline -0.001 -13"><span class='ocrx_word' id='word_1_257' title='bbox 202 2303 277 2339; x_wconf 91' lang='lat' dir='ltr'>que</span> <span class='ocrx_word' id='word_1_258' title='bbox 310 2291 349 2327; x_wconf 92' lang='lat' dir='ltr'>in</span> <span class='ocrx_word' id='word_1_259' title='bbox 380 2290 560 2340; x_wconf 87' lang='lat' dir='ltr'>periculo</span> <span class='ocrx_word' id='word_1_260' title='bbox 591 2290 753 2326; x_wconf 84' lang='lat' dir='ltr'>fuerint.</span> <span class='ocrx_word' id='word_1_261' title='bbox 814 2290 945 2327; x_wconf 83' lang='lat' dir='ltr'>Maior</span> <span class='ocrx_word' id='word_1_262' title='bbox 975 2294 1108 2328; x_wconf 86' lang='lat' dir='ltr'>tamen</span> <span class='ocrx_word' id='word_1_263' title='bbox 1137 2290 1333 2327; x_wconf 87' lang='lat' dir='ltr'>tumultus</span> <span class='ocrx_word' id='word_1_264' title='bbox 1359 2302 1477 2339; x_wconf 88' lang='lat' dir='ltr'>quam</span> <span class='ocrx_word' id='word_1_265' title='bbox 1504 2302 1639 2339; x_wconf 86' lang='lat' dir='ltr'>pugna</span> 
     </span>
     <span class='ocr_line' id='line_1_32' title="bbox 204 2361 1642 2412; baseline -0.001 -13"><span class='ocrx_word' id='word_1_266' title='bbox 204 2362 291 2409; x_wconf 85' lang='lat' dir='ltr'>fuit,</span> <span class='ocrx_word' id='word_1_267' title='bbox 323 2366 372 2409; x_wconf 82' lang='lat' dir='ltr'>et,</span> <span class='ocrx_word' id='word_1_268' title='bbox 413 2362 618 2412; x_wconf 79' lang='lat' dir='ltr'>praemissa</span> <span class='ocrx_word' id='word_1_269' title='bbox 650 2361 797 2411; x_wconf 77' lang='lat' dir='ltr'>praeda,</span> <span class='ocrx_word' id='word_1_270' title='bbox 836 2361 1054 2399; x_wconf 87' lang='lat' dir='ltr'>incolumes</span> <span class='ocrx_word' id='word_1_271' title='bbox 1095 2362 1273 2410; x_wconf 88' lang='lat' dir='ltr'>legiones</span> <span class='ocrx_word' id='word_1_272' title='bbox 1318 2362 1359 2398; x_wconf 90' lang='lat' dir='ltr'>in</span> <span class='ocrx_word' id='word_1_273' title='bbox 1405 2361 1493 2398; x_wconf 88' lang='lat' dir='ltr'>loca</span> <span class='ocrx_word' id='word_1_274' title='bbox 1533 2361 1642 2398; x_wconf 88' lang='lat' dir='ltr'>culta</span> 
     </span>
    </p>

    <p class='ocr_par' dir='ltr' id='par_1_11' title="bbox 133 2432 1642 2554">
     <span class='ocr_line' id='line_1_33' title="bbox 133 2432 1642 2482; baseline 0.001 -14"><span class='ocrx_word' id='word_1_275' title='bbox 133 2432 181 2468; x_wconf 85' lang='lat'>15</span> <span class='ocrx_word' id='word_1_276' title='bbox 201 2446 372 2471; x_wconf 85' lang='lat' dir='ltr'>evasere.</span> <span class='ocrx_word' id='word_1_277' title='bbox 462 2433 563 2470; x_wconf 89' lang='lat' dir='ltr'>Inde</span> <span class='ocrx_word' id='word_1_278' title='bbox 618 2433 658 2470; x_wconf 91' lang='lat' dir='ltr'>in</span> <span class='ocrx_word' id='word_1_279' title='bbox 704 2433 887 2470; x_wconf 87' lang='lat' dir='ltr'>Lucanos</span> <span class='ocrx_word' id='word_1_280' title='bbox 932 2433 1120 2482; x_wconf 73' lang='lat' dir='ltr'>profecti3</span> <span class='ocrx_word' id='word_1_281' title='bbox 1183 2446 1228 2470; x_wconf 90' lang='lat' dir='ltr'>ea</span> <span class='ocrx_word' id='word_1_282' title='bbox 1287 2433 1371 2470; x_wconf 88' lang='lat' dir='ltr'>sine</span> <span class='ocrx_word' id='word_1_283' title='bbox 1427 2432 1642 2470; x_wconf 86' lang='lat' dir='ltr'>certamine</span> 
     </span>
     <span class='ocr_line' id='line_1_34' title="bbox 203 2504 1266 2554; baseline 0.002 -13"><span class='ocrx_word' id='word_1_284' title='bbox 203 2508 288 2541; x_wconf 87' lang='lat' dir='ltr'>tota</span> <span class='ocrx_word' id='word_1_285' title='bbox 320 2518 416 2553; x_wconf 88' lang='lat' dir='ltr'>gens</span> <span class='ocrx_word' id='word_1_286' title='bbox 450 2504 491 2541; x_wconf 91' lang='lat' dir='ltr'>in</span> <span class='ocrx_word' id='word_1_287' title='bbox 524 2505 719 2542; x_wconf 90' lang='lat' dir='ltr'>dicionem</span> <span class='ocrx_word' id='word_1_288' title='bbox 752 2504 893 2554; x_wconf 88' lang='lat' dir='ltr'>populi</span> <span class='ocrx_word' id='word_1_289' title='bbox 924 2504 1097 2541; x_wconf 86' lang='lat' dir='ltr'>Romani</span> <span class='ocrx_word' id='word_1_290' title='bbox 1127 2504 1266 2543; x_wconf 78' lang='lat' dir='ltr'>rediit.</span> 
     </span>
    </p>

    <p class='ocr_par' dir='ltr' id='par_1_12' title="bbox 57 2571 1642 2697">
     <span class='ocr_line' id='line_1_35' title="bbox 57 2571 1639 2624; baseline -0.001 -11"><span class='ocrx_word' id='word_1_291' title='bbox 57 2571 108 2619; x_wconf 80' lang='lat'>12</span> <span class='ocrx_word' id='word_1_292' title='bbox 313 2576 412 2613; x_wconf 87' lang='lat' dir='ltr'>Cum</span> <span class='ocrx_word' id='word_1_293' title='bbox 446 2575 678 2613; x_wconf 88' lang='lat' dir='ltr'>Hannibale</span> <span class='ocrx_word' id='word_1_294' title='bbox 724 2576 828 2612; x_wconf 90' lang='lat' dir='ltr'>nihil</span> <span class='ocrx_word' id='word_1_295' title='bbox 876 2589 921 2612; x_wconf 84' lang='lat' dir='ltr'>co</span> <span class='ocrx_word' id='word_1_296' title='bbox 968 2590 1071 2613; x_wconf 90' lang='lat' dir='ltr'>anno</span> <span class='ocrx_word' id='word_1_297' title='bbox 1118 2576 1176 2612; x_wconf 86' lang='lat' dir='ltr'>rei</span> <span class='ocrx_word' id='word_1_298' title='bbox 1220 2579 1375 2624; x_wconf 87' lang='lat' dir='ltr'>gestum</span> <span class='ocrx_word' id='word_1_299' title='bbox 1404 2578 1475 2613; x_wconf 86' lang='lat' dir='ltr'>est.</span> <span class='ocrx_word' id='word_1_300' title='bbox 1539 2575 1639 2613; x_wconf 90' lang='lat' dir='ltr'>Nam</span> 
     </span>
     <span class='ocr_line' id='line_1_36' title="bbox 204 2646 1642 2697; baseline -0.001 -12"><span class='ocrx_word' id='word_1_301' title='bbox 204 2661 334 2697; x_wconf 91' lang='lat' dir='ltr'>neque</span> <span class='ocrx_word' id='word_1_302' title='bbox 367 2649 450 2697; x_wconf 88' lang='lat' dir='ltr'>ipse</span> <span class='ocrx_word' id='word_1_303' title='bbox 482 2661 522 2684; x_wconf 87' lang='lat' dir='ltr'>se</span> <span class='ocrx_word' id='word_1_304' title='bbox 554 2648 701 2685; x_wconf 85' lang='lat' dir='ltr'>obtulit</span> <span class='ocrx_word' id='word_1_305' title='bbox 731 2648 772 2684; x_wconf 93' lang='lat' dir='ltr'>in</span> <span class='ocrx_word' id='word_1_306' title='bbox 803 2650 881 2683; x_wconf 87' lang='lat' dir='ltr'>tam</span> <span class='ocrx_word' id='word_1_307' title='bbox 909 2647 1058 2684; x_wconf 88' lang='lat' dir='ltr'>recenti</span> <span class='ocrx_word' id='word_1_308' title='bbox 1074 2647 1239 2685; x_wconf 86' lang='lat' dir='ltr'>vulnere</span> <span class='ocrx_word' id='word_1_309' title='bbox 1271 2646 1434 2697; x_wconf 85' lang='lat' dir='ltr'>publico</span> <span class='ocrx_word' id='word_1_310' title='bbox 1465 2646 1642 2696; x_wconf 86' lang='lat' dir='ltr'>privato-</span> 
     </span>
    </p>
   </div>
  </div>
 </body>
</html>
