1789 2955
524 79 640 113 Liber
664 78 809 114 XXVI.
859 80 918 122 (A.
946 79 1010 113 Ch.
1036 81 1130 123 211.)
1523 86 1547 123 9

118 206 323 256 Campani.
382 205 596 244 Numidam
620 208 846 255 promptum
874 205 924 242 ad
953 207 1086 244 omnia
1118 204 1299 245 audenda
1332 208 1444 245 donis
1469 209 1549 258 pel-

117 278 217 324 licit,
249 280 305 327 ut,
338 276 483 314 litteris
515 277 700 326 acceptis,
732 278 861 326 specie
888 278 1106 326 transfugae
1132 281 1262 315 castra
1287 279 1468 318 Romana
1491 281 1549 317 in-

117 362 291 399 gressus,
322 349 449 387 altera
478 351 591 398 parte
624 349 723 386 clam
749 348 926 398 Capuam
952 350 1160 398 pervadat.
1222 350 1388 387 Litterae
1420 356 1551 389 autem
1571 353 1593 388 7

121 424 234 459 erant
263 420 541 458 adhortatione
571 421 716 470 plenae:
763 422 1051 470 profectionem
1084 435 1205 468 suam,
1239 435 1327 471 quae
1360 424 1546 461 salutaris

119 493 201 530 illis
231 493 351 540 foret,
389 493 679 530 abstracturam
711 492 761 529 ad
793 493 1082 530 defendendam
1114 494 1283 531 Romam
1315 495 1364 531 ab
1397 507 1548 543 oppug-

114 564 247 602 nanda
265 563 402 613 Capua
419 564 538 601 duces
566 568 685 612 atque
710 565 906 601 exercitus
933 565 1154 610 Romanos;
1186 579 1233 602 ne
1258 566 1552 615 desponderent
1568 567 1592 602 8

117 636 291 682 animos3
337 635 546 673 tolerando
584 649 732 685 paucos
773 637 856 673 dies
896 639 1020 674 totam
1054 638 1253 674 soluturos
1286 637 1548 676 obsidionem.

114 707 215 744 Inde
246 721 365 745 naves
397 707 437 744 in
468 707 629 744 flumine
662 707 866 745 Vulturno
899 708 1206 758 comprehensas
1246 709 1382 757 subigi
1415 710 1464 747 ad
1497 710 1550 756 id,
1572 711 1594 746 9

116 779 222 829 quod
252 780 331 816 iam
364 782 454 816 ante
481 779 659 829 praesidii
687 793 805 816 causa
835 780 997 827 fecerat,
1029 781 1237 817 castellum
1270 781 1396 819 iussit.
1444 782 1550 829 Qua·
1572 782 1622 819 10

115 864 201 888 rum
232 851 303 888 ubi
333 854 486 888 tantam
518 852 674 900 copiam
707 865 802 898 esse,
835 855 879 888 ut
909 865 988 889 una
1020 855 1136 889 nocte
1159 852 1295 889 traiici
1319 856 1453 901 posset
1485 867 1546 890 ex-

119 923 279 962 ercitus.
312 923 476 960 allatum
508 927 584 969 est,
631 923 796 960 cibariis
831 924 965 960 decem
999 925 1152 961 dierum
1183 925 1437 973 praeparatis,
1481 925 1546 961 de-

112 994 252 1032 ductas
283 998 398 1032 nocte
430 994 480 1031 ad
510 995 675 1031 fluvium
706 996 884 1043 legiones
916 999 1008 1032 ante
1040 996 1167 1032 lucem
1197 996 1365 1033 traiecit.

226 1066 276 1102 Id
292 1066 527 1116 priusquam
554 1066 677 1112 fieret,
704 1067 761 1104 ita
786 1067 962 1104 futurum
988 1070 1233 1117 compertum
1258 1082 1305 1104 ex
1331 1069 1548 1118 transfugis
1636 1064 1662 1113 8

113 1138 282 1175 Fulvius
311 1138 481 1175 Flaccus
505 1139 660 1175 senatui
682 1139 850 1176 Romam
877 1153 998 1190 quum
1023 1140 1259 1189 scripsisset,
1289 1141 1398 1177 varie
1424 1141 1546 1178 animi

110 1209 314 1247 hominum
346 1223 419 1259 pro
452 1211 641 1259 cuiusque
674 1210 836 1258 ingenio
882 1211 1012 1248 affecti
1055 1215 1157 1248 sunt.
1219 1211 1276 1249 Ut
1314 1213 1354 1248 in
1393 1226 1435 1249 re
1465 1214 1587 1249 tam?

110 1281 269 1331 trepida
300 1284 439 1319 senatu
471 1282 670 1331 extemplo
698 1286 850 1329 vocato,
883 1282 930 1320 P.
949 1282 1172 1330 Cornelius,
1204 1284 1267 1320 cui
1293 1283 1430 1320 Asinae
1457 1297 1545 1333 cog-

110 1366 251 1390 nomen
284 1357 379 1399 erat‚
410 1367 543 1391 omnes
575 1353 694 1392 duces
727 1356 1006 1404 exercitusque
1040 1369 1086 1392 ex
1118 1358 1204 1392 tota
1234 1356 1376 1401 Italia,
1418 1369 1547 1405 neque

111 1424 258 1474 Capuae
290 1439 417 1474 neque
448 1426 571 1463 ullius
598 1427 768 1473 alterius
799 1427 857 1463 rei
888 1440 1055 1473 memor,
1095 1427 1145 1464 ad
1175 1427 1286 1464 urbis
1318 1427 1549 1476 praesidium

110 1497 335 1534 revocabat.
396 1498 546 1535 Fabius
577 1498 781 1535 Maximus
814 1498 976 1535 abscedi
1008 1513 1030 1535 a
1062 1498 1198 1548 Capua
1244 1500 1468 1549 terrerique
1510 1503 1549 1537 et
1568 1500 1590 1536 3

110 1569 328 1617 circumagi
361 1569 410 1606 ad
440 1574 559 1607 nutus
592 1571 1001 1619 comminationesque
1032 1571 1276 1608 Hannibalis
1307 1571 1549 1620 flagitiosum

113 1639 304 1678 ducebat:
353 1641 432 1688 Qui
465 1641 515 1678 ad
547 1641 705 1679 Cannas
735 1642 865 1679 victor
906 1642 961 1678 ire
1006 1646 1138 1679 tamen
1178 1643 1228 1680 ad
1265 1642 1404 1679 urbem
1436 1644 1595 1680 ausus4

109 1726 188 1750 non
220 1717 333 1760 esset,
365 1727 452 1751 eum
479 1728 501 1750 a
520 1713 657 1763 Capua
682 1714 887 1763 repulsum
912 1727 1020 1762 spem
1047 1714 1252 1763 potiundae
1278 1715 1391 1751 urbis
1409 1715 1547 1752 Romae

113 1785 283 1835 cepisse!
343 1785 433 1823 Non
466 1785 514 1822 ad
545 1786 714 1823 Romam
746 1785 1027 1832 obsidendam,
1077 1786 1144 1822 sed
1184 1787 1233 1822 ad
1265 1786 1413 1836 Capuae
1446 1788 1587 1835 libe-¹5

109 1856 274 1894 randam
306 1858 554 1895 obsidionem
587 1858 654 1894 ire.
716 1858 884 1895 Romam
926 1871 1014 1894 cum
1061 1872 1105 1894 eo
1146 1859 1342 1904 exercitu,
1390 1859 1458 1907 qui
1497 1858 1547 1896 ad

109 1929 250 1966 urbem
283 1933 396 1976 esset,
428 1930 563 1967 Iovem
597 1929 790 1966 foederum
821 1933 1030 1978 ruptorum
1063 1931 1111 1967 ab
1143 1930 1375 1967 Hannibale
1405 1934 1546 1967 testem

110 2000 284 2050 deosque
315 2002 415 2039 alios
444 2003 672 2039 defensuros
700 2015 794 2039 esse.
855 2001 939 2038 Has
969 2002 1147 2039 diversas
1172 2003 1389 2039 sententias
1420 2002 1591 2040 mediati

111 2074 311 2111 sententia
342 2074 388 2111 P.
420 2074 578 2112 Valerii
610 2074 745 2111 Flacci
777 2074 894 2120 vicit,
942 2074 1010 2122 qui
1053 2074 1262 2123 utriusque
1301 2075 1358 2111 rei
1397 2088 1545 2112 memor

110 2145 431 2195 imperatoribus,
459 2147 527 2195 qui
544 2146 592 2182 ad
611 2145 787 2195 Capuam
806 2149 949 2192 essent,
976 2146 1230 2183 scribendum
1255 2146 1420 2193 censuit,
1447 2146 1545 2195 quid

110 2217 161 2255 ad
178 2218 316 2255 urbem
333 2217 510 2267 praesidii
528 2220 647 2263 esset;
674 2220 843 2266 quantas
861 2221 992 2254 autem
1009 2218 1217 2255 Hannibal
1235 2219 1367 2267 copias
1385 2218 1547 2255 duceret

110 2293 180 2327 aut
211 2293 360 2339 quanto
393 2289 571 2327 exercitu
602 2289 651 2326 ad
678 2288 855 2338 Capuam
881 2289 1141 2326 obsidendam
1168 2303 1266 2339 opus
1292 2293 1404 2335 esset⁷
1438 2290 1545 2338 ipsos

111 2362 223 2399 scire.
283 2361 327 2399 Si
358 2362 416 2399 ita
442 2361 611 2398 Romam
643 2375 661 2397 e
694 2360 864 2397 ducibus
897 2361 999 2398 alter
1030 2366 1069 2398 et
1093 2362 1293 2399 exercitus
1325 2375 1417 2410 pars
1444 2361 1550 2397 mitti
1569 2362 1589 2396 7

111 2437 256 2483 posset,
287 2437 331 2470 ut
362 2434 410 2471 ab
442 2433 598 2482 reliquo
631 2437 670 2469 et
701 2433 799 2469 duce
834 2435 872 2468 et
897 2433 1075 2469 exercitu
1094 2434 1230 2483 Capua
1254 2437 1359 2470 recte
1384 2432 1543 2469 obside-

110 2508 233 2552 retur,
258 2506 362 2543 inter
380 2519 420 2543 se
438 2508 716 2554 compararent
734 2504 928 2541 Claudius
946 2504 1204 2554 Fulviusque,
1230 2504 1311 2541 utri
1328 2504 1549 2541 obsidenda
1566 2505 1591 2541 8

113 2575 262 2626 Capua,
292 2577 373 2614 utri
405 2576 455 2614 ad
486 2576 777 2626 prohibendam
809 2575 1014 2613 obsidione
1036 2577 1209 2625 patriam
1234 2576 1401 2613 Romam
1433 2576 1543 2612 veni—

109 2648 260 2685 undum
279 2652 392 2686 esset.
438 2649 526 2686 Hoc
552 2651 709 2685 senatus
728 2648 911 2685 consulto
930 2646 1104 2696 Capuam
1124 2647 1291 2697 perlato,
1317 2646 1363 2692 Q.
1379 2647 1548 2685 Fulvius
1567 2650 1589 2684 9
