1768 2943
257 96 310 137 10
694 93 798 125 Liber
825 93 918 125 XXI.
946 92 1000 137 (A.
1028 104 1059 124 u.
1087 104 1116 124 e.
1144 91 1238 135 536.)

252 226 307 261 ita
330 237 416 262 non
438 230 574 269 nocte,
607 236 693 261 non
716 225 784 261 die
810 237 988 273 unquam
1011 232 1269 268 cessaverant
1293 227 1343 262 ab
1369 238 1506 274 opere,
1532 232 1575 262 ut
1591 238 1665 262 no-

256 308 347 332 vum
385 307 541 331 murum
580 295 631 331 ab
665 308 714 331 ea
747 302 879 343 parte,
922 309 1002 344 qua
1033 297 1282 345 patefactum
1315 297 1512 345 oppidum
1542 297 1664 333 ruinis

215 367 240 404 6
254 373 351 410 erat,
372 366 595 403 reficerent.
643 365 745 402 Inde
765 367 1018 415 oppugnatio
1037 379 1109 403 eos
1126 367 1333 414 aliquanto
1352 367 1527 403 atrocior
1544 379 1666 415 quarn

253 443 347 474 ante
373 438 519 473 adorta
549 442 621 480 est,
655 448 744 479 nec,
780 448 859 483 qua
891 437 1061 484 primum
1085 443 1153 473 aut
1176 438 1429 485 potissimum
1452 443 1565 485 parte
1590 438 1666 474 fer-

254 513 343 544 rent
375 519 516 555 opem,
551 518 673 553 quum
707 506 844 542 omnia
876 507 993 543 variis
1026 507 1268 544 clamoribus
1301 513 1536 556 streperent,
1571 509 1666 545 satis

216 575 354 615 ‘iscire
394 582 596 625 poterant.
658 575 751 624 Ipse
785 575 1010 620 Hannibal,
1052 589 1132 624 qua
1164 577 1278 614 turris
1310 578 1488 622 mobilis,
1531 579 1666 615 omnia

253 648 503 684 munimenta
516 646 623 682 urbis
637 657 835 694 superans
851 646 1076 691 altitudine,
1095 647 1302 696 agebatur,
1317 648 1498 684 hortator
1511 649 1666 685 aderat.

254 718 354 764 Quae
380 729 502 765 quum
526 717 706 760 admota,
733 717 947 764 catapultis
973 717 1220 765 ballistisque
1244 730 1316 766 per
1333 719 1471 754 omnia
1488 719 1667 755 tabulata

216 787 475 836 Sdispositis,
501 798 637 823 muros
663 786 949 823 defensoribus
973 788 1183 831 nudasset,
1212 793 1295 824 tum
1318 788 1523 825 Hannibal
1549 800 1668 825 occa-

255 858 411 894 sionem
442 862 564 900 ratus,
597 857 844 905 quingentos
877 857 1001 893 ferme
1031 858 1152 894 Afros
1178 870 1269 894 cum
1294 859 1473 895 dolabris
1498 859 1552 894 ad
1575 859 1667 895 sub-

251 928 452 965 ruendum
477 928 527 963 ab
552 927 634 963 imo
660 939 816 964 murum
840 928 976 971 mittit;
1010 940 1088 964 nec
1113 934 1199 964 erat
1221 928 1384 965 difficile
1410 941 1526 977 opus,
1555 930 1668 977 quod

256 1004 454 1035 caementa
483 1009 569 1033 non
595 997 706 1033 calce
731 998 876 1034 durata
900 1004 1034 1042 erant,
1061 1000 1135 1035 sed
1158 999 1331 1035 interlita
1348 999 1445 1042 luto,
1465 1002 1668 1035 structurae

215 1066 240 1107 9
255 1069 430 1117 antiquae
453 1080 616 1117 genere.
665 1068 806 1115 Itaque
830 1068 960 1112 latius,
995 1080 1117 1116 quam
1140 1081 1220 1117 qua
1244 1070 1478 1113 caederetur,
1511 1070 1665 1113 ruebat,

253 1151 405 1187 perque
444 1138 626 1187 patentia
663 1138 786 1174 ruinis
828 1139 991 1186 agmina
1023 1145 1268 1176 armatorum
1298 1140 1340 1175 in
1372 1140 1512 1175 urbem
1544 1140 1667 1175 vade-

189 1208 241 1247 10
254 1211 364 1247 bant.
413 1209 569 1245 Locum
594 1220 757 1255 quoque
783 1209 936 1245 editum
955 1210 1131 1258 capiunt,
1158 1210 1393 1257 collatisque
1417 1221 1467 1245 eo
1489 1210 1667 1258 catapul-

253 1281 300 1317 tis
333 1280 594 1327 ballistisque,
629 1283 671 1314 ut
703 1279 912 1315 castellum
944 1280 986 1316 in
1016 1280 1107 1328 ipsa
1131 1281 1229 1316 urbe
1253 1280 1359 1316 velut
1382 1291 1516 1316 arcem
1539 1279 1667 1315 immi·

252 1355 417 1387 nentem
442 1350 651 1393 haberent,
678 1361 792 1385 muro
811 1349 1082 1394 circumdant;
1110 1355 1150 1387 et
1167 1350 1377 1399 Saguntini
1394 1361 1550 1386 murum
1566 1350 1667 1386 inte—

189 1420 237 1459 11
252 1421 398 1458 riorem
446 1421 498 1456 ab
544 1420 729 1456 nondum
776 1425 895 1468 capta
933 1426 1046 1468 parte
1086 1421 1193 1457 urbis
1233 1421 1398 1458 ducunt.
1468 1419 1666 1467 Utrinque

254 1503 410 1527 summa
432 1491 469 1526 vi
493 1496 533 1526 et
556 1490 741 1526 muniunt
765 1496 805 1525 et
828 1496 1030 1539 pugnantg
1059 1491 1133 1527 sed
1156 1491 1346 1527 interiora
1364 1490 1519 1526 tuendo
1537 1490 1667 1526 mino-

188 1561 241 1600 12
253 1573 337 1597 rem
369 1561 410 1597 in
443 1560 530 1597 dies
564 1560 703 1596 urbem
736 1560 947 1608 Saguntini
981 1560 1145 1597 faciunt.
1200 1561 1322 1597 Simul
1354 1560 1497 1596 crescit
1527 1559 1667 1607 inopia

253 1631 432 1668 omnium
454 1631 578 1678 longa
603 1630 821 1667 obsidione
840 1637 880 1666 et
896 1631 1084 1666 minuitur
1101 1630 1350 1679 exspectatio
1370 1635 1544 1666 externae
1563 1629 1665 1678 opis,

251 1713 374 1749 quum
401 1707 484 1737 tam
510 1701 650 1749 procul
676 1701 866 1745 Romani,
903 1702 1022 1738 unica
1052 1713 1158 1750 spes,
1193 1701 1298 1737 circa
1327 1701 1464 1737 omnia
1492 1700 1667 1736 hostium

190 1772 239 1811 13
253 1777 402 1808 essent.
451 1772 657 1820 Paulisper
688 1777 824 1807 tamen
855 1771 1024 1808 affectos
1057 1771 1215 1808 animos
1238 1771 1431 1807 recreavit
1454 1770 1667 1818 repentina

252 1841 452 1889 profectio
491 1841 731 1877 Hannibalis
771 1842 812 1877 in
848 1840 1052 1878 Oretanos
1085 1841 1440 1890 Carpetanosque,
1482 1840 1549 1889 qui
1583 1841 1665 1876 duo

253 1912 404 1960 populi,
424 1912 593 1948 dilectus
612 1912 831 1948 acerbitate
852 1912 1112 1954 consternati,
1131 1911 1296 1948 retentis
1312 1910 1664 1958 conquisitoribus,

253 1987 404 2017 metum
422 1981 666 2018 defectionis
684 1993 807 2029 quum
827 1982 1105 2030 praebuissent,
1131 1981 1314 2030 oppressi
1332 1981 1536 2017 celeritate
1553 1980 1666 2017 Han-

111 2047 154 2091 Ι2
252 2051 395 2087 nibalis
429 2052 651 2088 omiserunt
680 2057 791 2088 mota
824 2064 948 2088 arma.
997 2051 1084 2088 Nec
1107 2052 1274 2101 Sagunti
1299 2051 1551 2099 oppugnatio
1577 2063 1667 2099 seg-

253 2122 341 2157 nior
365 2127 462 2165 erat,
488 2121 724 2158 Maharbale
751 2121 990 2159 Himilconis
1014 2123 1094 2159 filio
1121 2120 1227 2172 (eum
1251 2121 1488 2170 praefecerat
1510 2120 1666 2157 Hanni-

253 2190 332 2242 bal)
349 2192 405 2228 ita
437 2192 606 2240 impigre
637 2204 722 2228 rem
753 2198 914 2241 agente,
948 2198 991 2229 ut
1017 2193 1165 2229 ducem
1189 2193 1333 2229 abesse
1359 2203 1435 2228 nec
1459 2192 1565 2228 cives
1589 2203 1666 2227 nec

215 2262 391 2301 2h0stes
423 2262 629 2299 sentirent.
677 2262 714 2299 Is
747 2268 786 2298 et
811 2263 951 2311 proelia
977 2264 1130 2310 aliquot
1154 2263 1335 2300 secunda
1360 2261 1455 2298 fecit
1479 2267 1518 2298 et
1543 2262 1665 2297 tribus

215 2332 241 2371 :25
254 2332 442 2369 arietibus
461 2332 709 2380 aliquantum
727 2333 826 2368 muri
845 2333 1044 2377 discussit,
1066 2338 1269 2381 strataque
1289 2331 1425 2368 omnia
1437 2331 1665 2368 recentibus

254 2403 374 2439 ruinis
408 2403 640 2439 advenienti
661 2402 878 2439 Hannibali
897 2403 1088 2440 ostendit.
1141 2403 1282 2450 Itaque
1300 2403 1354 2438 ad
1385 2402 1515 2450 ipsam
1532 2413 1665 2438 arcem

255 2473 456 2522 extemplo
488 2474 631 2510 ductus
660 2473 869 2517 exercitus,
900 2478 1094 2520 atroxque
1122 2473 1304 2521 proelium
1333 2483 1424 2508 eum
1451 2472 1665 2508 multorum

255 2544 438 2591 utrinque
471 2544 584 2580 caede
616 2543 757 2580 initum
790 2548 829 2579 et
862 2555 954 2591 pars
987 2543 1088 2579 arcis
1122 2548 1241 2590 capta
1274 2547 1346 2578 est.

371 2613 548 2650 Tentata
574 2613 726 2650 deinde
750 2625 820 2661 per
841 2613 945 2649 duos
964 2617 1025 2649 est
1042 2612 1186 2661 exigua
1204 2612 1315 2660 pacis
1333 2623 1439 2660 spes,
1467 2611 1665 2647 Alconem
