1789 2955
296 85 374 123 236
700 82 814 116 Liber
839 81 964 116 XXX.
1014 83 1075 125 (A.
1103 94 1136 116 u.
1165 94 1194 117 c.
1221 83 1315 125 551.)

230 210 281 248 15
298 209 419 246 trium
449 209 588 248 venire
618 209 735 246 sinas.
784 207 828 246 Si
857 209 964 246 nihil
997 208 1106 246 aliud
1140 221 1257 258 quam
1275 207 1468 258 Syphacis
1498 222 1601 247 uxor
1630 209 1726 247 fuis-

296 294 394 330 sem,
442 283 576 318 tamen
608 280 792 319 Numidae
839 284 958 330 atque
999 281 1039 317 in
1079 280 1214 318 eadem
1246 293 1396 317 mecum
1429 279 1572 318 Africa
1601 281 1729 329 geniti

228 352 276 389 16
296 365 413 402 quam
445 352 680 400 alienigenae
712 356 750 389 et
782 353 939 390 externi
966 352 1084 389 fidem
1113 352 1287 401 experiri
1310 352 1488 399 mallem;
1519 352 1616 402 quid
1634 352 1728 390 Car-

295 424 540 472 thaginiensi
572 424 620 461 ab
638 423 833 471 Romano,
867 424 963 474 quid
994 424 1088 461 filiae
1115 423 1386 461 Hasdrubalis
1416 423 1640 461 timendum
1667 424 1730 470 sit,

295 496 417 533 vides.
479 494 524 532 Si
568 495 680 532 nulla
725 508 767 533 re
799 496 879 533 alia
924 499 1055 546 potes,
1103 498 1228 533 morte
1273 508 1334 532 me
1379 499 1425 532 ut
1464 494 1645 533 vindices
1677 494 1728 532 ab

228 567 278 605 17
296 567 567 604 Romanorum
599 567 779 614 arbitrio,
821 580 889 605 oro
921 567 1216 616 obtestorque.“
1268 566 1415 604 Forma
1447 571 1532 604 erat
1562 566 1730 615 insignis

297 642 335 676 et
379 639 661 676 florentissima
709 643 815 678 aetas.
891 639 1037 688 Itaque
1085 651 1205 688 quum
1251 638 1369 676 modo
1413 651 1569 688 yenna,
1615 639 1730 677 modo

295 710 475 748 dextram
492 711 738 760 amplectens
755 711 796 748 in
815 711 867 757 id,
897 724 946 748 ne
966 710 1031 747 cui
1048 710 1230 748 Romano
1254 710 1494 756 traderetur,
1520 710 1640 748 fidem
1666 723 1729 747 ex·

297 786 492 831 posceret,
522 783 771 832 propiusque
796 783 1016 821 blanditias
1040 783 1117 820 iam
1150 782 1279 820 oratio
1305 786 1407 819 esset
1433 796 1551 831 quam
1582 795 1731 831 preces,

232 854 282 892 18
299 867 377 891 non
409 854 449 891 in
482 854 794 892 misericordiam
840 854 957 891 modo
990 854 1202 904 prolapsus
1249 856 1308 891 est
1353 854 1508 891 animus
1554 853 1731 901 victoris,

296 925 375 973 sed,
406 930 450 963 ut
481 929 541 964 est
580 939 703 974 genus
736 926 1007 964 Numidarum
1055 927 1095 963 in
1127 926 1326 963 Venerem
1358 938 1556 975 praeceps,
1601 938 1733 963 amore

297 998 466 1048 captivae
482 998 611 1035 victor
629 1002 780 1047 captus.
827 998 938 1036 Data
957 997 1096 1035 dextra
1122 998 1162 1035 in
1180 997 1233 1044 id,
1259 997 1365 1046 quod
1384 998 1606 1047 petebatur,
1631 996 1732 1034 obli-

231 1070 280 1106 19
299 1070 440 1118 gandae
471 1069 576 1116 fidei,
607 1070 647 1106 in
680 1070 833 1119 regiam
867 1069 1063 1108 concedit.
1112 1069 1269 1107 Institit
1293 1069 1436 1106 deinde
1461 1072 1650 1118 reputare
1677 1081 1733 1105 se-

299 1154 384 1178 cum
403 1142 499 1191 ipse,
517 1142 849 1191 quemadmodum
866 1142 1052 1191 promissi
1076 1141 1194 1179 fidem
1212 1144 1431 1191 praestaret.
1478 1140 1595 1188 Quod
1612 1153 1733 1189 quum

297 1214 490 1263 expedire
529 1227 605 1251 non
638 1217 790 1263 posset,
837 1214 886 1251 ab
918 1227 1052 1251 amore
1082 1213 1340 1251 temerarium
1373 1216 1491 1262 atque
1523 1212 1734 1261 impudens

227 1286 280 1323 2Ο
297 1289 502 1323 mutuatur
520 1286 750 1333 consilium3
783 1285 943 1335 nuptias
975 1286 1016 1322 in
1035 1299 1123 1323 eum
1142 1286 1270 1335 ipsum
1287 1285 1389 1322 diem
1413 1284 1549 1334 parari
1572 1286 1733 1332 repente

301 1357 426 1404 iubet,
457 1371 506 1395 ne
539 1357 637 1408 quid
669 1358 917 1407 relinqueret
948 1358 1095 1407 integri
1128 1361 1196 1394 aut
1219 1357 1344 1394 Laelio
1369 1360 1437 1394 aut
1459 1355 1538 1405 ipsi
1554 1354 1734 1405 Scipioni

299 1429 532 1467 consulendi
559 1430 671 1468 velut
698 1430 740 1466 in
766 1430 975 1479 captivam,
1008 1442 1095 1479 quae
1115 1429 1340 1466 Masinissae
1367 1428 1446 1466 iam
1470 1430 1594 1477 nupta
1617 1427 1732 1464 foret.

233 1501 282 1538 21
304 1501 439 1539 Factis
470 1501 623 1551 nuptiis
654 1503 883 1551 supervenit
914 1501 1082 1548 Laelius,
1126 1505 1166 1538 et
1205 1501 1304 1539 adeo
1336 1514 1414 1537 non
1447 1498 1733 1544 dissimulavit,
1787 1534 1789 1539 ,

301 1573 526 1623 improbare
558 1587 598 1610 se
629 1574 789 1619 factum,
821 1577 865 1610 ut
895 1573 1025 1622 primo
1052 1573 1170 1610 etiam
1198 1586 1285 1610 cum
1303 1571 1485 1622 Syphace
1518 1574 1557 1608 et
1588 1569 1732 1608 ceteris

299 1646 468 1695 captivis
501 1644 721 1682 detractam
768 1658 853 1682 eam
901 1645 1002 1682 lecto
1035 1645 1185 1693 geniali
1224 1645 1382 1682 mittere
1424 1644 1473 1681 ad
1505 1642 1732 1693 Scipionem

234 1717 285 1754 22
304 1720 467 1755 conatus
498 1717 561 1754 sit.
623 1716 768 1754 Victus
800 1716 946 1754 deinde
978 1717 1166 1766 precibus
1197 1717 1440 1761 Masinissae,
1486 1715 1656 1761 orantis,
1690 1718 1734 1752 ut

301 1789 526 1835 arbitrium,
557 1789 689 1826 utrius
721 1801 860 1837 regum
892 1788 1061 1826 duorum
1093 1790 1262 1827 fortunae
1294 1788 1466 1826 accessio
1501 1786 1733 1837 Sophoniba

300 1865 413 1908 esset,
445 1860 495 1898 ad
513 1860 744 1910 Scipionem
761 1860 959 1907 reiiceret,
975 1860 1096 1898 misso
1114 1859 1296 1910 Syphace
1318 1863 1357 1897 et
1373 1860 1557 1909 captivis,
1581 1863 1733 1896 ceteras

298 1933 417 1970 urbes
448 1932 660 1979 Numidiae,
692 1945 780 1982 quae
812 1932 1014 1982 praesidiis
1045 1933 1169 1982 regiis
1215 1932 1475 1978 tenebantur,
1517 1931 1732 1969 adiuvante

299 2004 513 2042 Masinissa
548 2004 706 2054 recipit.

166 2072 218 2121 13
419 2075 639 2126 Syphacem
673 2076 714 2112 in
740 2079 868 2114 castra
896 2076 1043 2114 adduci
1061 2090 1182 2126 quum
1207 2080 1310 2113 esset
1335 2076 1576 2121 nuntiatum,
1606 2074 1733 2112 omnis

261 2149 412 2186 2velut
442 2147 493 2185 ad
524 2148 795 2198 spectaculum
833 2148 1029 2198 triumphi
1061 2148 1278 2186 multitudo
1325 2148 1447 2185 effusa
1493 2149 1563 2186 est.
1625 2145 1733 2183 Prae-

302 2221 469 2258 cedebat
499 2220 582 2270 ipse
614 2220 792 2269 vinctus3
825 2221 1066 2269 sequebatur
1097 2234 1196 2269 grex
1227 2219 1426 2257 nobilium
1457 2219 1733 2257 Numidarum.

301 2291 414 2339 Tum,
446 2295 637 2342 quantum
686 2291 856 2341 quisque
902 2293 1117 2341 plurimum
1163 2294 1332 2342 poterat,
1362 2290 1632 2340 magnitudini
1663 2289 1735 2338 Sy-

257 2365 280 2402 3
298 2364 434 2414 phacis
450 2364 643 2413 famaeque
661 2363 791 2412 gentis
817 2363 1026 2401 victoriam
1052 2377 1160 2401 suam
1185 2362 1367 2413 augendo
1395 2362 1587 2400 addebat:
1622 2362 1734 2400 illum

302 2450 386 2474 esse
416 2450 562 2486 regem,
596 2436 708 2472 cuius
738 2439 893 2472 tantum
925 2436 1124 2473 maiestati
1148 2436 1226 2473 duo
1254 2434 1522 2485 potentissimi
1548 2434 1589 2470 in
1613 2433 1734 2471 terris

266 2507 291 2544 4
306 2508 523 2545 tribuerint
539 2508 690 2557 populi,
706 2507 910 2545 Romanus
929 2506 1365 2556 Carthaginiensisque,
1387 2509 1431 2543 ut
1448 2504 1595 2555 Scipio,
1613 2505 1734 2554 impe—

303 2583 410 2617 rator
455 2592 567 2626 suus,
614 2579 664 2617 ad
710 2579 927 2617 amicitiam
976 2579 1058 2616 eius
1090 2577 1320 2628 petendam,
1353 2577 1497 2614 relicta
1527 2577 1735 2627 provincia

303 2650 503 2700 Hispania
549 2650 829 2700 exercituque,
876 2649 1031 2687 duabus
1077 2649 1434 2699 quinqueremibus
1482 2649 1521 2686 in
1552 2649 1734 2686 Africam
