1768 2943
538 80 641 111 Liber
666 81 759 113 xxi.
811 80 866 123 (A.
895 81 955 112 ch.
983 80 1080 122 218.)
1487 82 1514 123 5

98 219 149 258 et,
183 213 295 261 quod
318 216 427 248 metu
445 212 616 250 cessisse
634 213 859 249 credebant
876 213 1048 257 hostem,
1074 213 1116 248 id
1144 213 1291 249 morari
1305 212 1513 250 victoriam

96 283 182 327 rati,
209 283 321 331 quod
338 281 552 320 interesset
569 283 712 327 amnis,
731 283 909 318 clamore
934 283 1093 319 sublato
1118 283 1268 331 passim
1287 283 1374 320 sine
1398 283 1513 320 ullius

96 352 278 402 imperio,
304 364 383 400 qua
405 353 549 401 cuique
581 353 806 402 proximum
839 358 913 398 est,
938 353 978 389 in
1011 365 1173 390 amnem
1204 358 1335 390 ruunt.
1384 354 1435 390 Et
1467 367 1514 390 ex
1533 353 1585 393 13

96 428 208 472 parte
241 423 366 459 altera
397 424 493 472 ripae
525 424 582 460 vis
614 423 760 472 ingens
786 424 964 471 equitum
981 424 1022 460 in
1040 424 1190 460 flumen
1207 423 1399 469 immissa,
1430 438 1514 462 me-

96 494 248 542 dioque
266 494 380 530 alveo
399 494 716 543 haudquaquam
733 493 820 542 pari
838 494 1056 530 certamine
1076 506 1330 541 concursum,
1364 495 1514 544 quippe
1532 493 1585 533 14

96 565 162 601 ubi
194 565 323 613 pedes
354 563 552 600 instabilis
585 575 632 599 ac
664 564 726 600 vix
745 565 851 600 vado
876 564 1008 601 fidens
1037 565 1097 601 vel
1121 566 1172 601 ab
1198 565 1339 601 inermi
1364 565 1512 613 equite,

96 647 202 684 equo
234 640 386 671 temere
419 639 525 677 acto,
558 635 729 682 perverti
762 641 915 683 posset,
949 647 1074 683 eques
1107 647 1279 684 corpore
1312 635 1513 683 armisque

96 706 206 750 liber,
240 717 346 753 equo
379 704 440 740 vel
473 716 544 753 per
575 705 735 741 medios
759 705 937 754 gurgites
963 706 1108 748 stabili,
1134 706 1317 742 cominus
1340 706 1514 742 eminus-

96 788 174 824 que
205 787 290 811 rem
321 780 493 823 gereret.
565 775 661 812 Pars
693 788 844 824 magna
876 776 1040 812 flumine
1074 777 1307 825 absumpta;
1347 777 1513 825 quidam
1532 774 1584 814 15

96 846 299 884 verticoso
332 845 441 882 amni
474 846 597 882 delati
629 846 670 882 in
703 846 842 883 hostes
882 847 933 882 ab
974 847 1200 895 elephantis
1241 847 1374 883 obtriti
1408 852 1512 884 sunt.

95 916 305 961 Postremi,
325 916 468 964 quibus
492 928 698 965 regressus
722 917 762 953 in
782 929 895 953 suam
917 917 1046 966 ripam
1070 918 1192 954 tutior
1221 917 1305 964 suit,
1331 930 1379 954 ex
1406 918 1514 954 varia
1534 915 1583 956 16

95 987 367 1036 trepidatione
401 999 523 1035 quum
546 987 587 1023 in
615 999 739 1023 unum
765 987 1060 1036 colligerentur,
1087 988 1320 1036 priusquam
1345 1001 1368 1024 α
1398 993 1512 1025 tanto

95 1069 246 1107 pavore
263 1057 489 1106 reciperent
506 1058 678 1102 animos,
712 1057 919 1095 Hannibal
937 1058 1099 1107 agmine
1117 1060 1318 1107 quadrato
1351 1071 1513 1095 amnem

95 1128 299 1177 ingressus
333 1127 471 1177 fugam
495 1141 543 1165 ex
564 1129 650 1177 ripa
668 1129 775 1173 fecit,
808 1129 1056 1177 vastatisque
1082 1129 1201 1177 agris,
1227 1129 1332 1165 intra
1359 1141 1513 1178 paucos

97 1199 184 1236 dies
203 1198 457 1247 Carpetanos
476 1211 639 1247 quoque
663 1200 704 1235 in
730 1200 985 1236 deditionem
1004 1200 1179 1248 accepit;
1214 1205 1254 1236 et
1277 1200 1357 1236 iam
1376 1200 1514 1237 omnia
1533 1198 1581 1237 17

96 1275 205 1306 trans
230 1269 426 1306 Hiberum
457 1275 601 1318 praeter
625 1271 872 1319 Saguntinos
898 1270 1293 1318 Carthaginiensium
1327 1277 1454 1308 erant.

215 1340 317 1377 Cum
335 1341 568 1389 Saguntinis
601 1342 748 1377 bellum
773 1342 960 1378 nondum
985 1347 1083 1386 erat,
1112 1347 1290 1378 ceterum
1317 1342 1397 1378 iam
1421 1342 1514 1378 belli

97 1423 233 1448 causa.
283 1410 516 1448 Certamina
548 1424 639 1448 cum
671 1412 846 1448 finitimis
875 1413 1125 1457 serebantur,
1159 1412 1332 1449 maxime
1357 1412 1514 1449 Turde-

96 1482 214 1518 tanis.
264 1481 420 1528 Quibus
453 1494 574 1530 quum
607 1483 774 1519 adesset
805 1483 927 1527 idem,
962 1483 1030 1531 qui
1063 1484 1139 1520 litis
1172 1488 1258 1519 erat
1282 1488 1404 1527 sator,
1438 1480 1556 1519 nec?

97 1558 303 1589 certamen
334 1552 442 1596 iuris,
467 1554 542 1589 sed
566 1553 644 1589 vim
677 1554 799 1602 quaeri
824 1559 1055 1602 appareret,
1090 1554 1211 1602 legati
1232 1566 1255 1590 a
1280 1554 1513 1602 Saguntinis

97 1623 270 1659 Romam
295 1623 406 1659 missi
431 1623 619 1659 auxilium
642 1624 696 1660 ad
720 1624 865 1660 bellum
899 1625 978 1660 iam
1008 1625 1118 1660 haud
1151 1624 1275 1660 dubie
1298 1623 1514 1660 imminens

98 1699 274 1730 orantes.
321 1692 521 1730 Consules
554 1699 650 1730 tunc
682 1695 823 1730 Romae
857 1699 972 1730 erant
1004 1695 1048 1730 P.
1083 1694 1295 1731 Cornelius
1314 1695 1450 1743 Scipio
1476 1692 1555 1731 et3

97 1763 160 1800 Ti.
189 1764 451 1813 Sempronius
481 1764 662 1814 Longus.
722 1765 801 1811 Qui
830 1777 964 1813 quum,
992 1765 1135 1813 legatis
1164 1765 1205 1801 in
1238 1771 1423 1802 senatum
1455 1765 1515 1801 in-

97 1834 306 1879 troductis,
333 1835 386 1871 de
403 1847 446 1871 re
465 1835 626 1884 publica
642 1836 899 1880 rettulissent,
919 1835 1217 1884 placuissetque
1235 1836 1336 1872 mitti
1358 1836 1515 1884 legatos

96 1905 138 1940 in
155 1904 396 1954 Hispaniam
424 1906 478 1942 ad
502 1918 566 1942 res
590 1906 792 1943 sociorum
815 1906 1105 1955 inspiciendas,
1130 1907 1275 1954 quibus
1304 1906 1335 1943 si
1360 1907 1515 1942 videre·
1530 1903 1557 1943 4

97 1980 158 2011 tur
184 1975 310 2024 digna
327 1959 464 2021 causa,
498 1982 538 2012 et
561 1977 780 2013 Hannibali
804 1977 1106 2022 denuntiarent,
1131 1982 1175 2013 ut
1198 1978 1248 2013 ab
1267 1976 1514 2026 Saguntinis,

98 2047 218 2083 sociis
251 2047 389 2095 populi
407 2048 595 2092 Romani,
622 2047 855 2092 abstineret,
890 2052 930 2083 et
955 2047 1244 2097 Carthaginem
1269 2048 1310 2084 in
1338 2047 1515 2084 Africam

98 2116 326 2153 traiicerent
350 2129 398 2154 ac
423 2118 626 2154 sociorum
650 2118 790 2166 populi
810 2118 985 2155 Romani
1004 2118 1276 2166 querimonias
1295 2118 1513 2162 deferrent,

99 2186 174 2222 hac
204 2187 409 2235 legatione
442 2189 608 2225 decreta
643 2189 821 2225 necdum
852 2189 994 2233 missa,
1029 2190 1209 2226 omnium
1243 2201 1314 2237 spe
1348 2186 1557 2225 celeriusz')

99 2257 321 2306 Saguntum
346 2259 574 2307 oppugnari
597 2259 760 2295 allatum
788 2264 861 2296 est.
909 2257 1030 2296 Tunc
1055 2261 1181 2296 relata
1205 2260 1258 2295 de
1275 2259 1434 2307 integro
1452 2270 1515 2294 res

99 2327 153 2362 ad
185 2333 390 2372 senatum;
424 2334 464 2365 et
495 2329 560 2365 alii
592 2329 821 2378 provincias
854 2331 1086 2367 consulibus
1118 2330 1361 2379 Hispaniam
1393 2334 1516 2376 atque
1531 2327 1555 2365 li

99 2397 275 2434 Africam
293 2399 562 2436 decernentes
586 2405 690 2436 terra
713 2400 894 2448 marique
918 2413 1002 2437 rem
1026 2402 1250 2449 gerendam
1277 2400 1514 2443 censebant,

100 2467 164 2503 alii
196 2473 325 2505 totum
356 2469 398 2505 in
422 2469 664 2518 Hispaniam
681 2470 1037 2519 Hannibalemque
1058 2472 1330 2508 intendebant
1347 2470 1513 2513 bellum;

100 2543 226 2581 erant,
257 2537 324 2586 qui
355 2551 441 2576 non
459 2545 611 2577 temere
635 2542 882 2577 movendam
907 2554 990 2578 rem
1015 2547 1170 2578 tantam
1195 2541 1515 2589 exspectandos·
1532 2538 1553 2578 7

100 2620 177 2655 que
206 2621 254 2645 ex
272 2609 471 2658 Hispania
494 2612 652 2660 legatos
676 2617 902 2648 censerent.
946 2611 1046 2648 Haec
1063 2611 1278 2655 sententia,
1298 2622 1386 2658 quae
1405 2610 1516 2646 tutis·
1531 2608 1556 2647 8

1608 1336 1635 1380 6
