1768 2943
469 109 574 140 Liber
600 109 710 139 xxm.
761 108 814 150 (A.
844 109 906 140 ch.
934 108 1147 152 217—216.)
1461 109 1515 151 89

97 253 241 290 campo
259 240 407 278 Martio
426 240 727 283 coniurassent;
756 239 881 276 indici
908 241 1005 276 data
1029 241 1191 277 libertas
1217 246 1256 276 et
1280 241 1366 278 aeris
1384 242 1515 290 gravis

96 312 232 361 viginti
264 312 399 348 millia.
461 310 605 359 Legati
644 316 684 345 et
715 311 770 346 ad
802 310 1030 358 Philippum
1062 310 1339 347 Macedonum
1378 309 1556 360 regem-‘3

96 383 203 420 missi
236 383 290 419 ad
323 381 633 431 deposcendum
657 379 907 416 Demetrium
931 381 1131 425 Pharium,
1167 382 1233 429 qui
1261 382 1367 418 bello
1391 383 1516 419 victus

96 454 149 489 ad
182 465 273 489 eum
307 453 488 501 fugisset,
523 457 562 487 et
587 451 652 487 alii
675 450 717 486 in
743 449 910 499 Ligures
936 452 989 487 ad
1015 452 1369 500 expostulandum,
1405 451 1559 500 quod4

94 525 262 561 Poenum
297 523 442 572 opibus
470 521 705 569 auxiliisque
731 521 811 557 suis
840 521 1045 566 iuvissent,
1079 522 1194 558 simul
1227 522 1281 557 ad
1305 522 1515 558 visendum

95 607 142 631 ex
169 593 415 643 propinquo,
443 605 531 641 quae
556 593 596 629 in
621 591 731 628 Boiis
758 597 879 640 atque
897 592 1131 629 Insubribus
1155 597 1403 640 gererentur.
1452 593 1516 628 Ad
1532 590 1558 631 5

93 665 261 702 Pineum
294 675 458 712 quoque
489 676 627 712 regem
651 663 693 698 in
717 662 871 711 Illyrios
897 662 1018 711 legati
1042 663 1151 699 missi
1176 664 1230 699 ad
1256 663 1515 711 stipendium.

94 736 204 772 cuius
237 735 325 771 dies
358 735 522 779 exierat,
556 734 811 783 poscendum
846 740 925 777 aut,
971 734 1003 770 si
1043 734 1150 769 diem
1184 733 1352 781 proferri
1385 734 1516 776 vellet,

93 806 260 842 obsides
293 805 570 854 accipiendos.
619 805 752 849 Adeo,
787 804 861 841 etsi
890 805 1037 840 bellum
1060 805 1205 852 ingens
1232 805 1273 840 in
1298 804 1517 842 cervicibus
1533 803 1557 843 6

93 881 190 920 erat,
224 876 369 912 nullius
402 888 571 924 usquam
606 881 798 912 terrarum
822 875 878 911 rei
904 887 998 912 cura
1020 875 1245 919 Romanos,
1279 887 1331 910 ne
1359 874 1518 923 longin-

92 958 181 995 quae
216 947 394 995 quidem,
429 946 662 995 effugiebat.
725 945 771 982 In
803 946 1042 994 religionem
1076 946 1196 982 etiam
1230 945 1350 989 venit,
1386 944 1554 984 aedem'Y

93 1017 350 1062 Concordiae,
386 1030 505 1065 quam
539 1029 611 1066 per
644 1016 889 1054 seditionem
921 1016 1132 1053 militarem
1166 1016 1332 1052 biennio
1359 1021 1453 1051 ante
1470 1015 1516 1051 L.

92 1089 266 1126 Manlius
298 1094 445 1137 praetor
470 1088 509 1124 in
529 1087 662 1124 Gallia
685 1088 874 1132 vovisset,
908 1088 1083 1124 locatam
1110 1088 1164 1123 ad
1189 1087 1231 1123 id
1255 1092 1414 1134 tempus
1432 1098 1516 1122 non

92 1171 195 1196 esse.
243 1159 385 1207 Itaque
414 1158 609 1195 duumviri
635 1159 689 1194 ad
715 1171 804 1194 eam
829 1170 912 1193 rem
942 1158 1064 1194 creati
1097 1171 1121 1194 a
1145 1157 1201 1194 M.
1221 1157 1385 1193 AEmilio
1418 1169 1516 1205 prae-
1533 1156 1557 1197 S

91 1235 178 1266 tore
201 1230 372 1272 urbano,
408 1228 454 1266 C.
480 1229 629 1278 Pupius
655 1234 695 1265 et
721 1228 839 1265 Caeso
860 1228 1072 1274 Quinctius
1098 1228 1360 1271 Flamininus,
1387 1228 1516 1264 aedem

90 1299 131 1336 in
164 1312 257 1337 arce
291 1299 524 1337 faciendam
557 1300 805 1337 locaverunt.

210 1371 272 1407 Ab
306 1371 456 1407 eodem
489 1376 661 1419 praetore
695 1383 743 1407 ex
776 1377 942 1408 senatus
966 1371 1152 1407 consulto
1177 1370 1316 1406 litterae
1339 1370 1394 1405 ad
1420 1368 1557 1408 con-9

93 1442 198 1478 sules
221 1442 366 1485 missae,
400 1446 455 1485 ut,
492 1441 523 1478 si
547 1441 594 1478 iis
618 1442 832 1486 videretur,
859 1443 958 1479 alter
983 1454 1121 1478 eorum
1148 1442 1202 1478 ad
1228 1440 1416 1478 consules
1435 1451 1518 1475 cre-

92 1512 225 1548 andos
244 1512 415 1548 Romam
440 1512 612 1556 veniret;
647 1524 690 1549 se
714 1512 755 1549 in
780 1525 870 1549 eam
896 1514 1018 1557 diem,
1045 1525 1166 1560 quam
1189 1512 1413 1554 iussissent,
1448 1521 1516 1546 co-

92 1582 203 1618 mitia
236 1583 473 1620 edicturum.
522 1584 587 1619 Ad
613 1584 698 1620 haec
716 1596 739 1619 cz
758 1584 990 1620 consulibus
1015 1584 1264 1631 rescriptum,
1290 1582 1376 1618 sine
1395 1580 1515 1616 detri-
1535 1580 1588 1621 10

93 1658 231 1690 mento
263 1654 319 1689 rei
351 1654 521 1702 publicae
554 1654 722 1691 abscedi
754 1666 838 1690 non
871 1666 993 1702 posse
1027 1654 1077 1689 ab
1111 1654 1247 1697 hoste;
1282 1653 1418 1700 itaque
1447 1663 1518 1699 per

91 1724 334 1772 interregem
369 1724 532 1761 comitia
565 1725 758 1761 habenda
791 1737 881 1761 esse
913 1724 1061 1773 potius,
1097 1736 1218 1772 quam
1248 1723 1390 1760 consul
1419 1722 1518 1758 alter

92 1806 116 1830 a
147 1795 254 1831 bello
289 1800 539 1831 avocaretur.
587 1795 771 1832 Patribus
795 1795 942 1832 rectius
966 1795 1092 1831 visum
1119 1800 1192 1838 est,
1227 1794 1468 1830 dictatorem
1495 1793 1585 1832 all

82 1865 259 1904 consule
284 1865 364 1902 dici
393 1865 647 1902 comitiorum
672 1866 955 1902 habendorum
983 1878 1119 1904 causa.
1168 1865 1309 1901 Dictus
1326 1864 1372 1901 L.
1393 1863 1518 1899 Vetu-

92 1936 171 1972 rius
211 1936 325 1973 Philo
366 1936 422 1973 M.
465 1936 737 1985 Pomponium
780 1936 1020 1973 Mathonem
1064 1935 1298 1984 magistrum
1339 1934 1516 1982 equitum

93 2006 204 2044 dixit.
251 2006 303 2044 Iis
336 2006 431 2043 vitio
465 2007 608 2044 creatis
640 2007 839 2055 iussisque
872 2007 939 2043 die
968 2012 1111 2054 quarto
1136 2006 1298 2043 decimo
1325 2018 1367 2042 se
1392 2004 1517 2053 magi-
1537 2004 1589 2045 12

93 2082 217 2114 stratu
241 2077 448 2122 abdicare,
475 2079 530 2114 ad
553 2078 826 2126 interregnum
845 2090 908 2113 res
931 2077 1062 2114 rediit.
1113 2076 1357 2113 Consulibus
1376 2087 1516 2125 proro-
1579 2073 1645 2117 34

1532 2143 1565 2168 A.
1579 2151 1604 2168 u.
1616 2150 1640 2168 c.
1652 2144 1711 2169 538.

92 2153 230 2197 gatum
255 2148 295 2184 in
321 2160 470 2184 annum
495 2148 720 2197 imperium.
766 2148 994 2197 Interreges
1016 2148 1167 2196 proditi
1186 2153 1278 2184 sunt
1294 2160 1318 2183 a
1335 2147 1514 2196 patribus
1533 2177 1703 2205 A.C11.216.

94 2217 138 2254 C.
160 2217 354 2255 Claudius
368 2219 473 2268 App.
493 2218 593 2255 filius
613 2218 759 2262 Cento,
778 2218 875 2254 inde
893 2219 936 2255 P.
952 2218 1163 2254 Cornelius
1178 2218 1317 2254 Asina.
1366 2217 1412 2253 In
1430 2217 1515 2253 eius

93 2288 324 2337 interregno
351 2289 513 2326 comitia
538 2289 675 2326 habita
699 2301 850 2337 magno
877 2290 1095 2326 certamine
1122 2294 1279 2337 patrum
1305 2300 1351 2326 ac
1375 2287 1515 2336 plebis.

95 2357 140 2396 C.
159 2356 356 2396 Terentio
375 2359 562 2404 Varroni,
589 2372 708 2408 quern
735 2360 793 2396 sui
817 2361 978 2408 generis
1003 2360 1224 2403 hominem,
1254 2359 1362 2407 plebi
1388 2358 1516 2394 insec-
1533 2357 1558 2397 2

95 2429 249 2466 tatione
281 2430 505 2478 principum
539 2430 883 2479 popularibusque
909 2431 1059 2466 artibus
1084 2430 1355 2473 conciliatum,
1389 2429 1440 2464 ab
1465 2428 1515 2473 Q.

95 2499 207 2535 Fabii
245 2500 390 2548 opibus
424 2506 464 2537 et
496 2501 712 2538 dictatorio
751 2500 922 2549 imperio
964 2512 1167 2536 concusso
1201 2500 1334 2535 aliena
1366 2498 1515 2534 invidia

95 2570 391 2619 splendentem,
411 2572 551 2620 vulgus
570 2571 778 2608 extrahere
797 2571 851 2607 ad
869 2571 1121 2607 consulatum
1141 2570 1356 2612 nitebatur,
1382 2573 1516 2617 patres

96 2652 250 2676 summa
264 2652 343 2689 ope
359 2642 590 2686 obstabant,
605 2655 656 2678 ne
671 2654 713 2678 se
726 2642 970 2678 insectando
986 2641 1059 2677 sibi
1074 2640 1222 2688 aequari
1236 2646 1517 2676 assuescerent
