1789 2955
269 77 319 114 36
665 74 780 110 Liber
803 73 952 109 XXVI.
1002 74 1062 118 (A.
1088 86 1122 109 u.
1148 86 1176 109 c.
1202 75 1294 119 544.)

270 206 337 247 „ut
361 214 494 239 coram
511 202 559 239 iis
574 202 846 252 respondeam,
874 202 1032 251 quando
1056 215 1102 239 ea
1125 201 1360 239 condicione
1378 215 1451 251 pro
1472 202 1598 248 vobis,
1626 215 1693 251 pa-

269 275 351 309 tres
368 273 595 322 conscripti,
617 273 724 311 bella
747 274 936 321 gerimus,
960 276 1006 310 ut
1021 274 1147 311 victos
1165 274 1285 310 armis
1311 276 1560 311 accusatores
1575 274 1695 311 habe-

267 357 388 389 amus,
415 347 452 381 et
469 343 557 380 duae
574 348 700 394 captae
715 345 790 382 hoc
815 358 917 382 anno
944 345 1064 382 urbes
1081 344 1219 394 Capua
1234 345 1421 382 Fulvium
1438 357 1561 390 reum,
1587 344 1694 382 Mar-

133 409 183 459 31
268 415 412 451 cellum
429 414 635 463 Syracusae
651 416 861 453 habeant.“
896 416 1090 454 Reductis
1107 416 1147 453 in
1165 416 1316 453 curiam
1332 416 1487 464 legatis,
1502 419 1587 452 tum
1604 429 1694 453 con-

267 487 328 523 sul
358 486 471 532 „Non
495 487 594 524 adeo
618 487 865 524 maiestatis“
894 488 1025 537 inquit
1060 487 1222 537 „populi
1255 487 1426 524 Romani
1459 487 1695 537 imperiique

266 557 384 594 huius
402 558 552 595 oblitus
568 571 665 605 sum,
688 562 821 608 patres
839 559 1066 608 conscripti,
1092 562 1146 605 ut,
1172 559 1205 596 si
1224 558 1272 595 de
1289 571 1374 595 meo
1393 558 1556 595 crimine
1573 559 1695 596 ambi-

227 630 250 666 2
267 632 440 679 geretur,
457 630 593 667 consul
612 630 792 667 dicturus
810 644 968 668 causam
985 630 1263 667 accusantibus
1281 629 1435 667 Graeeis
1451 630 1611 676 fuerim3
1627 629 1696 667 sed

266 714 356 746 non,
378 700 475 750 quid
509 714 580 749 ego
596 702 768 747 fecerim,
794 702 834 739 in
860 701 1179 751 disquisitionem
1204 701 1326 747 venit,
1355 714 1481 750 quem,
1505 700 1699 750 quicquid

264 772 305 808 in
327 771 510 809 hostibus
533 773 620 818 feci,
649 774 710 811 ius
740 773 840 810 belli
858 773 1046 819 defendit,
1072 773 1139 809 sed
1158 772 1255 820 quid
1281 772 1348 809 isti
1372 772 1457 821 pati
1474 771 1697 809 debuerint.

268 842 349 889 Qui
366 843 399 880 si
424 857 502 880 non
529 844 689 882 fuerunt
703 845 848 892 hostes,
870 845 971 882 nihil
995 845 1172 890 interest,
1197 857 1303 880 nunc
1327 857 1377 880 an
1402 843 1492 880 vivo
1518 843 1698 880 Hierone

221 916 245 953 3
264 914 479 964 Syracusas
496 915 748 961 violaverim;
778 917 840 953 sin
867 919 997 953 aut-em
1015 915 1268 952 desciverunt
1292 928 1315 952 a
1337 914 1486 964 populo
1503 914 1698 961 Romano,

266 987 299 1024 si
316 987 469 1035 legatos
495 991 651 1025 nostros
675 988 780 1025 ferro
805 993 923 1037 atque
941 986 1061 1023 armis
1083 986 1297 1036 petierunt,
1318 986 1457 1023 urbem
1483 1000 1529 1023 ac
1553 986 1698 1024 moenia

266 1059 493 1095 clauserunt
524 1059 783 1108 exercituque
816 1058 1210 1107 Carthaginiensium
1252 1057 1441 1095 adversus
1478 1071 1549 1095 nos
1578 1057 1700 1095 tutati

227 1131 252 1167 4
270 1134 372 1176 sunt,
399 1130 490 1179 quis
507 1144 643 1180 passos
661 1144 745 1167 esse
762 1130 938 1176 hostilia,
963 1142 1084 1178 quum
1101 1129 1281 1175 fecerint,
1306 1128 1570 1177 indignatur?
1601 1128 1698 1166 Tra-

270 1201 407 1239 dentes
430 1202 569 1239 urbem
602 1201 805 1251 principes
831 1200 1171 1249 Syracusanorum
1196 1205 1402 1238 aversatus
1433 1213 1538 1247 sum;
1571 1197 1700 1237 Sosim

269 1276 309 1310 et
324 1273 536 1310 Moericum
555 1273 795 1323 Hispanum,
830 1272 979 1322 quibus
1001 1275 1155 1309 tantam
1180 1272 1382 1309 crederem
1407 1284 1502 1317 rem,
1526 1271 1700 1321 potiores

266 1344 402 1381 habui.
461 1344 552 1382 Non
583 1345 678 1382 estis
711 1344 882 1382 extremi
922 1342 1274 1391 Syracusanorum,
1315 1343 1464 1392 quippe
1504 1343 1574 1392 qui
1606 1342 1700 1379 aliis

220 1415 530 1454 5humilitatem
560 1416 781 1462 obiiciatis;
828 1415 918 1465 quis
950 1417 1010 1452 est
1039 1418 1228 1461 vestrum,
1261 1415 1331 1464 qui
1363 1428 1404 1452 se
1434 1413 1534 1451 mihi
1564 1417 1700 1463 portas

267 1490 511 1538 aperturum,
549 1487 618 1536 qui
659 1490 832 1524 armatos
872 1486 1020 1523 milites
1050 1499 1157 1523 meos
1198 1485 1239 1522 in
1273 1485 1412 1522 urbem
1444 1489 1701 1534 accepturum

267 1558 524 1609 promiserit?
583 1558 735 1596 Odistis
767 1561 805 1595 et
836 1558 1097 1595 exsecramini
1129 1569 1208 1603 eos,
1245 1557 1315 1607 qui
1345 1557 1542 1602 fecerunt,
1581 1558 1620 1593 et
1650 1567 1700 1593 ne

267 1630 334 1667 hic
361 1629 522 1679 quidem
546 1629 798 1667 contumeliis
822 1629 862 1665 in
890 1642 955 1666 eos
983 1628 1165 1666 dicendis
1192 1628 1377 1678 parcitis;
1409 1631 1564 1665 tantum
1580 1626 1703 1673 abest,

232 1703 254 1740 6
271 1706 315 1740 ut
337 1705 377 1739 et
402 1702 480 1752 ipsi
500 1701 581 1739 tale
609 1701 823 1751 quicquam
850 1700 996 1737 facturi
1013 1700 1186 1737 fueritis.
1216 1699 1312 1749 Ipsa
1336 1699 1541 1736 humilitas
1566 1711 1702 1736 eorum

270 1777 406 1824 patres
429 1773 656 1822 conscripti,
689 1785 808 1821 quam
832 1772 899 1808 isti
931 1771 1141 1818 obiiciunt,
1171 1772 1344 1808 maximo
1368 1777 1600 1819 argumento
1632 1773 1704 1817 est,

269 1859 331 1882 me
362 1845 570 1891 neminem,
600 1844 669 1893 qui
700 1847 884 1881 navatam
917 1856 1078 1893 operam
1107 1844 1167 1880 rei
1190 1843 1363 1892 publicae
1393 1846 1539 1879 nostrae
1567 1841 1700 1887 vellet,

226 1917 249 1953 7
267 1920 490 1954 aversatum
529 1929 624 1954 esse.
701 1915 754 1952 Et
796 1918 1010 1963 antequam
1051 1914 1275 1952 obsiderem
1316 1912 1551 1962 Syracusas,
1596 1924 1700 1949 nunc

270 1988 414 2036 legatis
435 1987 653 2033 mittendis,
675 2001 780 2024 nunc
808 1987 858 2023 ad
883 1986 1129 2036 colloquium
1155 1985 1281 2022 eundo
1307 1985 1459 2022 tentavi
1485 1996 1633 2034 pacem,
1663 1985 1704 2020 et

270 2062 528 2109 posteaquam
559 2072 688 2108 neque
719 2059 872 2106 legatos
903 2057 1084 2094 violandi
1108 2056 1351 2094 verecundia
1377 2059 1473 2102 erat,
1504 2068 1576 2092 nec
1606 2054 1703 2092 mihi

273 2131 351 2180 ipsi
375 2143 585 2179 congresso
611 2131 660 2167 ad
692 2133 829 2179 portas
861 2142 950 2166 cum
980 2128 1232 2178 principibus
1263 2140 1495 2178 responsum
1521 2126 1704 2172 dabatur,

272 2202 407 2239 multis
433 2205 542 2239 terra
559 2202 738 2250 marique
756 2200 959 2238 exhaustis
976 2199 1198 2245 laboribus,
1211 2199 1375 2236 tandem
1391 2199 1430 2236 vi
1447 2202 1566 2247 atque
1583 2197 1704 2235 armis

228 2273 488 2321 8Syracusas
521 2273 618 2322 cepi.
667 2272 764 2318 Quae
797 2272 922 2321 captis
954 2271 1187 2317 acciderint,
1229 2270 1337 2320 apud
1367 2269 1635 2306 Hannibalem
1666 2271 1705 2305 et

276 2344 629 2393 Carthaginienses
660 2344 787 2380 victos
822 2342 964 2379 iustius
997 2355 1114 2391 quam
1147 2342 1253 2392 apud
1284 2341 1446 2379 victoris
1475 2339 1614 2390 populi
1645 2352 1703 2376 se·

232 2417 254 2453 9
273 2419 409 2453 natum
428 2419 698 2465 quererentur.
740 2415 839 2463 Ego,
865 2417 998 2463 patres
1024 2413 1252 2462 conscripti,
1279 2411 1495 2460 Syracusas
1512 2411 1705 2460 spoliatas

275 2488 309 2525 si
340 2491 558 2536 negaturus
589 2500 725 2532 essem,
769 2498 969 2534 nunquam
1012 2483 1153 2533 spoliis
1195 2497 1329 2520 earum
1367 2483 1504 2520 urbem
1534 2482 1703 2519 Romam

276 2572 519 2596 exornarem.
581 2557 678 2604 Quae
710 2559 839 2595 autem
871 2555 1040 2604 singulis
1080 2555 1206 2592 victor
1240 2558 1309 2592 aut
1340 2554 1470 2592 ademi
1502 2557 1570 2592 aut
1601 2553 1704 2600 dedi,

280 2643 398 2678 quum
424 2629 520 2666 belli
544 2629 641 2675 iure,
667 2632 751 2666 tum
777 2641 827 2665 ex
854 2627 1045 2676 cuiusque
1073 2626 1214 2663 merito
1240 2626 1336 2664 satis
1360 2626 1441 2662 scio
1466 2639 1525 2662 me
1550 2624 1703 2663 fecisse.
