1768 2943
543 98 648 129 Liber
674 97 765 128 xxr.
817 96 872 139 (A.
900 97 961 128 Ch.
989 95 1083 139 218.)
1463 97 1515 138 37

102 238 164 268 est
185 231 265 267 iam
290 231 483 279 opulenta
500 241 572 265 vos
597 241 644 266 ac
669 229 768 265 ditia
785 229 989 277 stipendia
1007 228 1141 264 facere
1159 234 1199 264 et
1215 241 1365 277 magna
1384 241 1518 277 operae

101 301 228 350 pretia
259 301 414 344 mereri,
448 305 603 336 tantum
635 299 788 336 itineris
820 311 891 348 per
923 303 983 335 tot
1014 303 1175 334 montes
1207 298 1452 346 fluminaque
1481 305 1521 335 et

101 377 161 408 tot
193 376 368 408 armatas
399 375 543 419 gentes
576 381 779 406 emensos.
842 369 920 406 Hic
952 369 1066 404 vobis
1098 368 1311 404 termInum
1336 369 1519 405 laborum
1538 368 1591 408 10

101 442 264 478 fortuna
286 423 419 484 &edin
448 440 512 477 hic
536 439 703 489 dignam
721 440 952 476 mercedem
970 439 1145 475 emeritis
1163 439 1374 487 stipendiis
1393 439 1519 475 dabit.

101 511 200 556 Nec,
235 523 356 560 quam
388 511 525 559 magni
556 510 733 547 nominis
766 510 914 546 bellum
947 515 1020 553 est,
1055 516 1136 545 tam
1159 509 1366 546 difficilem
1389 509 1521 545 existi·
1540 510 1588 548 11

101 582 252 618 maritis
283 582 491 618 victoriam
525 580 630 624 fore3
665 592 773 628 saepe
806 586 846 616 et
878 585 1135 628 contemptus
1163 579 1290 616 hostis
1314 585 1521 615 cruentum

102 658 307 690 certamen
339 652 469 687 edidit
501 656 540 687 et
572 651 695 688 incliti
727 650 867 699 populi
898 661 1098 698 regesque
1130 650 1278 698 perlevi
1311 656 1521 686 momento

101 723 192 760 victi
224 727 329 759 sunt.
392 721 496 757 Nam
529 722 698 770 dempto
731 721 809 757 hoc
842 733 925 757 uno
955 720 1112 769 fulgore
1134 720 1310 757 nominis
1333 721 1521 764 Romani,
1541 720 1593 759 12

102 793 200 841 quid
232 798 305 837 est,
340 804 408 829 cur
439 792 492 828 illi
521 792 636 828 vobis
659 792 926 840 comparandi
949 789 1052 827 sint?
1085 790 1141 827 Ut
1162 791 1300 840 viginti
1323 803 1522 827 annorum
1542 790 1593 830 13

101 863 281 899 militiam
313 868 485 899 vestram
519 875 609 899 cum
642 863 707 898 illa
739 862 895 906 virtute,
936 874 1026 898 cum
1058 862 1124 898 illa
1157 861 1318 898 fortuna
1349 868 1521 906 taceam,

101 935 153 970 ab
170 933 356 970 Herculis
379 933 591 977 columnis,
615 933 666 969 ab
685 931 856 969 Oceano
880 933 1140 980 terminisque
1162 933 1308 969 ultimis
1331 938 1523 969 terrarum

101 1017 173 1054 per
211 1009 272 1041 tot
313 1003 587 1040 ferocissimos
620 1002 829 1051 Hispaniae
863 1008 902 1039 et
934 1002 1076 1039 Galliae
1108 1003 1284 1051 populos
1316 1004 1524 1040 vincentes

101 1075 179 1111 huc
196 1073 452 1123 pervenistis;
472 1073 704 1122 pugnabitis
723 1085 812 1110 cum
832 1074 1007 1111 exercitu
1025 1074 1169 1117 tirone,
1189 1073 1264 1110 hac
1282 1074 1372 1122 ipsa
1385 1080 1523 1111 aestate
1542 1073 1595 1112 14

103 1157 223 1190 caeso,
256 1145 376 1188 victo,
411 1144 677 1180 circumsesso
703 1156 726 1180 a
750 1143 889 1188 Gallis,
914 1145 1057 1192 ignoto
1083 1144 1218 1180 adhuc
1243 1145 1337 1181 duci
1369 1156 1443 1181 suo
1466 1145 1524 1193 ig-

101 1215 345 1263 norantique
368 1215 529 1250 ducem.
592 1216 655 1250 An
689 1227 754 1250 me
776 1215 817 1250 in
839 1215 1028 1263 praetorio
1051 1216 1188 1264 patris,
1224 1215 1431 1252 clarissimi
1454 1215 1525 1251 im·
1544 1214 1595 1254 15

101 1286 312 1335 peratoris,
341 1297 471 1334 prope
494 1290 647 1329 natum,
678 1291 786 1321 certe
811 1286 1015 1330 eductum,
1047 1286 1291 1322 domitorem
1316 1285 1525 1334 Hispaniae

102 1355 339 1404 Galliaeque,
373 1356 566 1392 victorem
599 1357 777 1392 eundem
810 1367 896 1392 non
922 1356 1157 1404 Alpinarum
1180 1357 1307 1392 modo
1330 1357 1524 1405 gentium,

103 1427 178 1463 sed
209 1427 400 1475 ipsarum,
441 1427 554 1474 quod
585 1426 711 1462 multo
745 1427 873 1463 maius
906 1432 980 1471 est,
1014 1427 1187 1475 Alpium,
1221 1439 1311 1464 cum
1345 1427 1527 1463 semestri

104 1497 183 1533 hoc
226 1496 435 1533 conferam
478 1497 596 1541 duce,
641 1497 852 1533 desertore
895 1498 1093 1534 exercitus
1131 1495 1218 1534 sui?
1267 1498 1328 1534 cuj
1368 1498 1400 1534 si
1438 1498 1525 1545 quis
1544 1495 1595 1536 16

105 1567 280 1615 demptis
293 1567 418 1615 signis
430 1567 581 1603 Poenos
590 1567 884 1615 Romanosque
895 1567 1020 1603 hodie
1031 1569 1236 1613 ostendat,
1249 1568 1526 1616 ignoraturum

105 1642 257 1674 certum
296 1637 444 1681 habeo,
489 1638 612 1673 utrius
651 1637 848 1673 exercitus
891 1638 941 1673 sit
973 1638 1128 1674 consul.
1191 1638 1287 1675 Non
1319 1650 1397 1687 ego
1430 1639 1526 1674 illud
1546 1637 1595 1676 17

104 1708 215 1757 parvi
239 1707 408 1752 aestimo,
438 1708 596 1751 milites,
627 1707 740 1755 quod
763 1719 886 1743 nemo
905 1713 966 1744 est
982 1713 1169 1752 vestrum,
1200 1709 1311 1745 cuius
1328 1720 1414 1745 non
1431 1715 1526 1745 ante

106 1778 247 1815 oculos
279 1778 366 1826 ipse
400 1789 508 1826 saepe
540 1778 709 1814 militare
740 1778 908 1826 aliquod
930 1778 1129 1814 ediderim
1152 1778 1322 1823 facinus,
1357 1780 1419 1816 6111
1442 1791 1527 1815 11011

104 1849 215 1885 idem
242 1860 321 1897 ego
348 1848 500 1884 virtutis
528 1853 734 1896 spectator
761 1860 808 1885 ac
833 1848 945 1884 testis
970 1854 1113 1884 notata
1136 1850 1386 1898 temporibus
1410 1850 1527 1886 locis-

106 1931 184 1967 que
215 1918 363 1955 referre
396 1930 468 1954 sua
500 1918 653 1966 possim
687 1919 853 1955 decora.
917 1918 1019 1955 Cum
1052 1919 1226 1956 laudatis
1254 1932 1278 1956 a
1300 1933 1364 1956 me
1386 1919 1597 1959 11111116518

106 1989 367 2037 donatisque,
395 1989 580 2025 alumnus
608 1989 715 2037 prius
744 1989 923 2025 omnium
952 1995 1125 2026 vestrum
1150 2003 1270 2038 quam
1294 1991 1526 2039 imperator,

106 2060 329 2108 procedam
360 2060 400 2095 in
429 2059 558 2096 aciem
586 2060 781 2096 adversus
807 2059 973 2108 ignotos
996 2060 1100 2096 inter
1124 2072 1168 2097 se
1194 2061 1526 2109 ignorantesque.

107 2129 364 2177 Quocunque
383 2129 602 2166 circumtuli
620 2130 774 2174 oculos,
801 2130 922 2178 plena
941 2130 1078 2166 omnia
1095 2131 1216 2167 video
1235 2131 1461 2168 animorum
1479 2144 1525 2168 ac
1589 2128 1659 2172 44

105 2200 276 2244 roboris,
294 2205 529 2245 veteranum
546 2201 740 2249 peditem,
758 2201 1162 2249 generosissimarum
1179 2202 1359 2250 gentium
1373 2203 1528 2250 equites

107 2270 287 2307 frenatos
308 2270 630 2319 infrenatosque‚
654 2282 726 2307 vos
750 2271 886 2307 socios
909 2271 1167 2309 fidelissimos
1191 2272 1525 2320 fortissimosque,
1543 2272 1569 2311 2

106 2352 192 2385 vos,
212 2339 582 2389 Carthaginienses,
603 2353 725 2389 quum
736 2347 814 2387 pro
832 2342 974 2390 patria,
994 2348 1077 2378 tum
1091 2343 1144 2379 ob
1159 2343 1258 2379 iram
1271 2343 1527 2379 iustissimam

106 2416 370 2459 pugnaturos.
428 2411 639 2448 Inferimus
662 2412 808 2448 bellum
830 2412 1069 2460 infestisque
1091 2413 1216 2461 signis
1239 2413 1528 2449 descendimus
1543 2412 1568 2452 3

106 2481 149 2517 in
174 2480 342 2528 Italiam,
373 2487 487 2518 tanto
518 2482 713 2518 audacius
743 2482 966 2530 fortiusque
994 2484 1208 2531 pugnaturi
1237 2495 1357 2531 quam
1386 2483 1526 2528 hostis,

108 2557 262 2599 quanto
300 2552 429 2588 maior
461 2564 567 2600 spes,
610 2553 739 2589 maior
772 2558 833 2589 est
865 2553 1022 2590 animus
1055 2553 1263 2590 inferentis
1295 2554 1373 2589 vim
1407 2565 1526 2601 quam

108 2622 295 2659 arcentis.
344 2623 543 2659 Accendit
567 2629 762 2671 praeterea
786 2629 826 2659 et
843 2624 1019 2660 stimulat
1037 2624 1194 2660 animos
1213 2624 1344 2668 dolor,
1369 2624 1524 2669 iniuria,
1541 2625 1568 2663 4
