1789 2955
262 118 342 158 14ss
679 117 782 148 Liber
800 118 928 148 XXIII.
974 116 1028 159 (A.
1049 129 1078 149 u.
1099 129 1126 149 c.
1147 119 1243 161 538.)

216 248 240 287 6
260 248 324 284 alii
363 248 547 284 nondum
587 261 609 284 e
642 249 780 285 castris
813 249 1006 293 exissent;
1047 255 1183 286 tamen
1215 251 1344 299 primo
1377 252 1465 300 ipsa
1497 253 1670 289 audacia

257 324 432 354 terruere
457 318 635 362 hostem;
663 319 815 355 deinde
840 319 914 355 rari
932 320 972 356 in
991 320 1197 357 confertos
1213 322 1322 365 illati,
1348 334 1469 370 quum
1487 323 1668 370 paucitas

258 400 397 436 parum
421 394 507 424 tuta
530 394 648 432 esset,
675 390 874 438 respicere
899 390 962 426 alii
987 391 1087 427 alios
1112 397 1152 427 et
1174 392 1354 439 undique
1377 393 1479 440 pulsi
1504 393 1612 429 coire
1629 393 1671 428 in

219 452 240 491 7
259 459 411 502 orbem,
431 464 472 495 et
490 460 587 494 dum
599 466 763 505 corpora
779 460 1018 508 corporibus
1031 461 1235 509 applicant
1249 474 1439 510 armaque
1453 462 1572 499 armis
1583 463 1671 498 iun-

257 535 369 578 gunt,
390 530 432 565 in
457 534 584 564 artum
609 530 818 578 compulsi,
844 542 966 577 quum
991 532 1052 567 vix
1070 532 1283 567 movendis
1301 532 1420 568 armis
1439 533 1533 568 satis
1552 533 1670 580 spatii

218 592 242 632 8
258 604 376 643 esset,
399 610 553 635 corona
576 599 751 635 hostium
773 601 891 636 cincti
911 602 965 637 ad
986 601 1152 637 multum
1177 602 1256 637 diei
1273 603 1498 646 caeduntur;
1526 604 1671 651 exigua

257 681 349 718 pars
363 668 574 717 eruptione
588 668 694 706 facta
707 670 823 707 silvas
837 683 882 707 ac
896 677 1056 707 montes
1069 672 1180 719 petit.
1214 673 1383 720 Parique
1393 678 1545 709 terrore
1558 679 1597 709 et
1605 685 1670 709 ca-

258 746 338 776 stra
351 744 443 776 sunt
454 740 616 775 deserta
628 744 668 775 et
680 739 863 777 universa
875 754 976 789 gens
985 746 1150 789 postero
1161 742 1277 778 diein
1287 743 1537 778 deditionem
1548 744 1668 779 venit.

216 803 241 844 9
374 808 460 846 Nec
493 809 561 845 diu
592 809 633 845 in
666 816 786 858 pacto
819 811 984 854 mansit;
1018 824 1113 847 nam
1145 812 1318 848 subinde
1345 814 1395 849 ab
1425 812 1669 861 Carthagine

257 881 419 916 allatum
452 885 525 922 est,
558 885 601 915 ut
625 879 855 917 Hasdrubal
888 880 1017 929 primo
1051 894 1213 929 quoque
1246 887 1428 931 tempore
1451 883 1492 918 in
1515 883 1670 919 Italiam

257 950 472 987 exercitum
505 950 684 994 duceret,
718 963 805 998 quae
837 952 999 1000 vulgata
1030 964 1092 988 res
1125 965 1197 1000 per
1219 952 1456 1001 Hispaniam
1491 953 1669 989 omnium

189 1014 244 1055 10
257 1020 381 1057 ferme
421 1020 577 1056 animos
615 1021 670 1056 ad
701 1021 911 1058 Romanos
944 1023 1097 1058 avertit.
1143 1022 1309 1070 ,Itaque
1342 1022 1572 1059 Hasdrubal
1605 1036 1670 1059 ex-

257 1091 408 1140 templo
426 1090 576 1127 litteras
595 1090 881 1139 Carthaginem
899 1092 1029 1137 mittit,
1053 1092 1254 1137 indicans,
1279 1099 1432 1141 quanto
1452 1093 1560 1129 fama
1577 1106 1669 1142 pro-

258 1161 444 1198 fectionis
470 1173 551 1197 suae
576 1161 728 1198 damno
754 1161 912 1206 fuisset;
939 1163 971 1198 si
988 1175 1082 1199 vero
1101 1164 1196 1199 inde
1214 1169 1412 1212 pergeret,
1437 1164 1668 1212 priusquam

191 1226 240 1266 11
258 1231 451 1268 Hiberum
474 1231 672 1274 transiret,
699 1232 976 1268 Romanorum
996 1233 1236 1281 Hispaniam
1261 1234 1367 1277 fore;
1392 1246 1487 1269 nam
1510 1240 1670 1282 praeter-

258 1313 377 1348 quam
411 1301 523 1348 quod
554 1314 630 1338 nec
662 1303 893 1350 praesidium
925 1315 1002 1340 nec
1031 1304 1177 1340 ducem
1199 1304 1379 1348 haberet,
1413 1316 1532 1351 quem
1553 1304 1670 1340 relin-

258 1376 398 1419 queret
435 1383 508 1419 pro
548 1383 604 1415 se,
645 1384 717 1408 eos
749 1373 1013 1421 imperatores
1047 1385 1135 1409 esse
1168 1375 1392 1418 Romanos,
1432 1374 1575 1422 quibus
1608 1374 1669 1410 vix

191 1438 243 1479 12
258 1442 382 1490 aequis
423 1441 570 1479 viribus
601 1444 730 1480 resisti
762 1449 914 1492 posset.
986 1443 1126 1491 Itaque
1160 1444 1191 1480 si
1224 1444 1303 1479 ulla
1334 1444 1541 1493 Hispaniae
1574 1457 1668 1481 cura

259 1518 379 1557 esset,
413 1524 690 1549 successorem
714 1513 788 1550 sibi
812 1526 900 1550 cum
926 1514 1060 1550 valido
1085 1514 1259 1550 exercitu
1284 1505 1504 1558 mitterent;
1539 1515 1602 1551 cui
1628 1519 1671 1550 ut

259 1584 396 1620 omnia
412 1595 605 1632 prospere
623 1584 840 1627 evenirent,
860 1596 945 1619 non
962 1589 1099 1620 tamen
1116 1584 1289 1620 otiosam
1307 1584 1555 1632 provinciam
1568 1585 1667 1621 fore.

135 1647 196 1690 28
258 1654 329 1691 Eae
367 1653 506 1690 litterae
545 1666 776 1702 quanquam
809 1654 937 1702 primo
971 1654 1195 1690 admodum
1227 1660 1439 1690 moverunt
1470 1660 1667 1698 senatum,

259 1729 408 1768 tamen,
434 1723 528 1771 quia
544 1723 666 1760 Italiae
691 1736 786 1760 cura
810 1724 918 1772 prior
941 1724 1156 1772 potiorque
1180 1730 1277 1767 erat,
1303 1724 1399 1760 nihil
1417 1725 1470 1761 de
1488 1724 1669 1761 Hasdru-

219 1790 348 1831 2bale
371 1806 505 1842 neque
528 1794 581 1830 de
606 1793 734 1842 copiis
756 1794 841 1830 eius
864 1799 1059 1830 mutatum
1083 1800 1162 1837 est;
1189 1794 1363 1831 Himilco
1386 1806 1476 1831 cum
1494 1795 1668 1831 exercitu

259 1864 364 1900 iusto
389 1870 428 1899 et
445 1869 563 1900 aucta
585 1864 714 1900 classe
737 1865 792 1900 ad
815 1864 1070 1900 retinendam
1088 1869 1192 1900 terra
1210 1864 1388 1912 marique
1406 1876 1454 1901 ac
1472 1866 1669 1901 tuendam

220 1931 498 1982 3Hispaniam
531 1939 591 1970 est
621 1933 779 1970 missus.
843 1933 921 1979 Qui
954 1939 996 1969 ut
1026 1934 1237 1981 pedestres
1262 1934 1505 1982 navalesque
1528 1935 1668 1982 copias

259 2004 426 2048 traiecit,
459 2004 598 2040 castris
621 2003 876 2041 communitis
899 2003 1148 2051 navibusque
1173 2003 1382 2040 subductis
1405 2008 1446 2038 et
1468 2003 1571 2039 vallo
1597 2003 1669 2039 cir-

261 2074 472 2118 cumdatis,
497 2086 586 2110 cum
610 2073 809 2121 equitibus
834 2073 1001 2109 delectis
1024 2073 1124 2121 ipse,
1152 2079 1347 2121 quantum
1364 2073 1536 2109 maxime
1554 2085 1670 2110 aece-

260 2145 386 2181 lerare
415 2149 586 2192 poterat,
616 2155 688 2192 per
711 2143 858 2179 dubios
883 2143 1134 2191 infestosque
1159 2144 1333 2191 populos
1355 2143 1464 2178 iuxta
1491 2143 1669 2178 intentus

219 2211 246 2252 4
260 2215 316 2251 ad
331 2214 628 2251 Hasdrubalem
647 2211 839 2262 pervenit.
880 2213 1012 2259 Quum
1031 2214 1196 2250 decreta
1213 2218 1377 2249 senatus
1394 2212 1669 2259 mandataque

261 2284 514 2333 exposuisset
537 2289 658 2331 atque
682 2283 853 2319 edoctus
871 2289 980 2319 esset
994 2283 1081 2331 ipse
1098 2283 1139 2318 in
1156 2282 1297 2325 vicem,
1322 2281 1668 2329 quemadmodum

261 2354 516 2391 tractandum
554 2353 701 2389 bellum
739 2353 780 2388 in
811 2351 1011 2400 Hispania
1049 2352 1165 2396 foret,
1205 2357 1310 2388 retro
1349 2351 1390 2387 in
1429 2362 1501 2387 sua
1539 2356 1670 2387 castra

260 2424 391 2468 rediit,
419 2424 528 2460 nulla
553 2435 596 2459 re
621 2434 741 2470 quam
765 2422 967 2459 celeritate
990 2422 1123 2466 tutior,
1157 2422 1269 2469 quod
1296 2420 1474 2468 undique
1502 2420 1667 2465 abierat,

222 2493 248 2533 5
263 2499 482 2542 antequam
499 2492 786 2530 consentirent.
818 2491 1063 2536 Hasdrubal,
1082 2492 1313 2540 priusquam
1329 2495 1509 2526 moveret
1525 2495 1668 2534 castra,

262 2563 456 2612 pecunias
478 2562 649 2611 imperat
669 2561 830 2610 populis
854 2561 1041 2598 omnibus
1065 2573 1146 2598 suae
1170 2559 1355 2604 dicionis,
1389 2559 1484 2596 satis
1505 2571 1668 2608 gnarus,

263 2633 533 2670 Hannibalem
565 2631 754 2668 transitus
785 2631 985 2679 quosdam
1017 2631 1145 2679 pretio
1177 2634 1395 2666 mercatum
1427 2640 1504 2665 nec
1525 2628 1670 2664 auxilia
