1789 2955
538 127 641 157 Liber
667 126 773 157 XXV.
826 126 880 168 (A.
908 127 971 158 Ch.
998 125 1092 169 212.)
1437 129 1522 170 255

106 270 213 303 suos,
247 257 484 305 infirmaque
509 269 683 305 corpora
707 261 815 293 tecta
840 263 880 293 et
904 258 1054 294 umbrae
1078 263 1377 302 recreaverant;
1411 259 1522 295 multi

106 335 241 365 tamen
273 341 322 364 ex
352 329 543 364 Romano
576 326 751 363 exercitu
784 328 931 363 eadem
964 333 1078 375 peste
1111 328 1313 376 absumpti
1347 334 1450 365 sunt.

222 397 370 434 Deleto
400 396 575 434 terrestri
597 396 752 433 Punico
785 397 975 441 exercitu,
1007 397 1140 442 Siculi,
1169 398 1235 445 qui
1260 397 1521 447 Hippocratis
1584 395 1644 439 27

103 468 246 505 milites
286 467 456 511 fuerant,
497 467 666 503 ³⁶‘’thaud
705 479 854 515 magna
887 467 1055 516 oppida,
1091 473 1267 504 ceterum
1301 474 1341 504 et
1373 469 1449 505 situ
1482 475 1522 505 et

102 538 360 575 munimentis
399 542 503 581 tuta;
547 536 621 574 tria
652 537 775 573 millia
807 537 975 573 alterum
1008 538 1059 573 ab
1093 538 1312 585 Syracusis,
1353 539 1521 575 alterum

103 608 332 657 quindecim
359 608 494 652 abest;
520 619 571 644 eo
597 612 637 643 et
661 612 913 644 commeatus
939 620 960 643 6
986 608 1210 645 civitatibus
1235 609 1315 645 suis
1334 621 1521 658 compor-

102 679 243 715 tabant
272 683 311 714 et
340 677 485 714 auxilia
508 678 785 714 accersebant.
848 677 1007 714 Interea
1034 677 1235 715 Bomilcar
1259 679 1402 715 iterum
1428 678 1559 718 cum?

102 749 230 786 classe
261 748 467 797 profectus
493 747 793 796 Carthaginem,
826 748 882 784 ita
907 748 1091 796 exposita
1118 748 1279 785 fortuna
1304 750 1520 794 sociorum,

101 824 144 855 ut
168 831 280 867 spem
305 818 468 862 faceret,
495 830 579 855 non
603 818 700 867 ipsis
726 819 853 854 modo
879 819 1095 855 salutarem
1121 831 1241 867 opem
1268 819 1359 855 ferri
1383 832 1519 869 posse,

101 889 176 925 sed
192 889 404 925 Romanos
428 900 591 936 quoque
615 888 656 924 in
680 894 799 937 capta
824 889 1005 936 quodam
1030 890 1157 925 modo
1182 891 1278 925 urbe
1297 890 1400 938 capi,
1431 889 1560 939 per-3

100 959 211 1008 pulit,
245 964 287 995 ut
318 959 525 995 onerarias
558 971 682 995 naves
715 972 835 1007 quarn
868 958 1059 1007 plurimas
1094 959 1204 995 omni
1237 961 1358 1008 copia
1390 973 1521 996 rerum

101 1035 271 1069 onustas,
301 1041 439 1066 secum
470 1029 674 1066 mitterent
707 1031 958 1078 classemque
988 1042 1102 1065 suam
1126 1036 1334 1077 augerent.
1398 1029 1562 1080 Igitur4

100 1105 260 1137 centum
278 1099 439 1148 triginta
457 1100 624 1137 navibus
642 1100 788 1148 longis,
815 1099 1082 1148 septingentis
1101 1100 1295 1137 onerariis
1313 1101 1520 1149 profectus

100 1183 123 1207 a
148 1170 394 1219 Carthagine
427 1171 523 1207 satis
556 1182 774 1219 prosperos
807 1175 950 1207 ventos
975 1171 1029 1206 ad
1053 1169 1334 1207 traiiciendum
1359 1171 1400 1208 in
1424 1171 1520 1209 Sici-

99 1240 192 1277 liam
224 1240 381 1284 habuit;
417 1242 491 1278 sed
513 1241 638 1277 iidem
661 1240 769 1276 venti
794 1253 984 1289 superare
1009 1253 1102 1277 eum
1126 1241 1362 1290 Pachynum
1385 1242 1520 1290 prohi—

99 1312 263 1348 bebant.
326 1311 562 1348 Bomilcaris
587 1312 785 1348 adventus
811 1311 918 1347 fama
943 1311 1086 1360 primo,
1113 1311 1210 1348 dein
1234 1316 1379 1360 praeter
1403 1311 1558 1360 spem5

98 1394 213 1418 mora
240 1394 363 1430 quum
388 1382 583 1430 gaudium
613 1387 652 1418 et
679 1386 830 1418 metum
857 1381 898 1418 in
926 1381 1054 1418 vicem
1081 1382 1278 1418 Romanis
1303 1383 1519 1430 Syracusa-

97 1452 240 1501 nisque
264 1452 513 1501 praebuisset,
539 1453 745 1502 Epicydes
770 1457 968 1496 metuens,
997 1465 1061 1496 ne,
1088 1452 1119 1488 si
1144 1458 1362 1501 pergerent
1378 1453 1556 1498 iidem,6

97 1522 164 1571 qui
195 1527 278 1559 tum
311 1523 519 1568 tenebant,
553 1524 604 1559 ab
638 1528 726 1560 ortu
760 1523 856 1560 solis
888 1523 985 1559 flare
1018 1535 1089 1572 per
1121 1523 1209 1560 dies
1238 1523 1371 1571 plures
1398 1523 1518 1568 venti,

97 1594 236 1630 classis
261 1593 413 1629 Punica
436 1593 613 1630 Africam
635 1599 848 1642 repeteret,
878 1593 1026 1630 tradita
1051 1593 1285 1631 Achradina
1309 1606 1516 1630 mercena·
1532 1594 1554 1633 7

96 1664 244 1700 riorum
267 1664 433 1699 militum
457 1664 641 1705 ducibus.
670 1665 725 1700 ad
750 1664 1018 1700 Bomilcarem
1042 1664 1219 1711 navigat.
1270 1663 1452 1700 Classem
1477 1664 1518 1700 in
1534 1664 1558 1704 8

97 1734 272 1771 statione
304 1746 419 1771 versa
450 1734 492 1770 in
515 1733 691 1770 Africam
725 1735 943 1770 habentem
977 1739 1099 1782 atque
1132 1735 1341 1770 timentem
1375 1735 1517 1770 navale

96 1804 292 1853 proelium‚
333 1816 418 1841 non
450 1810 532 1840 tam
564 1806 677 1853 quod
709 1805 838 1853 impar
871 1805 1016 1841 viribus
1050 1809 1119 1841 aut
1150 1817 1322 1841 numero
1355 1805 1518 1841 navium

96 1880 204 1912 esset
227 1873 391 1926 (quippe
409 1875 531 1911 etiam
548 1876 680 1923 plures
699 1873 904 1925 habebat),
935 1888 1057 1923 quam
1080 1875 1194 1923 quod
1212 1875 1320 1911 venti
1339 1876 1517 1924 aptiores

95 1947 293 1983 Romanae
325 1958 446 1994 quarn
478 1957 560 1982 suae
593 1946 709 1982 classi
743 1945 898 1989 flarent,
932 1945 1106 1994 perpulit
1138 1951 1287 1989 tamen,
1322 1951 1365 1982 ut
1393 1946 1517 1982 fortu-

95 2029 190 2053 nam
222 2016 375 2053 navalis
405 2016 634 2052 certaminis
666 2016 834 2064 experiri
859 2017 990 2053 vellet.
1054 2016 1106 2052 Et
1131 2016 1358 2061 Marcellus,
1394 2029 1515 2064 quum
1534 2016 1559 2056 9

96 2092 136 2124 et
167 2087 342 2124 Siculum
374 2087 591 2123 exercitum
624 2099 672 2123 ex
704 2091 790 2123 tota
822 2087 952 2123 insula
985 2087 1135 2124 conciri
1169 2087 1323 2124 videret
1355 2093 1396 2124 et
1428 2100 1519 2125 cum

94 2157 250 2205 ingenti
274 2162 504 2194 commeatu
530 2158 702 2193 classem
719 2157 913 2193 Punicam
940 2157 1175 2201 adventare,
1201 2170 1252 2194 ne
1280 2159 1395 2195 simul
1414 2164 1518 2194 terra

95 2227 275 2275 marique
313 2227 490 2264 inclusus
523 2228 621 2263 urbe
653 2227 828 2263 hostium
862 2233 1080 2276 urgeretur,
1124 2241 1357 2277 quanquam
1390 2229 1519 2277 impar

95 2310 264 2334 numero
291 2298 453 2334 navium
482 2302 580 2341 erat,
615 2298 830 2345 prohibere
858 2298 971 2335 aditu
1000 2299 1288 2347 Syracusarum
1318 2298 1518 2335 Bomilca-

95 2380 178 2405 rem
221 2368 439 2405 constituit.
517 2367 618 2404 Duae
660 2369 810 2404 classes
847 2368 1004 2406 infestae
1044 2369 1149 2406 circa
1187 2369 1508 2418 promuntorium
1533 2367 1587 2408 10

95 2438 329 2487 Pachynum
369 2439 542 2482 stabant,
584 2438 650 2474 ubi
691 2439 818 2487 prima
857 2440 1121 2488 tranquillitas
1160 2439 1281 2476 maris
1320 2439 1361 2474 in
1394 2439 1516 2474 altum

96 2508 306 2553 evexisset,
339 2520 607 2545 concursurae.
680 2508 833 2557 Itaque,
868 2511 1043 2547 cadente
1075 2510 1155 2546 iarn
1189 2510 1311 2552 Euro,
1346 2508 1413 2556 qui
1446 2520 1517 2556 per
1534 2507 1584 2548 11

96 2577 184 2614 dies
208 2578 361 2626 aliquot
386 2579 578 2624 saevierat,
604 2579 713 2628 prior
731 2579 932 2616 Bomilcar
955 2581 1098 2624 movit;
1128 2579 1239 2616 cuius
1267 2579 1396 2627 primo
1417 2579 1517 2615 clas-

97 2648 153 2684 sis
178 2653 316 2696 petere
334 2649 457 2685 altum
475 2650 558 2686 visa
576 2655 649 2694 est,
674 2662 755 2698 quo
775 2649 928 2687 facilius
947 2655 1154 2699 superaret
1171 2648 1492 2698 promuntorium
1507 2660 1516 2692 ;
