1789 2955
251 111 337 153 204
672 109 776 140 Liber
793 109 918 140 XXIV.
962 108 1018 150 (A.
1038 119 1069 140 u.
1093 119 1120 139 e.
1146 108 1244 151 540.)

211 239 343 279 5nem
369 240 539 289 patriam
566 240 734 276 defendi
759 241 810 276 ab
835 240 986 288 impetu
1011 240 1302 276 Romanorum.
1349 240 1433 276 Iam
1462 241 1550 277 unis
1574 240 1671 277 fori·

252 312 325 347 bus
342 310 542 358 Hexapyli
566 309 714 358 apertis
739 310 859 358 coepti
885 315 999 346 erant
1021 309 1158 357 recipi,
1184 321 1306 357 quum
1330 316 1522 358 praetores
1547 310 1669 346 inter-

252 386 459 417 venerunt.
524 380 575 416 Et
613 380 743 428 primo
782 379 951 428 imperio
990 379 1203 427 minisque,
1245 380 1396 416 deinde
1429 381 1668 417 auctoritate

253 451 514 494 deterrendo,
548 455 770 498 postremo,
803 455 845 486 ut
867 449 1004 486 omnia
1026 462 1131 485 vana
1153 455 1279 493 erant,
1314 450 1426 486 obliti
1447 450 1669 487 maiestatis

252 520 438 569 precibus
466 520 656 568 agebant,
686 532 738 556 ne
765 520 988 568 proderent
1016 519 1187 567 patriam
1216 519 1374 567 tyranni
1401 524 1496 556 ante
1524 520 1671 556 satelli-

212 588 357 629 Gtibus
390 596 430 626 et
461 596 544 626 tum
578 591 878 638 corruptoribus
911 589 1123 626 exercitus.
1187 589 1270 624 Sed
1302 590 1433 626 surdae
1456 590 1510 626 ad
1533 589 1671 626 omnia

253 672 370 696 aures
395 659 608 696 concitatae
631 660 896 697 multitudinis
920 664 1046 703 erant,
1078 670 1154 696 nec
1178 659 1334 696 minore
1357 660 1464 696 intus
1487 659 1523 695 vi
1548 671 1669 708 quam

255 730 350 766 soris
368 735 495 778 portae
514 729 840 779 effringebantur,
861 730 1116 777 effractisque
1135 729 1335 773 omnibus,
1355 735 1441 766 toto
1455 729 1670 778 Hexapylo

214 799 235 838 7
254 812 402 848 agmen
424 805 630 848 receptum
654 806 728 837 est.
776 801 973 837 Praetores
995 801 1035 836 in
1059 799 1331 836 Achradinam
1355 811 1445 837 curn
1467 800 1672 836 iuventute

254 871 507 918 popularium
547 870 799 919 confugiunt.
869 870 1109 907 Mercenarii
1142 869 1285 906 milites
1318 870 1591 919 perfugaeque,
1632 874 1674 905 et

254 940 446 988 quicquid
486 940 687 989 regiorum
727 941 892 977 militum
926 939 1132 989 Syracusis
1173 945 1270 983 erat,
1309 952 1458 988 agmen
1497 939 1673 976 hostium

215 1009 239 1050 8
255 1016 417 1059 augent.
480 1011 541 1047 Ita
564 1011 797 1047 Achradina
820 1023 983 1059 quoque
1007 1011 1136 1059 primo
1160 1010 1313 1059 impetu
1336 1010 1502 1059 capitur,
1528 1014 1674 1058 praeto-

255 1093 422 1129 rumque
447 1080 523 1117 nisi
549 1081 615 1129 qui
639 1081 742 1118 inter
766 1081 976 1117 tumultum
1001 1081 1239 1129 effugerunt,
1269 1093 1412 1117 omnes
1430 1080 1674 1117 interficiun-

215 1149 240 1191 9
256 1157 329 1188 tur.
394 1150 485 1187 Nox
518 1152 696 1188 caedibus
729 1152 850 1188 finem
873 1150 979 1188 fecit.
1042 1151 1212 1188 Postero
1236 1152 1302 1187 die
1325 1151 1426 1188 servi
1449 1151 1503 1187 ad
1525 1150 1674 1199 pileum

256 1221 388 1258 vocati
417 1226 457 1257 et
485 1233 647 1258 carcere
668 1222 789 1259 vincti
812 1221 967 1265 emissi3
1002 1222 1254 1270 confusaque
1279 1223 1364 1259 haec
1390 1221 1521 1258 omnis
1544 1220 1674 1257 multi-

256 1292 356 1327 tudo
374 1291 655 1340 Hippocraten
679 1298 799 1340 atque
817 1291 1031 1340 Epicyden
1050 1298 1188 1329 creant
1205 1297 1417 1340 praetores;
1448 1292 1673 1340 Syracusae-

256 1374 347 1410 que,
397 1374 519 1409 quum
557 1362 677 1398 breve
716 1369 874 1411 tempus
913 1363 1075 1398 libertas
1115 1362 1342 1406 affulsisset,
1384 1362 1425 1398 in
1465 1361 1673 1408 antiquam

257 1431 485 1468 servitutem
517 1432 758 1469 reciderant.

131 1498 193 1543 33
373 1500 472 1538 Haec
505 1503 690 1538 nuntiata
713 1515 834 1550 quum
858 1508 994 1538 essent
1016 1503 1224 1546 Romanis,
1260 1515 1307 1538 ex
1329 1501 1540 1539 Leontinis
1562 1506 1674 1537 mota

217 1570 243 1611 2
258 1577 350 1608 sunt
382 1573 585 1620 extemplo
619 1578 750 1609 castra
782 1573 837 1608 ad
859 1572 1091 1621 Syracusas.
1155 1572 1206 1608 Et
1228 1573 1279 1608 ab
1302 1573 1436 1621 Appio
1459 1572 1580 1620 legati
1603 1583 1673 1620 per

257 1648 418 1691 portum
447 1642 556 1678 missi
586 1642 688 1679 forte
716 1642 757 1678 in
786 1643 1064 1690 quinqueremi
1093 1648 1219 1679 erant.
1274 1643 1485 1679 Praemissa
1512 1642 1674 1690 quadri-

257 1712 376 1749 remis
401 1725 523 1760 quum
546 1713 734 1750 intrasset
759 1713 896 1749 fauces
921 1718 1073 1761 portus,
1101 1714 1273 1762 capitur;
1302 1713 1424 1762 legati
1449 1725 1554 1761 aegre
1579 1711 1676 1748 effu-

218 1781 425 1832 3gerunt;
459 1789 500 1819 et
530 1784 610 1819 iam
643 1795 727 1820 non
760 1784 887 1820 modo
920 1783 1045 1832 pacis,
1080 1785 1154 1820 sed
1186 1796 1238 1820 ne
1270 1783 1362 1820 belli
1395 1783 1560 1831 quidem
1591 1782 1677 1818 iura

259 1854 397 1890 relicta
429 1858 556 1898 erant,
590 1866 712 1902 quum
745 1854 954 1890 Romanus
987 1854 1184 1890 exercitus
1217 1854 1271 1890 ad
1304 1852 1534 1903 Olympium
1556 1851 1676 1903 (Iovis

258 1923 301 1959 id
333 1924 526 1972 templum
558 1922 633 1973 est)
670 1924 776 1960 mille
809 1929 849 1960 et
880 1923 1125 1972 quingentos
1157 1936 1300 1972 passus
1333 1924 1383 1960 ab
1417 1924 1514 1960 urbe
1546 1928 1677 1960 castra

218 1992 407 2043 4posuit.
470 1994 572 2030 Inde
611 2005 774 2041 quoque
813 1994 970 2043 legatos
1001 1994 1185 2042 praemitti
1218 1994 1385 2042 placuit;
1426 1993 1583 2041 quibus,
1623 2004 1676 2029 ne

259 2064 455 2100 intrarent
485 2065 639 2108 urbem,
679 2068 788 2100 extra
821 2069 980 2112 portam
1012 2063 1285 2112 Hippocrates
1318 2069 1439 2112 atque
1471 2063 1676 2112 Epicydes

220 2132 246 2173 5
261 2134 421 2171 obviam
452 2146 543 2170 cum
567 2134 647 2170 suis
669 2140 968 2182 processerunt.
1031 2135 1241 2171 Romanus
1264 2139 1401 2171 orator
1421 2145 1506 2170 non
1528 2133 1676 2170 bellum

262 2216 304 2241 se
323 2204 598 2252 Syracusanis,
625 2205 699 2241 sed
718 2217 837 2252 opem
857 2204 1127 2252 auxiliumque
1145 2204 1286 2241 afferre
1305 2204 1371 2248 ait,
1391 2209 1431 2240 et
1447 2203 1518 2248 eis,
1544 2203 1610 2251 qui
1628 2215 1677 2239 ex

262 2274 398 2310 media
423 2275 536 2311 caede
561 2275 686 2322 elapsi
710 2274 958 2323 perfugerint
975 2276 1030 2311 ad
1048 2287 1104 2319 se,
1130 2280 1170 2311 et
1187 2275 1258 2319 eis,
1283 2274 1349 2322 qui
1366 2279 1476 2310 metu
1493 2272 1677 2322 oppressi

263 2344 477 2381 foediorem
501 2356 587 2380 non
611 2344 750 2380 exsilio
776 2345 919 2389 solum,
945 2345 1020 2381 sed
1043 2345 1164 2382 etiam
1181 2350 1311 2381 morte
1329 2344 1558 2381 servitutem
1575 2343 1677 2392 pati·

262 2420 397 2456 antur:
421 2425 498 2450 nec
521 2415 675 2451 caedem
698 2414 921 2450 nefandam
943 2415 1145 2452 sociorum
1167 2415 1334 2451 inultam
1352 2415 1562 2451 Romanos
1585 2425 1677 2462 pas-

221 2483 246 2523 6
263 2496 391 2521 suros.
454 2484 595 2532 Itaque
620 2484 651 2521 si
677 2484 747 2528 eis,
782 2484 848 2532 qui
873 2485 926 2520 ad
951 2496 995 2520 se
1019 2484 1281 2533 perfugerint,
1310 2489 1416 2520 tutus
1440 2483 1481 2520 in
1506 2483 1676 2532 patriam

263 2555 414 2591 reditus
447 2559 597 2603 pateat,
631 2554 754 2591 caedis
786 2559 972 2591 auctores
1005 2555 1208 2590 dedantur
1240 2559 1280 2590 et
1301 2554 1462 2590 libertas
1485 2554 1676 2602 legesque

264 2625 526 2673 Syracusanis
564 2624 833 2668 restituantur,
875 2624 972 2660 nihil
1004 2624 1123 2660 armis
1156 2636 1259 2673 opus
1291 2635 1405 2668 esse;
1446 2623 1478 2660 si
1510 2636 1559 2660 ea
1592 2635 1677 2660 non
