1768 2943
720 107 817 138 XXV

62 224 350 266 significationem
383 233 453 253 non
482 224 703 263 generalem,
742 223 839 253 velut
870 232 981 253 arcem
1020 241 1063 244 —
1103 224 1220 254 multa>
1252 224 1344 254 enim
1370 227 1474 254 erant

62 282 265 324 oppidorum
294 282 505 313 Sabinorum
539 300 599 319 —‚
634 282 696 312 sed
724 284 854 312 certam
887 283 921 311 et
946 281 1142 321 propriam,
1169 285 1233 311 aut
1256 281 1472 313 huiusmodi:

62 341 168 373 Reate
206 341 241 371 in
272 340 408 372 Sabinis
445 350 556 371 arcem
589 344 653 371 aut
683 341 806 377 talem,
845 339 881 370 in
914 350 983 380 qua
1009 340 1174 370 vocabulo
1211 340 1318 371 aedem
1345 340 1471 371 iterum

61 400 229 430 intellecto
261 400 481 439 adiungatur
514 399 572 429 dei
600 399 710 429 deseve
741 399 777 429 in
811 398 953 430 Sabinis
984 399 1081 429 cultae
1112 408 1261 433 nomen,·
1297 402 1401 440 atque
1425 399 1474 429 ad

60 459 150 489 hanc
175 458 339 500 formam
377 457 516 488 Livium
554 458 732 497 scripsisse
768 468 872 499 quum
909 457 1046 498 reliqua
1085 458 1273 488 ostendunt
1308 460 1380 487 tum
1417 455 1473 487 hic

60 518 244 547 verborum
271 517 372 546 ordo:
399 516 504 546 aedem
533 516 566 546 in
591 526 712 557 campo
730 516 873 547 Vulcani
896 521 962 556 pro
990 516 1099 547 aedem
1117 515 1263 547 Vulcani
1290 515 1323 546 in
1340 525 1470 556 campo,

55 575 213 615 pondere
238 576 275 605 in
300 575 479 605 contraria
506 576 648 605 nomina
675 574 853 605 incidente.
897 575 1034 605 Nomen
1061 576 1130 605 deoe
1157 573 1296 605 Sabina>
1312 584 1370 604 res
1394 573 1471 613 ipsa

59 633 211 671 subiicit,
243 637 375 674 parum
408 634 617 664 celebratum
651 644 711 664 nec
741 633 829 663 alibi
859 634 957 673 apud
985 633 1125 663 Livium
1144 633 1297 673 positum
1330 632 1473 673 ideoque

60 693 207 723 librarii
228 693 348 722 errori
369 693 473 722 valde
498 691 708 733 obnoxium.)
737 691 778 724 11
806 690 898 733 (Em.
925 691 1009 733 337)
1043 690 1088 723 12
1114 690 1243 732 (quum,
1270 690 1328 732 qui
1354 691 1470 721 Alsch.

54 755 122 791 pro
147 751 205 792 qui
231 760 316 781 cum.
379 751 492 781 Drak.
527 751 583 791 qui
610 756 678 781 tum
707 774 713 781 .
742 774 748 781 .
778 774 784 781 .
812 749 994 791 negarunt)
1032 750 1115 788 XII,
1155 750 1176 782 6
1202 754 1275 780 erat
1301 775 1309 782 .
1337 772 1343 779 .
1372 771 1379 778 .
1406 748 1470 778 Lu-

60 809 182 839 ceriam
219 807 265 850 (J.
298 809 345 840 H.
387 809 547 849 Vossius-‚⁶
585 809 711 840 excidit
738 814 770 839 at
792 812 875 848 post
898 806 996 851 erat.)
1045 808 1140 845 XIII,
1173 807 1194 840 3
1232 808 1376 838 Lacuna
1414 817 1470 837 ex-

51 868 188 909 pletur:
227 867 307 898 urbs
339 868 377 898 in
404 871 612 908 potestatem
644 867 717 898 eius
750 867 928 897 tradatur.
955 867 989 897 in
1014 871 1194 907 potestate.
1246 865 1268 899 5
1293 864 1468 908 (quoniam

58 926 139 957 add.
172 926 248 967 Mg.
274 926 352 957 Em.
386 929 456 960 337
488 938 521 958 n.
549 926 663 957 Drak.
698 935 799 967 quum
824 925 1062 963 Brundusium,
1095 926 1138 955 de
1162 926 1255 955 codd.
1288 928 1414 955 tacens.
1441 924 1474 954 P

59 984 189 1016 Italiam
215 983 446 1028 Brundisium)
479 984 524 1018 10
547 985 677 1026 equites
703 984 750 1022 D,
782 984 844 1025 qui
875 984 923 1025 (P
943 983 1072 1025 equites
1097 982 1275 1025 praesidio)
1307 983 1398 1021 XIV,
1426 981 1470 1015 10

59 1043 161 1074 armis
198 1043 417 1084 expediendis
454 1043 524 1074 diei
559 1044 652 1085 quod
688 1043 829 1074 relicum
867 1046 947 1073 erat
970 1042 1062 1084 (Mg.
1088 1043 1120 1072 P
1155 1042 1255 1072 armis
1286 1041 1469 1082 expedien-

59 1102 178 1143 disque
204 1102 355 1140 relicum,
381 1107 488 1144 supra
520 1112 584 1144 que
615 1103 734 1133 eadem
767 1112 876 1132 manu
908 1102 962 1132 od.
991 1102 1104 1132 Drak.
1133 1100 1353 1141 expediendis
1378 1099 1470 1140 quod

58 1161 224 1203 reliquum
257 1160 472 1203 consumunt)
502 1162 576 1200 XV,
603 1160 625 1194 3
657 1160 839 1202 (libertatis
872 1160 1049 1191 Heinsius.
1086 1160 1200 1198 codd„
1227 1160 1341 1191 Drak.
1368 1158 1469 1189 liber-

58 1217 130 1262 tati)
163 1219 183 1252 7
214 1218 454 1262 (occurrissent
485 1221 580 1251 codd.
612 1221 706 1261 quid.
741 1230 823 1250 recc.
856 1218 1080 1260 Antiquiores
1119 1222 1152 1249 et
1182 1219 1297 1250 Drak.
1329 1226 1468 1248 concur-

58 1277 193 1320 rissent)
218 1279 310 1318 XVI,
337 1278 357 1312 1
383 1277 565 1322 (accendit,
592 1284 628 1310 ut
653 1303 660 1310 .
689 1302 696 1309 .
724 1302 731 1309 .
759 1279 931 1310 intulerint
959 1277 1079 1319 Sigon.
1106 1278 1141 1308 P
1165 1276 1363 1308 accenditur
1389 1298 1397 1306 .
1424 1299 1431 1306 .
1460 1298 1467 1305 .

59 1337 249 1368 intulerunt.
301 1338 416 1370 Drak.
461 1338 636 1377 accendit,
675 1343 775 1378 atque
800 1361 808 1368 .
835 1361 843 1368 .
870 1361 878 1368 .
906 1336 1106 1378 intulerunt)
1148 1335 1170 1369 2
1216 1335 1390 1372 restiterit;
1429 1342 1468 1364 ac

57 1406 162 1437 prope
189 1420 196 1427 .
224 1419 231 1427 .
259 1419 266 1426 .
293 1396 473 1428 ediderunt
497 1395 621 1439 (Codd.
648 1407 742 1435 recc.,
775 1406 859 1438 quos
877 1399 1028 1437 propter
1058 1405 1097 1426 ac
1123 1396 1231 1426 secuti
1253 1392 1398 1435 sumus.)
1424 1391 1467 1425 11

57 1454 222 1486 libertatis
253 1465 439 1497 aequassem
476 1453 656 1498 (Hertzius
687 1466 705 1486 e
734 1455 783 1487 P.-
818 1455 983 1486 libertatis
1015 1452 1194 1497 aequasset)
1226 1452 1270 1486 13
1304 1451 1382 1496 (nisi
1415 1451 1467 1482 cui

65 1513 182 1544 Weiss.
210 1524 227 1544 e
257 1514 305 1545 P.-
336 1514 400 1545 nisi
432 1524 507 1555 que.
557 1515 672 1545 Drak.
704 1514 771 1545 nisi
803 1513 913 1557 queis)
948 1513 993 1547 17
1024 1513 1065 1557 (si
1096 1514 1177 1544 add.
1206 1512 1326 1553 Sigon.
1353 1511 1467 1542 Drak.

57 1571 220 1612 permisit,
255 1572 289 1603 in
314 1582 347 1613 p.
374 1583 402 1604 e.
430 1583 559 1604 omnes.
608 1574 698 1604 Ante
732 1583 810 1604 suas
841 1573 1034 1615 quibusque
1060 1574 1151 1604 fores
1177 1572 1311 1613 prolata
1343 1569 1467 1600 omnia.

63 1628 167 1661 codd.
200 1641 316 1662 omnes
347 1630 518 1673 quisque.)
555 1632 682 1670 XVIII,
715 1630 736 1664 2
774 1630 942 1674 (Videtur
964 1633 1103 1675 fuisse:
1138 1631 1229 1668 vitia,
1262 1639 1349 1671 quae,
1377 1628 1468 1659 velut

58 1698 133 1729 quae
159 1688 297 1720 diutinis
323 1689 451 1720 morbis
475 1689 554 1732 cet.)
601 1689 624 1723 3
649 1690 706 1731 qui
738 1696 816 1731 post
849 1690 1063 1721 Cannensem
1089 1690 1221 1720 cladem
1247 1690 1403 1730 agitasse
1427 1688 1469 1717 de

57 1747 168 1778 Italia
218 1748 409 1779 deserenda
447 1748 648 1780 dicebantur
690 1747 883 1791 (Lacunam
921 1749 1072 1779 codicum
1110 1749 1278 1778 bonorum
1316 1746 1468 1778 omnium

57 1809 182 1837 notare
217 1817 323 1848 quam
360 1807 490 1838 incerto
526 1808 764 1848 supplemento
804 1808 945 1847 explere
978 1808 1098 1838 malui.
1155 1806 1268 1837 Drak.
1302 1805 1358 1847 qui
1391 1810 1468 1846 post

57 1864 272 1896 Cannensem
297 1875 445 1906 pugnam
476 1865 721 1906 rempublicam
748 1865 950 1904 deseruisse,
976 1865 1142 1907 Italiaque
1169 1865 1355 1896 excessisse
1381 1864 1470 1895 velle

57 1921 268 1965 dicebantur)
299 1922 321 1956 8
352 1923 525 1955 nominum
558 1923 681 1966 (Codd.
714 1924 799 1965 aliq.
826 1922 925 1967 recc.)
975 1924 995 1957 9
1034 1923 1117 1966 (tam
1142 1924 1229 1955 truci
1255 1924 1327 1955 Iac.
1359 1923 1467 1953 Gron.

56 1981 88 2011 P
122 1981 284 2012 tamerici.
346 1983 460 2013 Drak.
500 1981 615 2025 inerti)
660 1982 701 2015 11
741 1984 924 2014 convenire
957 2007 965 2014 .
1002 2006 1009 2014 .
1038 2006 1045 2014 .
1071 1983 1268 2024 hortarique
1307 1991 1468 2013 censores

55 2038 104 2081 (P
132 2049 322 2071 convenere
348 2064 355 2071 .
384 2064 390 2071 .
419 2065 425 2071 .
460 2041 671 2082 hortarique3
703 2041 834 2083 reliqui
863 2043 974 2079 codd,
1009 2041 1122 2072 Drak.
1155 2044 1197 2071 ut
1219 2051 1292 2072 nos.
1343 2039 1467 2082 Infini-

57 2098 150 2129 tz'vus
186 2098 370 2130 historicus
405 2099 486 2130 hinc
522 2100 661 2130 alienus
697 2103 756 2131 est.
808 2100 893 2132 Sunt
919 2104 1002 2141 post
1030 2100 1155 2131 hortati
1186 2100 1357 2130 addebam
1389 2099 1466 2130 Em.

56 2158 136 2194 264,
171 2157 288 2197 potius
324 2158 418 2189 inter
454 2167 614 2189 censores
652 2162 687 2188 et
723 2163 758 2189 ut
796 2157 951 2201 excidit.)
1012 2159 1105 2197 XIX,
1141 2158 1163 2191 2
1188 2163 1335 2189 armarat
1359 2156 1467 2199 (Edd.

57 2218 137 2245 vett.
177 2216 212 2249 P
246 2221 364 2250 armat,
422 2216 494 2247 Sed
528 2226 658 2247 comma
690 2221 773 2258 post
809 2222 882 2248 erat
918 2216 1074 2259 sustuli.)
1129 2216 1150 2250 4
1177 2215 1336 2260 (necdum
1363 2218 1392 2247 I.
1420 2216 1467 2250 H.

66 2273 158 2304 Voss.
186 2273 220 2304 P
240 2277 274 2304 et
297 2274 410 2305 Drak.
443 2279 477 2306 et
508 2273 666 2317 necdum)
703 2275 780 2314 XX,
812 2275 833 2309 3
866 2274 980 2318 (rediit
1011 2277 1105 2306 codd.
1141 2277 1226 2317 aliq.
1262 2286 1343 2306 recc.
1372 2275 1467 2306 Anti-

56 2334 196 2372 qut'ores
220 2335 254 2362 et
277 2333 391 2364 Drak.
418 2331 518 2375 redit)
544 2332 566 2366 5
591 2332 679 2376 (Mg.
705 2334 784 2365 Em.
811 2333 896 2376 338)
927 2334 948 2367 8
979 2334 1097 2365 tenuit.
1123 2344 1142 2365 a
1167 2339 1314 2375 praetore
1339 2345 1357 2364 e
1381 2335 1465 2364 com'.

58 2387 103 2422 10
137 2388 213 2431 (sed
243 2390 286 2421 ad
317 2392 410 2422 codd.
444 2392 511 2422 duo
542 2401 644 2430 recc.,
683 2392 758 2433 Sig.
791 2393 823 2423 P
853 2393 1055 2425 ducisusiad.
1115 2392 1314 2434 PVoelsflin:
1339 2402 1406 2421 non
1434 2391 1467 2421 id

57 2447 224 2479 modestia
254 2449 416 2487 militum,
449 2449 510 2480 sed
542 2449 637 2480 ducis
668 2450 761 2481 iussu
792 2451 835 2481 ad
862 2454 935 2488 cet„
961 2454 1052 2481 recte
1077 2452 1125 2480 ad
1148 2451 1372 2486 sententiam,
1409 2450 1470 2479 sed

57 2505 173 2546 quiex
190 2505 249 2536 sed
274 2510 397 2537 natum
414 2508 462 2538 sit
472 2512 539 2546 aut,
553 2518 623 2538 non
641 2507 879 2551 intelligitur.)
896 2508 937 2541 11
953 2508 1077 2549 (prope
1096 2509 1263 2538 moenibus
1289 2508 1358 2537 cod.
1378 2517 1469 2538 imus

56 2572 148 2598 rec.,·
181 2563 215 2593 P
234 2565 534 2606 propemodoquis,
561 2566 675 2597 Drak.
702 2567 914 2607 propeniodo
942 2565 1058 2608 muris)
1086 2566 1128 2598 13
1155 2566 1313 2607 (impigre
1348 2566 1467 2596 [Veiss.

57 2620 90 2651 P
122 2621 156 2651 in
193 2622 316 2662 priore.
367 2623 481 2654 Drak.
521 2623 682 2665 primore)
723 2623 726 2666 1
766 2624 874 2665 (iuxta
912 2624 1010 2655 Crew.
1048 2636 1065 2654 e
1090 2625 1135 2654 l‘:
1178 2623 1300 2663 pluvia.
1353 2623 1465 2653 Drak.

1184 2678 1239 2700 *ει*
