1789 2955
285 69 364 105 140
657 64 775 100 Liber
800 64 992 99 XXVIII.
1042 66 1104 108 (A.
1130 77 1164 99 u.
1191 76 1220 101 c.
1245 66 1340 109 548.)

282 192 428 237 flectit;
474 195 514 229 et
552 192 629 229 iam
663 192 755 229 inde
787 193 1025 241 fugientium
1056 192 1172 229 modo
1207 191 1319 229 effusi
1351 192 1534 239 abibant;
1580 193 1716 242 itaque

235 264 327 301 4ab
374 263 604 312 legionibus
646 265 840 301 Romanis
880 265 1129 313 aliquantum
1172 264 1377 301 intervalli
1418 264 1522 301 fecit.
1582 264 1717 314 Eques

283 336 462 384 levisque
486 339 688 373 armatura
712 349 817 372 nunc
841 336 890 373 ab
915 340 1041 384 tergo,
1065 348 1168 372 nunc
1196 335 1243 372 ab
1262 335 1455 372 lateribus
1473 335 1718 374 occurrendo

238 407 260 443 5
279 407 477 455 fatigabat
507 407 829 456 morabaturque,
876 412 913 444 et
953 421 1075 457 quum
1107 407 1157 444 ad
1190 407 1350 444 crebros
1381 407 1575 444 tumultus
1607 408 1722 456 signa

285 480 557 525 consisterent,
583 481 622 515 et
646 492 752 516 nunc
777 480 990 528 equestria,
1022 492 1126 516 nunc
1151 492 1238 515 cum
1262 478 1454 516 velitibus
1478 479 1720 528 auxiliisque

243 550 465 599 &peditum
506 551 651 600 proelia
690 555 955 596 consererent,
1001 554 1315 599 supervenerunt
1357 550 1544 598 legiones.
1619 550 1720 588 Inde

286 636 364 659 non
397 623 474 658 iam
499 635 645 671 pugna,
678 623 746 660 sed
770 622 986 660 trucidatio
1011 623 1122 660 velut
1146 636 1333 671 pecorum
1357 622 1457 668 fieri,
1489 622 1613 659 donec
1638 623 1722 671 ipse

286 694 366 731 dux
398 695 502 743 fugae
534 698 672 731 auctor
702 695 742 731 in
773 695 980 744 proximos
1012 694 1135 731 colles
1175 708 1262 731 cum
1301 708 1368 731 sex
1392 694 1571 731 millibus
1601 695 1722 732 ferme

243 767 263 801 7
285 767 538 803 semermium
571 766 716 812 evasit3
750 767 872 803 ceteri
905 767 995 803 caesi
1027 766 1223 815 captique.
1287 765 1428 803 Castra
1457 767 1722 804 tumultuaria

286 838 432 887 raptim
465 838 581 874 Poeni
611 839 766 875 tumulo
798 839 1018 875 editissimo
1057 838 1412 884 communiverunt,
1459 843 1578 887 atque
1618 838 1724 884 inde,

287 923 408 959 quum
441 910 566 947 hostis
591 911 856 959 nequicquam
881 910 1014 947 subire
1038 910 1177 959 iniquo
1205 909 1397 947 adscensu
1422 914 1587 947 conatus
1612 914 1724 956 esset,

246 981 393 1018 Shaud
434 980 652 1018 difficulter
693 995 775 1019 sese
807 982 928 1019 tutati
961 985 1063 1018 sunt.
1125 980 1205 1018 Sed
1236 982 1394 1019 obsidio
1427 982 1467 1018 in
1499 982 1586 1019 loco
1618 982 1724 1019 nudo

289 1057 409 1102 atque
441 1054 552 1103 inopi
583 1054 649 1090 vix
681 1054 722 1090 in
753 1067 900 1102 paucos
931 1053 1016 1090 dies
1047 1052 1270 1091 tolerabilis
1299 1056 1402 1099 erat,
1437 1054 1572 1102 itaque
1598 1057 1726 1090 trans-

289 1126 433 1163 itiones
458 1126 509 1163 ad
532 1125 687 1162 hostem
711 1125 873 1162 fiebant.
933 1125 1141 1162 Postremo
1167 1124 1249 1161 dux
1274 1125 1370 1174 ipse,
1394 1126 1562 1163 navibus
1587 1126 1727 1163 accitis

291 1198 379 1245 (nec
410 1198 551 1247 procul
581 1197 673 1234 inde
705 1197 842 1233 aberat
872 1198 1014 1247 mare),
1056 1200 1171 1234 nocte
1211 1197 1350 1234 relicto
1383 1198 1562 1234 exercitu
1594 1196 1727 1235 Gades

245 1269 475 1319 9perfugit.
536 1269 686 1318 Scipio,
724 1269 818 1317 suga
859 1269 969 1306 ducis
1009 1268 1185 1306 hostium
1228 1269 1374 1315 audita,
1421 1270 1557 1306 decem
1599 1269 1728 1306 millia

288 1341 479 1391 peditum,
496 1341 608 1378 mille
626 1341 781 1389 equites
799 1339 1142 1389 relinquitSilano
1160 1340 1209 1377 ad
1222 1345 1442 1378 castrorum
1457 1341 1725 1386 obsidionem;

217 1413 269 1450 10
288 1413 374 1462 ipse
407 1426 494 1450 cum
527 1413 668 1450 ceteris
700 1412 828 1461 copiis
861 1412 1162 1461 septuagesimis
1195 1413 1344 1458 castris,
1381 1413 1565 1462 protinus
1598 1413 1726 1450 causis

288 1485 519 1533 regulorum
551 1484 858 1532 civitatiumque
891 1483 1189 1531 cognoscendis,
1234 1488 1279 1521 ut
1315 1486 1479 1534 praemia
1511 1485 1561 1522 ad
1592 1498 1726 1522 veram

288 1557 522 1593 meritorum
564 1557 867 1593 aestimationem
907 1556 1033 1592 tribui
1075 1560 1248 1605 possent,
1293 1556 1561 1594 Tarraconem
1593 1556 1726 1594 rediit.

219 1628 266 1665 11
289 1628 388 1666 Post
411 1628 699 1678 profectionem
725 1629 811 1665 eius
835 1627 1050 1664 Masinissa
1077 1641 1164 1664 cum
1190 1626 1326 1665 Silano
1355 1628 1457 1666 clam
1483 1640 1727 1676 congressus,

288 1704 332 1737 ut
363 1700 412 1737 ad
444 1713 547 1738 nova
578 1701 745 1738 consilia
772 1703 929 1749 gentem
956 1713 1115 1749 quoque
1141 1713 1251 1736 suam
1277 1700 1527 1737 obedientem
1551 1699 1727 1745 haberet,

220 1772 267 1807 12
287 1785 374 1808 cum
405 1772 545 1821 paucis
577 1772 838 1822 popularibus
870 1772 912 1808 in
937 1771 1119 1808 Africam
1142 1772 1313 1818 traiecit,
1345 1785 1424 1808 non
1447 1775 1526 1809 tam
1551 1770 1728 1808 evidenti

290 1857 334 1880 eo
372 1848 551 1893 tempore
591 1843 735 1880 subitae
777 1844 1010 1881 mutationis
1043 1857 1172 1892 causa,
1220 1857 1338 1893 quam
1372 1843 1608 1881 documento
1639 1846 1729 1892 post

290 1915 333 1951 id
363 1918 519 1964 tempus
552 1916 886 1953 constantissimae
919 1915 968 1952 ad
1000 1916 1180 1953 ultimam
1205 1919 1403 1953 senectam
1428 1914 1535 1960 fidei,
1568 1928 1616 1951 ne
1642 1918 1725 1951 tum

217 1986 266 2024 13
288 1986 448 2036 quidem
496 2001 584 2024 eum
625 1987 721 2027 sine>
751 1987 955 2037 probabili
995 2001 1114 2025 causa
1153 1987 1304 2024 fecisse.
1364 1987 1498 2036 Mago,
1536 1986 1629 2023 inde
1668 1999 1728 2022 re-

289 2058 420 2095 missis
453 2059 501 2095 ab
530 2058 787 2096 Hasdrubale
817 2060 996 2107 navibus,
1029 2058 1162 2096 Gades
1194 2059 1316 2108 petit3
1347 2058 1468 2095 ceteri
1500 2058 1646 2095 deserti
1677 2058 1726 2094 ab

291 2130 470 2177 ducibus,
515 2144 608 2179 pars
649 2131 897 2177 transitione,
945 2145 1039 2181 pars
1080 2132 1175 2180 suga
1207 2130 1393 2180 dissipati
1423 2144 1494 2180 per
1525 2129 1727 2179 proximas

289 2202 472 2239 civitates
505 2206 606 2249 sunt,
639 2203 753 2239 nulla
783 2216 946 2240 numero
978 2207 1048 2241 aut
1078 2203 1234 2241 viribus
1265 2215 1403 2240 manus
1436 2201 1617 2249 insignis.

217 2273 270 2311 14
402 2274 492 2311 Hoc
529 2274 702 2310 maxime
740 2274 857 2312 modo
899 2275 1022 2311 ductu
1061 2278 1181 2324 atque
1220 2274 1398 2324 auspicio
1439 2273 1486 2312 P.
1527 2271 1728 2321 Scipionis

291 2346 398 2394 pulsi
420 2346 620 2395 Hispania
639 2345 990 2394 Carthaginienses
1014 2349 1116 2392 sunt,
1149 2350 1290 2396 quarto
1323 2345 1474 2382 decimo
1506 2356 1608 2382 anno
1639 2347 1729 2393 post

291 2417 438 2454 bellum
479 2418 634 2464 initum,
676 2418 827 2467 quinto,
871 2430 988 2466 quam
1020 2417 1066 2454 P.
1099 2417 1235 2467 Scipio
1267 2417 1513 2467 provinciam
1548 2418 1587 2453 et
1617 2429 1727 2452 exer-

217 2488 266 2524 15
286 2489 409 2526 citum
441 2490 606 2539 accepit.
655 2489 778 2527 Haud
810 2490 934 2526 multo
966 2493 1058 2538 post
1083 2488 1244 2526 Silanus
1278 2489 1522 2525 debellatum
1552 2487 1728 2524 referens

153 2555 198 2603 17
287 2559 554 2598 Tarraconem
602 2561 652 2598 ad
699 2560 927 2611 Scipionem
974 2559 1108 2598 rediit.
1179 2560 1225 2597 L.
1275 2559 1411 2609 Scipio
1460 2573 1544 2596 cum
1593 2559 1727 2595 mult-is

290 2632 494 2669 nobilibus
520 2632 692 2681 capt-ivis
715 2633 879 2670 nuntius
897 2635 1066 2681 receptae
1083 2631 1292 2681 Hispaniae
1310 2632 1476 2669 Romam
1495 2634 1555 2668 est
1571 2631 1725 2667 missus.
