1768 2943
715 118 832 150 XXIII

75 243 154 274 328.
199 238 320 276 Codd.,
359 237 472 267 Drak.
507 234 631 277 portae)
662 235 825 272 XLVIII,
864 233 886 266 ‘2
918 233 1110 264 demitteret
1151 243 1272 263 errore
1304 232 1325 265 5
1362 230 1486 274 (teneri

74 299 156 330 Lov.
196 300 227 331 5.
266 297 298 327 P
332 295 470 333 ateneri,
509 296 623 326 Drak.
662 291 812 335 retineri)
850 291 872 325 8
905 291 995 335 (eum
1029 292 1167 322 notavit
1197 291 1271 331 Mg.
1299 291 1377 320 Em.
1405 293 1483 324 329.

74 357 187 388 Drak.
221 365 322 397 quum
353 354 462 395 ipsum
490 378 496 384 .
525 378 531 384 .
560 379 567 386 .
601 351 827 388 imminutum;
861 357 940 387 tum,
975 348 1045 391 qui)
1079 349 1099 382 9
1127 354 1241 386 staret,
1277 360 1347 379 rem
1376 349 1485 389 publi-

75 425 148 446 cam
174 413 299 456 (Codd.
326 423 426 451 recc.,
458 413 572 443 Drak.
623 412 742 442 Prave
760 411 917 450 pondus,
952 409 1045 449 quod
1076 411 1127 438 est
1151 408 1188 438 in
1214 407 1279 437 fide
1307 411 1341 437 et
1364 401 1486 448 opibus

74 473 249 505 contrarie
293 472 433 513 relatis,
481 471 705 513 transfertur
749 470 798 499 ad
832 468 1019 499 subiectum
1057 464 1259 507 commune.)
1300 465 1342 498 1⁴2
1381 467 1486 496 edixit

75 542 207 574 quoque
231 532 287 561 die
315 527 318 574 Ι
347 528 561 572 (vestimenta
585 539 624 560 ac
657 530 858 559 frumentum
892 527 968 567 Mg,
1002 526 1080 556 Em.
1115 528 1194 559 329.
1231 524 1345 562 Οοιίιί.,
1372 525 1485 555 Drak.

75 602 138 622 om.
173 589 228 632 ac)
260 589 390 626 XLIX,
428 589 448 621 4
481 586 675 631 (Lacunam
707 588 861 626 explevit
900 584 1034 626 Weiss.)
1089 584 1110 617 9
1144 582 1252 625 (circa
1277 594 1296 614 a
1323 584 1485 613 Romanis

83 649 199 680 Weiss.
232 647 336 680 Codd.
363 658 427 678 om.
455 657 489 685 a;
522 646 636 677 Drak.
664 646 800 676 circiter
825 644 938 686 Rom.)
974 643 1014 676 11
1041 643 1165 685 (signa,
1196 642 1261 672 VII
1287 642 1487 682 elephantos

79 708 187 739 Gron.
224 717 241 738 e
272 707 318 738 P:
351 705 494 747 signavit
528 704 729 746 elephantis,
788 704 901 734 Drak.
934 703 1049 743 signa,
1083 699 1288 742 elephantis)
1318 699 1320 743 Ι
1351 699 1431 743 (sint
1457 703 1485 732 l.

75 764 121 794 H.
158 764 262 802 Voss.,
295 763 446 795 Wesenb.
477 764 591 801 codd„
618 764 732 794 Drak.
760 762 860 803 sunt).

217 822 293 854 Lib.
321 823 446 854 XXIV.
490 822 571 864 Cap.
598 823 624 860 Ι,
651 821 672 855 3
698 827 872 862 postremo
899 821 920 850 ii
947 818 1026 860 (DC
1060 820 1123 849 Gn.
1150 819 1297 848 Heraeus
1323 829 1340 848 e
1364 818 1403 856 P,
1430 828 1488 859 qm

76 882 181 912 habet
209 882 272 919 ob,
307 887 417 922 supra
450 882 471 912 b
497 883 624 922 scripw
657 891 685 911 c.
719 881 762 911 All
792 884 825 910 et
855 880 921 909 alii
945 877 1024 920 hoc)
1053 876 1056 921 1
1086 887 1198 907 muros
1227 884 1342 917 portas
1368 875 1486 918 (Codd.

75 940 157 981 aliq.
195 939 294 982 recc.)
338 940 360 973 5
397 951 496 981 agros
534 941 652 971 urbem
686 938 804 982 (Codd.
839 939 944 968 νει-ε..)
983 938 1057 966 edd.
1091 934 1187 975 vett.)
1243 934 1264 968 8
1296 934 1487 976 (propalam

81 997 211 1032 Walch.
237 999 270 1029 P
292 1000 468 1039 prolatam.
518 999 719 1030 Edebatur:
751 996 957 1039 probatam.)
991 994 1033 1028 13
1067 995 1101 1025 in
1131 1000 1335 1036 potestatem
1361 993 1487 1035 (Codd.

76 1058 168 1098 quid.
195 1056 292 1100 recc.)
341 1058 385 1095 II,
414 1057 432 1091 7
460 1056 609 1100 (volebat
637 1083 642 1088 .
673 1082 678 1087 .
707 1081 714 1087 .
741 1056 900 1097 sperabat
926 1056 1019 1085 codd.
1047 1054 1138 1096 quid.
1166 1064 1240 1084 rece
1275 1054 1306 1083 P
1329 1053 1489 1083 volebant

148 1143 156 1150 .
190 1116 357 1156 sperabat.
392 1117 507 1147 Drak.
548 1117 709 1147 volebant
736 1140 743 1146 .
772 1140 778 1145 .
808 1140 814 1146 .
843 1111 1039 1156 sperabant)
1077 1112 1098 1145 9
1136 1112 1284 1155 (lateque
1320 1112 1488 1142 moenibus

77 1173 227 1205 disiectis
252 1174 326 1215 Mg.
354 1175 432 1206 Em.
460 1178 538 1209 329.
564 1174 680 1212 Οοιίιί.,
707 1174 821 1204 Drak.
848 1174 982 1213 lateque
1009 1172 1167 1202 omnibus
1195 1170 1346 1201 disiectis
1371 1171 1488 1201 moeni-

77 1231 152 1275 bus)
186 1232 229 1266 10
260 1232 409 1274 (omnem
448 1235 554 1265 Gran.
587 1235 621 1265 P
648 1243 777 1264 omnes,
810 1232 924 1262 Drak.
956 1232 1051 1262 locos
1084 1229 1217 1271 omnes)
1249 1230 1314 1268 ΙΙΙ,
1348 1229 1369 1261 2
1404 1233 1437 1259 et
1468 1228 1488 1261 3

77 1291 342 1332 praeterfluebat,
382 1298 414 1323 et
448 1303 507 1323 arx
538 1293 659 1333 procul
692 1293 741 1323 eis
773 1296 866 1329 erat,
907 1301 982 1332 quae
1016 1290 1269 1320 habitabantur.
1306 1299 1362 1319 sex
1397 1289 1490 1318 milia

76 1351 194 1381 aberat
224 1351 267 1381 ab
300 1351 381 1383 urbe
412 1352 526 1383 nobile
558 1352 740 1393 templum,
780 1350 854 1391 ipsa
885 1350 969 1380 urbe
1002 1349 1149 1379 nobilius
1182 1347 1272 1389 (Mg.
1309 1348 1387 1378 Em.
1421 1350 1490 1380 332

77 1420 94 1440 e
130 1414 214 1441 vest.
253 1415 287 1440 et
317 1415 430 1452 prope
467 1411 544 1451 ipsa
580 1412 756 1451 scripmra
796 1411 833 1446 Γ,
873 1409 944 1439 nisi
979 1410 1072 1449 quod
1108 1418 1200 1438 nunc
1238 1407 1348 1436 locum
1385 1417 1489 1436 sana-

76 1469 189 1499 vimus
213 1470 350 1500 sublato
375 1471 549 1510 scrupul0,
576 1470 635 1511 qui
658 1470 813 1499 haerebat
837 1468 872 1498 in
898 1478 959 1498 sex
984 1469 1150 1505 millibus,
1178 1477 1343 1496 mensura
1370 1469 1404 1495 et
1421 1471 1489 1505 per

76 1538 112 1558 se
146 1528 188 1557 de
219 1529 312 1558 arcis
345 1529 515 1559 distantia
549 1529 685 1559 enormi
714 1531 748 1557 et
765 1528 1044 1567 perincommode
1073 1526 1302 1567 superaddita
1325 1525 1491 1565 generali

77 1586 336 1628 significationi,
363 1597 438 1628 quae
462 1591 514 1617 est
539 1589 575 1618 in
600 1587 729 1628 procul.
780 1586 901 1616 Livius
932 1596 1046 1616 arcem
1074 1585 1202 1624 procul
1225 1584 1382 1626 abfuisse
1408 1583 1490 1612 dicit

77 1646 121 1675 ab
148 1645 190 1676 iis
214 1656 276 1676 sex
300 1646 463 1683 millibus,
490 1656 562 1687 quae
588 1657 680 1676 nunc
705 1646 963 1681 habitarentm,
992 1645 1054 1673 lzoc
1072 1647 1131 1681 est,
1159 1645 1201 1673 ab
1229 1653 1268 1672 ea
1294 1644 1389 1679 urbe,
1417 1652 1490 1682 quse

78 1714 168 1734 nunc
193 1704 374 1734 circuitum
399 1715 461 1735 sex
486 1705 635 1735 millium
655 1709 826 1744 passuum
854 1704 1020 1743 expleret,
1048 1713 1153 1743 quum
1181 1705 1286 1732 antea
1313 1701 1489 1730 duodecim

79 1763 229 1793 millium
261 1773 360 1793 muro
392 1763 600 1803 cingeretur.
657 1764 714 1794 De
747 1763 886 1793 ratione
915 1761 1126 1802 geometrica
1153 1770 1244 1790 areae
1270 1763 1303 1789 et
1327 1759 1490 1789 circuitus

79 1831 148 1852 non
180 1822 360 1862 cogitavit,
395 1823 512 1852 animo
544 1823 592 1852 ad
621 1823 732 1852 solam
763 1821 1054 1861 comparationem
1093 1819 1255 1849 circuitus
1288 1822 1322 1848 et
1352 1819 1492 1848 numeri

73 1881 176 1920 pleni
199 1883 234 1910 et
257 1881 396 1910 dimidii
419 1891 592 1911 converso.
644 1881 755 1911 Paulo
787 1880 911 1910 durius
937 1878 1171 1908 accusativum
1196 1878 1374 1907 sententz'ae
1400 1877 1489 1907 rela-

79 1939 157 1970 tivoe
190 1939 368 1978 adiunxit,
403 1950 507 1981 quum
533 1943 653 1979 posset
683 1941 788 1969 etiam
823 1939 934 1968 dicere
966 1937 1009 1967 ab
1042 1936 1100 1974 iis,
1135 1946 1209 1977 quae
1241 1936 1490 1973 habitabantur,

80 2007 139 2028 sex
165 1997 324 2035 millibus,
350 1999 412 2028 sed
435 1999 550 2029 eodem
576 1999 674 2029 modo
701 1999 835 2028 locutus
861 2000 913 2028 est
936 1996 1039 2033 XXI,
1066 1999 1122 2033 29,
1150 1998 1170 2028 6
1197 1998 1231 2025 et
1254 1997 1310 2031 32,
1348 1997 1379 2031 5,
1414 1994 1490 2031 XL,

79 2058 136 2094 20,
161 2059 193 2089 3.
244 2057 338 2087 Mire
363 2060 398 2087 et
421 2058 511 2087 alios
536 2060 571 2087 et
593 2068 646 2087 me
672 2059 784 2097 zPsum
802 2067 859 2087 res
876 2059 997 2097 aperta
1017 2058 1051 2084 et
1067 2057 1160 2084 certa
1178 2054 1333 2096 fefellit.
1376 2052 1489 2083 Drak.

79 2114 345 2156 praeterfluebat:
374 2120 407 2146 et
433 2125 493 2146 arx
518 2115 637 2156 procul
662 2115 718 2153 iis,
747 2124 821 2156 quae
847 2113 1096 2144 habitabantur.
1150 2111 1216 2142 Sex
1249 2112 1342 2142 milia
1374 2112 1492 2142 aberat

80 2174 122 2204 ab
158 2174 240 2204 urbe
272 2173 379 2204 nobili
413 2174 575 2213 templum
607 2172 695 2215 (ipsa
720 2174 801 2204 urbe
836 2179 905 2204 erat
931 2169 1094 2213 nobilius)
1121 2174 1181 2201 cet.
1232 2172 1277 2201 ln
1303 2171 1490 2211 scriptu-ra,

80 2243 183 2274 quam
227 2243 317 2263 nunc
353 2233 549 2263 [Muellerus
598 2236 733 2263 secutus
776 2236 840 2270 est,
885 2232 1107 2262 vitiosissime
1152 2231 1314 2260 abundat
1350 2227 1490 2271 nobile.)

81 2290 103 2323 5
157 2289 296 2334 (greges
352 2292 401 2322 sui
458 2292 619 2333 cuiusque
681 2291 817 2332 generis
879 2290 996 2320 Weiss.
1060 2290 1094 2319 P
1145 2288 1313 2329 egressui,
1378 2289 1491 2318 Drak.

81 2351 210 2391 egressi
249 2360 277 2380 c.
314 2360 347 2390 g.
386 2349 454 2392 gr.)
526 2350 544 2383 7
589 2349 767 2393 (affingunt
807 2356 839 2379 ut
878 2349 1075 2389 plerumque
1113 2349 1183 2378 lac.
1229 2349 1336 2378 Gron.
1377 2346 1490 2383 Codd„

82 2409 196 2440 Drak.
247 2408 463 2450 adfinguntur
513 2407 726 2449 plerumque)
780 2405 783 2450 Ι
836 2407 947 2437 nullus
994 2417 1150 2447 umquam
1191 2411 1326 2436 moveat
1375 2410 1492 2436 ventus

81 2466 210 2509 (Gran.
255 2478 272 2497 e
314 2467 361 2498 P.-
404 2467 496 2498 nullo
534 2477 692 2508 umquam
730 2472 962 2496 moueuentos.
1027 2465 1105 2495 Em.
1145 2467 1224 2497 334.
1288 2464 1491 2493 Durissima

83 2529 199 2556 tamen
242 2529 294 2556 est
336 2526 477 2568 infinita
515 2526 643 2567 forma
693 2525 870 2556 sententiae
918 2525 1076 2554 ‘relativa’
1126 2534 1194 2553 non
1239 2522 1491 2558 continuativae,

82 2585 144 2614 sed
173 2584 428 2615 substantivum
463 2582 686 2625 definientis.)
741 2585 763 2616 ὅ
794 2582 905 2624 (Fort.
939 2580 1032 2624 quia)
1071 2581 1110 2613 11
1145 2581 1200 2611 his
1233 2579 1492 2610 condicionibus

85 2653 102 2672 e
125 2642 208 2673 coni.
240 2641 244 2686 l
273 2642 487 2673 Crotoniates
512 2641 645 2683 (Codd.,
679 2642 710 2672 si
738 2642 876 2671 silentio
906 2641 997 2681 fides
1030 2643 1088 2677 est,
1121 2642 1255 2678 praeter
1288 2638 1327 2676 P,
1364 2638 1493 2680 Drak.)
