1789 2955
262 68 341 106 256
673 63 789 99 Liber
814 63 939 97 XXX.
989 63 1049 107 (A.
1077 75 1110 97 u.
1138 75 1167 98 c.
1193 64 1287 107 552.)

262 192 391 242 pacis;
423 191 493 229 sed
524 191 691 229 forsitan
716 204 794 228 non
822 191 978 239 indigni
1003 190 1138 236 simus,
1170 190 1238 239 qui
1262 189 1463 228 nobismet
1493 190 1570 240 ipsi
1596 191 1694 228 mul-

197 263 248 301 25
265 267 345 301 tam
378 263 609 312 irrogemus.
669 262 758 300 Non
789 275 1036 309 recusamus,
1082 261 1180 311 quin
1213 262 1363 311 omnia,
1410 265 1577 312 propter
1608 274 1696 312 quae

265 335 316 373 ad
346 335 497 372 bellum
529 335 628 372 itum
661 338 731 382 est,
763 337 894 372 vestra
925 334 1018 381 sint,
1057 332 1220 383 Sicilia,
1254 332 1453 380 Sardinia,
1483 333 1697 384 Hispania,

265 407 457 457 quicquid
490 407 709 444 insularum
740 410 825 444 toto
858 406 961 444 inter
991 405 1173 444 Africam
1200 404 1441 455 Italiamque
1473 405 1696 443 continetur

200 479 251 516 26
269 479 381 526 mari,
412 478 764 527 Carthaginienses
795 478 939 515 inclusi
971 477 1125 515 Africae
1164 477 1354 515 litoribus
1400 490 1489 524 vos,
1535 476 1696 527 quando

265 552 321 588 ita
353 551 414 588 dis
430 551 597 601 placuit,
628 553 794 588 externa
818 550 938 587 etiam
962 553 1070 587 terra
1086 549 1267 599 marique
1283 549 1488 587 videamus
1516 552 1698 597 regentes

196 623 247 660 27
266 624 446 673 imperio.
490 621 613 660 Haud
644 622 884 671 negaverim,
916 625 1080 671 propter
1105 635 1184 659 non
1209 622 1327 659 nimis
1351 623 1503 659 sincere
1528 620 1697 670 petitam

266 699 336 732 aut
366 698 638 744 exspectatam
670 707 797 744 nuper
826 706 964 743 pacem
996 697 1219 743 suspectam
1251 706 1335 730 esse
1365 693 1478 731 vobis
1503 691 1698 729 Punicam

266 765 396 803 fidem.
455 766 640 812 Multum,
671 778 743 815 per
774 778 873 815 quos
904 766 1030 815 petita
1061 765 1134 812 sit,
1167 764 1217 802 ad
1248 764 1366 802 fidem
1396 764 1557 801 tuendae
1588 763 1698 814 pacis

198 838 250 876 28
268 838 460 888 pertinet,
491 837 638 887 Scipio.
699 837 837 875 Vestri
883 850 1061 887 quoque,
1108 841 1153 873 ut
1185 836 1318 883 audio,
1351 839 1484 886 patres
1517 834 1699 873 nonnihil

267 910 387 947 etiam
418 911 467 947 ob
500 911 586 957 hoc,
621 911 714 960 quia
745 922 885 959 parum
914 909 1128 958 dignitatis
1153 908 1193 945 in
1218 908 1421 957 legatione
1453 910 1550 954 erat,
1581 919 1698 956 nega-

198 981 250 1019 29
268 985 411 1019 verunt
440 994 589 1031 pacem.
650 981 857 1019 Hannibal
902 984 994 1031 peto
1026 993 1183 1030 pacem,
1229 980 1296 1030 qui
1344 993 1472 1029 neque
1510 983 1700 1029 peterem,

267 1053 345 1091 nisi
377 1054 519 1091 utilem
551 1054 772 1099 crederem,
820 1056 858 1090 et
904 1057 1068 1103 propter
1114 1053 1277 1090 eandem
1307 1052 1526 1090 utilitatem
1556 1051 1700 1088 tuebor

198 1125 252 1163 30
269 1138 365 1173 eam,
381 1129 546 1175 propter
563 1139 683 1175 quam
700 1125 811 1175 petii.
859 1125 913 1162 Et
928 1124 1273 1175 quemadmodum,
1305 1125 1399 1174 quia
1423 1137 1445 1161 a
1472 1135 1533 1161 me
1550 1123 1699 1161 bellum

266 1200 438 1246 coeptum
470 1201 541 1244 est,
572 1211 622 1235 ne
648 1211 764 1248 quem
795 1198 880 1235 eius
907 1197 1127 1247 paeniteret,
1159 1196 1292 1246 quoad
1318 1196 1398 1246 ipsi
1421 1195 1601 1233 invidere
1624 1195 1700 1241 dei,

265 1269 448 1319 praestiti,
480 1270 538 1307 ita
564 1271 732 1317 annitar,
764 1284 812 1308 ne
841 1282 959 1320 quem
991 1269 1101 1319 pacis
1127 1281 1198 1318 per
1230 1281 1292 1306 me
1317 1271 1443 1318 partae
1472 1268 1696 1318 paeniteat.“

134 1336 183 1386 31
382 1340 594 1379 Adversus
626 1342 709 1379 haec
742 1343 958 1392 imperator
989 1341 1196 1379 Romanus
1228 1341 1267 1377 in
1298 1340 1401 1378 hanc
1432 1340 1514 1378 fere
1545 1343 1699 1377 senten-

265 1413 364 1450 tiam
395 1413 622 1463 respondit:
660 1414 774 1462 „Non
804 1428 865 1451 me
897 1413 1078 1460 fallebat,
1110 1412 1341 1460 Hannibal,
1379 1425 1477 1449 aura
1507 1411 1700 1449 adventus

267 1485 328 1522 tui
360 1484 710 1534 Carthaginienses
742 1488 781 1523 et
809 1488 1046 1536 praesentem
1090 1484 1335 1522 indutiarum
1374 1484 1490 1521 fidem
1523 1486 1562 1521 et
1592 1496 1701 1533 spem

228 1556 379 1606 2pacis
410 1557 613 1604 'turbasse3
647 1571 776 1608 neque
806 1561 850 1595 tu
881 1558 923 1595 id
953 1571 1045 1596 sane
1078 1557 1325 1603 dissimulas,
1372 1556 1441 1606 qui
1481 1554 1529 1593 de
1561 1554 1700 1592 condi·

268 1628 450 1666 cionibus
482 1629 758 1679 superioribus
789 1630 900 1680 pacis
932 1630 1064 1668 omnia
1094 1629 1306 1668 subtrahas
1338 1630 1484 1678 praeter
1515 1641 1579 1674 ea,
1613 1638 1700 1677 quae

233 1700 255 1737 3
273 1699 351 1737 iam
383 1700 540 1750 pridem
572 1701 613 1738 in
646 1705 781 1739 nostra
811 1705 1009 1752 potestate
1040 1705 1143 1739 sunt.
1197 1700 1381 1738 Ceterum
1412 1702 1457 1736 ut
1487 1698 1565 1736 tibi
1595 1711 1700 1736 curae

268 1775 340 1818 est,
371 1772 519 1810 sentire
551 1774 656 1812 cives
679 1777 781 1821 tuos,
813 1777 962 1824 quanto
990 1786 1063 1824 per
1085 1776 1124 1810 te
1149 1785 1269 1810 onere
1292 1772 1486 1818 leventur,
1517 1771 1574 1809 sic
1599 1770 1698 1808 mihi

268 1842 533 1884 laborandum
580 1849 660 1893 est,
690 1859 758 1893 ne,
799 1859 887 1895 quae
932 1848 1017 1883 tum
1048 1845 1301 1896 pepigerunt,
1346 1843 1465 1881 hodie
1497 1842 1702 1880 subtracta

230 1914 320 1952 4ex
351 1916 657 1955 condicionibus
702 1919 812 1968 pacis
857 1917 1023 1968 praemia
1059 1916 1237 1967 perfidiae
1278 1916 1461 1953 habeant.
1521 1913 1701 1964 Indigni,

270 1987 416 2036 quibus
447 1988 584 2026 eadem
615 1992 754 2040 pateat
785 1989 989 2036 condicio,
1038 1989 1158 2025 etiam
1203 1991 1248 2026 ut
1278 1988 1407 2038 prosit
1436 1986 1550 2024 vobis
1581 1987 1701 2031 frauS,

270 2059 421 2108 petitis.
467 2060 610 2110 Neque
642 2064 778 2110 patres
808 2061 936 2099 nostri
967 2061 1122 2110 priores
1153 2059 1202 2098 de
1219 2058 1362 2098 Sicilia
1392 2071 1521 2108 neque
1551 2070 1622 2096 nos
1652 2057 1701 2094 de

267 2130 468 2181 Hispania
499 2131 664 2170 fecimus
696 2132 868 2180 bellum;
915 2136 953 2169 et
998 2135 1092 2169 tunc
1124 2132 1457 2170 Mamertinorum
1501 2129 1700 2168 sociorum

268 2203 494 2253 periculum
540 2207 580 2242 et
624 2216 728 2241 nunc
775 2202 948 2253 Sagunti
993 2203 1195 2242 excidium
1240 2204 1356 2241 nobis
1400 2202 1470 2254 pia
1507 2215 1552 2240 ac
1596 2202 1701 2239 iusta

231 2273 488 2312 5induerunt
517 2287 637 2315 arma.
698 2274 783 2313 Vos
825 2275 1049 2323 lacessisse,
1097 2279 1137 2314 et
1181 2279 1226 2313 tu
1271 2275 1358 2326 ipse
1401 2274 1536 2312 fateris
1567 2276 1608 2311 et
1637 2271 1701 2309 dei

271 2347 395 2383 testes
425 2349 535 2394 sunt,
567 2346 638 2396 qui
669 2349 708 2384 et
739 2346 850 2385 illius
880 2347 979 2385 belli
1012 2348 1162 2386 exitum
1210 2347 1427 2385 secundum
1457 2346 1518 2384 ius
1562 2345 1700 2394 fasque

228 2418 251 2454 6
271 2416 468 2455 dederunt
512 2421 553 2455 et
597 2418 715 2456 huius
762 2418 859 2456 dant
903 2422 943 2456 et
988 2419 1153 2457 dabunt.
1217 2418 1334 2465 Quod
1372 2418 1424 2456 ad
1454 2430 1515 2454 me
1545 2417 1701 2463 attinet,

270 2491 310 2526 et
338 2489 521 2547 humanae
560 2488 810 2528 infirmitatis
847 2490 1009 2527 memini
1054 2494 1093 2527 et
1138 2490 1219 2528 vim
1258 2491 1429 2527 fortunae
1473 2492 1615 2538 reputo
1662 2491 1701 2526 et

271 2560 417 2607 omnia,
449 2572 696 2610 quaecunque
727 2561 892 2610 agimus,
922 2561 1102 2599 subiecta
1147 2574 1231 2599 esse
1269 2560 1382 2599 mille
1413 2560 1570 2598 casibus
1601 2560 1698 2607 scio;

234 2631 257 2667 7
276 2633 450 2669 ceterum
473 2632 805 2681 quemadmodum
830 2633 1000 2683 superbe
1025 2635 1064 2670 et
1089 2633 1287 2671 violenter
1312 2645 1374 2670 me
1389 2633 1536 2670 faterer
1559 2632 1701 2678 facere,
