1789 2955
477 115 593 150 Liber
617 115 808 150 XXVIII.
857 117 918 159 (A.
946 115 1010 149 eh.
1037 115 1129 159 206.)
1443 117 1520 154 147

90 234 264 283 fortunis
296 246 437 289 essent,
470 245 695 289 servarent3
733 242 766 279 si
802 255 885 278 rem
926 242 1157 279 inclinatam
1189 242 1369 280 viderent
1401 241 1564 290 atque8

90 317 131 353 in
163 329 208 353 eo
239 315 318 352 iam
335 327 432 360 esse,
462 317 508 351 ut
523 314 618 350 urbs
635 318 855 363 caperetur,
887 314 1046 359 scirent,
1079 327 1224 360 omnes,
1256 327 1353 363 quos
1385 317 1522 350 euntes

90 388 131 424 in
162 387 348 436 proelium
381 388 600 432 cernerent,
632 388 796 422 mortem
829 385 869 421 in
901 385 988 434 ipsa
1026 375 1160 434 pugna
1191 385 1393 430 obituros3
1435 385 1525 422 illos
1544 385 1567 421 9

89 472 130 496 se
161 471 234 508 per
265 457 358 494 deos
390 470 555 506 superos
586 457 810 506 inferosque
849 469 981 503 orare,
1012 460 1057 493 ut
1086 470 1279 493 memores
1311 457 1522 503 libertatis,

90 542 178 579 quae
211 529 282 567 illo
316 529 380 566 die
411 531 481 565 aut
511 531 636 565 morte
667 529 832 565 honesta
863 531 931 564 aut
961 529 1152 565 servitute
1176 528 1316 565 infami
1347 527 1522 564 finienda

90 604 203 647 esset,
234 600 335 637 nihil
365 601 650 650 relinquerent,
682 600 722 636 in
755 599 862 649 quod
886 600 1025 638 saevire
1057 600 1182 637 iratus
1209 600 1334 637 hostis
1368 603 1524 648 posset,

90 674 238 710 ferrum
270 672 485 721 ignemque
516 672 557 708 in
589 671 772 708 manibus
805 685 909 717 esse3
955 671 1091 708 amicae
1139 685 1183 708 ac
1220 671 1358 708 fideles
1390 671 1524 720 potius
1547 671 1596 708 10

91 758 146 791 ea,
178 757 266 794 quae
298 744 477 796 peritura
507 744 649 790 forent,
681 743 934 780 absumerent
951 757 1099 790 manus,
1131 756 1247 792 quam
1282 743 1523 780 insultarent

89 816 261 866 superbo
294 815 472 852 ludibrio
504 815 649 852 hostes.
697 815 773 851 His
805 813 1152 852 adhortationibus
1186 815 1405 852 exsecratio
1438 814 1526 852 dira
1547 814 1594 851 11

91 887 258 934 adiecta,
289 888 323 924 si
355 900 471 936 quem
504 900 527 923 a
557 887 763 936 proposito
796 900 884 935 spes
916 887 1134 924 mollitiave
1176 887 1300 924 animi
1331 887 1521 923 flexisset.

90 959 190 996 Inde
222 960 421 996 concitato
453 958 609 1006 agmine
641 958 871 1007 patentibus
903 959 1031 1008 portis
1058 959 1212 1007 ingenti
1236 972 1321 996 cum
1347 959 1522 995 tumultu

91 1034 323 1081 erumpunt;
354 1043 481 1080 neque
500 1033 585 1067 erat
601 1030 684 1066 ulla
701 1030 796 1066 satis
813 1029 926 1067 firma
944 1031 1062 1067 statio
1082 1030 1277 1080 opposita,
1308 1031 1401 1079 quia
1425 1030 1527 1066 nihil
1549 1030 1597 1066 12

90 1103 232 1149 minus,
251 1116 368 1152 quam
386 1116 434 1139 ne
451 1101 590 1151 egredi
608 1101 758 1138 obsessi
775 1102 971 1138 moenibus
989 1102 1193 1148 auderent,
1205 1103 1339 1139 timeri
1355 1106 1522 1152 poterat.

90 1174 308 1224 Perpaucae
333 1174 513 1223 equitum
527 1178 669 1210 turmae
684 1174 865 1222 levisque
881 1178 1080 1210 armatura
1098 1178 1260 1223 repente
1278 1189 1296 1211 e
1314 1174 1455 1211 castris
1473 1173 1522 1210 ad

90 1246 131 1283 id
164 1246 292 1295 ipsum
317 1246 459 1283 emissa
475 1245 661 1282 occurrit.
723 1244 870 1281 Acrior
897 1245 1047 1295 impetu
1081 1250 1201 1295 atque
1233 1246 1376 1283 animis
1410 1259 1528 1295 quam
1548 1245 1598 1282 13

90 1318 346 1367 compositior
375 1317 458 1354 ullo
490 1316 628 1354 ordine
658 1329 792 1365 pugna
822 1317 908 1353 fuit.
954 1317 1096 1366 Itaque
1120 1318 1256 1367 pulsus
1289 1330 1420 1366 eques,
1454 1317 1522 1366 qui

89 1389 242 1439 primus
273 1402 313 1426 se
343 1388 449 1426 hosti
487 1388 704 1434 obtulerat,
749 1392 941 1425 terrorem
989 1389 1128 1426 intulit
1166 1389 1245 1426 levi
1292 1393 1522 1435 armaturae3

90 1464 390 1510 pugnatumque
421 1460 494 1497 sub
511 1461 598 1509 ipso
616 1460 722 1497 vallo
740 1460 854 1506 foret,
871 1462 912 1497 ni
930 1462 1052 1498 robur
1069 1461 1284 1510 legionum,
1303 1460 1521 1510 perexiguo

90 1532 139 1569 ad
172 1532 448 1570 instruendum
481 1531 572 1568 dato
603 1535 792 1581 tempore,
832 1534 953 1569 aciem
986 1533 1207 1570 direxisset.
1268 1532 1336 1569 Ibi
1367 1545 1526 1581 quoque
1548 1532 1597 1568 14

88 1604 335 1654 trepidatum
366 1616 580 1653 parumper
612 1604 717 1641 circa
747 1604 862 1652 signa
894 1609 970 1651 est,
1016 1618 1136 1653 quum
1183 1605 1277 1641 caeci
1315 1605 1449 1641 furore
1480 1604 1521 1640 in

89 1676 256 1713 vulnera
289 1690 333 1713 ac
365 1676 512 1712 ferrum
537 1676 699 1712 vecordi
723 1676 891 1713 audacia
915 1679 1094 1722 ruerent;
1128 1676 1221 1712 dein
1252 1679 1364 1713 vetus
1397 1675 1522 1721 miles,

90 1748 279 1785 adversus
310 1748 543 1785 temerarios
575 1747 745 1796 impetus
777 1748 981 1797 pertinax,
1028 1749 1134 1785 caede
1165 1748 1385 1797 primorum
1417 1747 1519 1783 inse-

90 1822 255 1869 quentes
286 1820 521 1869 suppressit.
581 1819 755 1856 Conatus
787 1819 905 1868 paulo
949 1823 1040 1869 post
1069 1820 1175 1856 ultro
1208 1819 1354 1856 inferre
1372 1819 1525 1867 pedem,
1546 1816 1596 1854 15

88 1895 134 1929 ut
163 1892 360 1928 neminem
379 1891 519 1928 cedere
551 1894 670 1940 atque
689 1892 910 1928 obstinatos
937 1892 1037 1928 mori
1064 1891 1103 1927 in
1126 1891 1295 1939 vestigio
1323 1903 1518 1939 quemque

89 1976 160 2000 suo
176 1962 288 2009 vidit,
304 1963 504 2012 patefacta
527 1962 624 2009 acie,
651 1963 757 2011 quod
774 1966 819 1999 ut
835 1963 965 2000 facere
983 1966 1128 2012 posset,
1154 1962 1372 1999 multitudo
1392 1975 1518 1998 arma-

87 2038 218 2072 torum
236 2035 353 2072 facile
378 2035 673 2084 suppeditabat,
700 2047 848 2071 cornua
865 2035 1038 2072 hostium
1068 2034 1289 2083 amplexus,
1316 2033 1358 2070 in
1382 2034 1518 2070 orbem

88 2110 313 2155 pugnantes
340 2107 391 2143 ad
417 2120 539 2143 unum
571 2119 706 2143 omnes
730 2106 889 2144 occidit.
939 2105 1076 2155 Atque
1093 2105 1176 2142 haec
1193 2109 1327 2142 tamen
1343 2105 1515 2142 hostium
1604 2100 1661 2149 23

89 2177 284 2215 iratorum
331 2191 374 2214 ac
406 2181 490 2215 tum
522 2178 692 2215 maxime
725 2177 998 2214 dimicantium
1046 2178 1184 2215 odium
1216 2177 1303 2215 iure
1337 2177 1436 2213 belli
1477 2176 1516 2213 in

88 2253 262 2287 armatos
280 2254 629 2300 repugnantesque
664 2249 827 2294 edebat3
859 2249 1003 2286 foedior
1035 2249 1116 2286 alia
1134 2250 1173 2285 in
1189 2249 1289 2286 urbe
1304 2248 1522 2285 trucidatio
1542 2249 1565 2284 2

88 2324 182 2368 erat,
228 2335 349 2371 quum
393 2321 552 2358 turbam
590 2320 825 2357 feminarum
857 2334 1151 2370 puerorumque
1182 2320 1382 2357 imbellem
1414 2320 1516 2356 iner-

87 2406 268 2442 memque
301 2393 404 2430 cives
435 2393 496 2430 sui
513 2393 722 2439 caederent,
755 2396 794 2429 et
817 2393 857 2429 in
874 2405 1105 2429 succensum
1131 2405 1270 2439 rogum
1288 2391 1517 2428 semianima

88 2464 278 2514 pleraque
296 2465 504 2502 iniicerent
521 2477 698 2513 corpora,
712 2464 867 2513 rivique
881 2464 1088 2511 sanguinis
1104 2463 1299 2500 flammam
1326 2463 1517 2499 orientem

87 2536 401 2584 restinguerent;
431 2539 631 2586 postremo
657 2536 746 2585 ipsi,
778 2536 884 2572 caede
903 2534 1128 2571 miseranda
1158 2547 1318 2571 suorum
1346 2534 1515 2582 fatigati,

89 2620 175 2644 cum
207 2608 326 2645 armis
357 2607 487 2644 medio
519 2607 708 2644 incendio
755 2620 796 2644 se
836 2607 1070 2643 iniecerunt.
1130 2605 1216 2642 Iam
1249 2605 1347 2641 caedi
1380 2604 1560 2654 perpe-3

86 2681 203 2717 tratae
234 2679 406 2716 victores
437 2679 609 2716 Romani
640 2681 970 2728 supervenerunt.
1045 2677 1108 2714 Ac
1140 2676 1270 2726 primo
1302 2680 1513 2726 conspectu

1178 2745 1243 2778 10*
