1768 2943
544 111 647 142 Liber
673 112 800 144 xxm.
842 111 896 154 (A.
925 112 987 143 ch.
1010 111 1105 154 216.)
1456 115 1538 155 125

116 254 201 278 rem
233 243 289 277 ad
310 242 473 286 Poenos,
508 242 628 278 filium
661 242 847 279 iuvenem
880 243 1063 287 adduxit,
1097 244 1344 280 abstractum
1376 257 1400 281 a
1422 242 1578 283 Decii3

116 312 243 360 Magii
282 313 419 357 latere,
462 325 550 349 cum
592 325 673 361 quo
714 313 963 350 ferocissime
1001 325 1075 361 pro
1114 314 1301 350 Romana
1341 315 1536 352 societate

118 384 313 420 adversus
351 383 547 420 Punicum
589 383 723 420 foedus
766 389 944 427 steterat,
988 396 1064 420 nec
1107 396 1198 420 eum
1241 390 1309 420 aut
1345 385 1537 421 inclinata

115 453 158 490 in
190 458 345 502 partem
377 454 545 490 alteram
578 455 715 491 civitas
748 459 817 490 aut
849 454 978 502 patria
1010 454 1199 490 maiestas
1233 455 1434 490 sententia
1467 456 1538 491 de—

117 525 286 574 pulerat.
365 524 470 561 Huic
511 530 595 561 tum
632 530 747 574 pater
785 525 918 561 iuveni
959 523 1232 560 Hannibalem
1270 523 1579 572 deprecando4

119 595 247 643 magis
286 607 406 643 quam
444 596 661 644 purgando
705 595 889 644 placavit,
935 596 1142 643 victusque
1185 594 1308 643 patris
1352 595 1538 642 precibus

117 665 371 713 lacrimisque
396 666 517 701 etiam
540 667 595 702 ad
620 678 763 702 cenam
789 678 880 701 eum
904 677 995 702 cum
1021 671 1134 714 patre
1159 665 1294 702 vocari
1317 665 1443 709 iussit,
1476 662 1579 703 cui5

119 735 304 772 convivio
322 736 527 773 neminem
547 736 801 785 Campanum
819 742 1087 785 praeterquam
1110 735 1291 784 hospites
1305 735 1539 771 Vibellium-

117 818 195 854 que
212 806 429 850 Tauream,
457 807 659 855 insignem
676 807 783 843 bello
802 807 939 849 virum,
959 807 1210 842 adhibiturus
1229 812 1326 842 erat.
1376 806 1539 854 Epulari
1554 804 1579 844 6

118 882 330 925 coeperunt
347 877 399 912 de
418 877 497 921 die,
523 883 563 913 et
580 878 807 914 convivium
825 889 909 913 non
928 889 976 913 ex
994 888 1107 912 more
1125 876 1277 912 Punico
1297 880 1365 911 aut
1382 875 1539 911 militari

117 948 331 996 disciplina
363 959 466 992 esse,
505 948 593 992 sed,
628 953 670 983 ut
701 948 742 984 in
775 949 933 984 civitate
956 952 1078 995 atque
1101 947 1221 982 etiam
1245 947 1372 982 domo
1396 946 1468 982 diti
1491 957 1539 982 ac

117 1018 334 1062 luxuriosa,
368 1018 556 1055 omnibus
589 1019 853 1067 voluptatium
886 1018 1083 1055 illecebris
1116 1018 1367 1053 instructum.
1425 1015 1578 1055 Unus?

117 1101 195 1126 nec
233 1089 493 1126 dominorum
524 1089 763 1125 invitatione
795 1101 871 1125 nec
903 1089 1028 1137 ipsius
1062 1088 1264 1124 interdum
1298 1087 1540 1123 Hannibalis

118 1159 305 1196 Calavius
338 1160 439 1196 filius
462 1160 634 1208 perpelli
654 1161 709 1195 ad
727 1160 954 1208 potandum
979 1159 1121 1207 potuit,
1155 1158 1242 1206 ipse
1267 1157 1539 1193 valetudinem

118 1242 330 1274 excusans,
371 1235 484 1279 patre
517 1230 640 1266 animi
673 1242 836 1278 quoque
870 1230 955 1266 eius
988 1230 1099 1265 haud
1132 1228 1355 1264 mirabilem
1387 1233 1540 1276 pertur-

119 1301 327 1337 bationem
361 1306 569 1337 causante.
633 1301 736 1337 Solis
760 1301 885 1337 ferme
909 1312 1059 1337 occasu
1081 1305 1238 1348 patrem
1261 1298 1469 1335 Calavium
1493 1296 1580 1338 exS

117 1370 304 1407 convivio
330 1383 536 1419 egressum
561 1377 721 1408 secutus
750 1371 863 1415 filius,
893 1371 960 1406 ubi
988 1371 1029 1407 in
1053 1376 1251 1407 secretum
1276 1367 1429 1420 (hortus
1456 1375 1541 1405 erat

118 1440 285 1489 posticis
328 1442 475 1477 aedium
518 1439 713 1491 partibus)
755 1447 1036 1490 pervenerunt,
1088 1440 1366 1477 «Consilium»
1415 1437 1581 1487 inquit9

125 1510 289 1555 «affero,
313 1516 440 1559 pater,
467 1524 547 1560 quo
565 1524 651 1548 non
669 1512 828 1548 veniam
848 1512 977 1548 solum
995 1511 1165 1560 peccati,
1186 1512 1298 1559 quod
1317 1510 1540 1547 defecimus

120 1582 176 1617 ad
193 1580 480 1626 Hannibalem,
505 1582 754 1631 impetraturi
780 1584 830 1618 ab
849 1582 1059 1626 Romanis,
1087 1582 1162 1618 sed
1185 1582 1225 1617 in
1244 1582 1368 1617 multo
1387 1581 1540 1617 maiore

121 1652 319 1701 dignitate
362 1658 403 1689 et
438 1653 568 1701 gratia
601 1653 723 1689 simus
758 1652 970 1701 Campani,
1015 1665 1136 1700 quam
1169 1664 1346 1700 unquam
1380 1651 1539 1694 fuimus,

104 1722 297 1772 futuri.»
360 1723 495 1769 Quum
518 1724 782 1759 mirabundus
804 1728 932 1771 pater,
956 1723 1152 1770 quidnam
1173 1722 1216 1758 id
1240 1728 1348 1759 esset
1370 1722 1539 1765 consilii,
1558 1719 1612 1760 10

119 1798 328 1840 quaereret,
363 1799 460 1842 toga
492 1794 643 1830 reiecta
675 1794 725 1829 ab
759 1793 942 1837 humero,
983 1793 1086 1829 latus
1120 1793 1367 1829 succinctum
1400 1792 1539 1840 gladio

118 1865 261 1900 nudat.
324 1863 434 1900 «Iam
457 1876 561 1913 ego»
588 1864 717 1912 inquit
743 1864 966 1912 «sanguine
990 1863 1231 1899 Hannibalis
1255 1863 1436 1899 sanciam
1458 1864 1540 1898 Ro·
1558 1860 1607 1899 ll

117 1946 283 1970 manum
308 1934 456 1971 foedus.
505 1935 566 1971 Te
590 1935 632 1970 id
658 1934 766 1983 prius
792 1934 893 1970 scire
918 1934 1036 1978 volui,
1067 1934 1098 1970 si
1124 1933 1227 1969 forte
1255 1934 1413 1977 abesse,
1444 1934 1540 1968 dum

118 2004 275 2042 facinus
307 2010 499 2054 patratur,
533 2006 712 2041 malles.»
781 2004 882 2050 Quae
914 2004 982 2040 ubi
1015 2004 1113 2040 vidit
1145 2004 1377 2052 audivitque
1401 2016 1538 2047 senex,
1603 2000 1631 2043 9

117 2075 227 2111 velut
258 2076 290 2112 si
319 2076 402 2112 iam
435 2076 620 2124 agendis,
655 2087 744 2123 quae
767 2075 972 2119 audiebat,
1006 2075 1232 2119 interesset,
1267 2086 1408 2110 amens
1431 2079 1539 2110 metu

123 2145 334 2194 «Perego
367 2151 432 2182 te»
469 2146 609 2194 inquit,
656 2146 746 2189 «fili,
788 2157 1039 2193 quaecunque
1070 2145 1156 2181 iura
1189 2146 1336 2181 liberos
1370 2141 1581 2192 iungunt?

118 2216 368 2264 parentibus,
397 2227 541 2265 precor
565 2227 800 2264 quaesoque,
830 2228 882 2251 ne
907 2220 1002 2252 ante
1027 2216 1169 2252 oculos
1194 2215 1317 2263 patris
1343 2215 1477 2251 facere
1501 2220 1540 2250 et

116 2286 203 2334 pati
243 2286 381 2322 omnia
418 2286 590 2322 infanda
629 2286 739 2321 velis.
817 2286 963 2323 Paucae
1003 2286 1112 2322 horae
1153 2291 1258 2329 sunt,
1302 2286 1407 2321 intra
1440 2282 1580 2333 quas3

118 2355 296 2393 iurantes
323 2369 395 2405 per
424 2356 617 2404 quicquid
646 2356 816 2392 deorum
845 2361 918 2400 est,
948 2357 1098 2393 dextrae
1123 2357 1285 2392 dextras
1309 2356 1537 2403 iungentes,

118 2425 243 2462 fidem
286 2427 591 2469 obstrinximus;
640 2426 710 2470 vis,
755 2431 934 2463 sacratas
977 2427 1058 2463 fide
1102 2438 1258 2470 manus,
1303 2426 1473 2474 digressi
1516 2438 1540 2462 a

120 2497 338 2544 colloquio,
379 2497 581 2545 extemplo
614 2496 655 2532 in
688 2508 780 2533 eum
812 2496 1040 2533 armemus?
1081 2498 1141 2533 Ab
1176 2496 1365 2543 hospitali
1398 2493 1581 2534 mensa4

119 2567 261 2615 surgis,
295 2567 350 2603 ad
383 2579 504 2615 quam
535 2567 673 2603 tertius
703 2566 1005 2615 Campanorum
1039 2567 1242 2603 adhibitus
1276 2578 1318 2601 es
1351 2566 1403 2601 ab
1427 2565 1538 2602 Han-

116 2636 267 2682 nibale,
308 2642 350 2673 ut
392 2649 482 2674 eam
514 2638 644 2686 ipsam
677 2649 859 2673 mensam
892 2643 1078 2674 cruentes
1112 2636 1280 2684 hospitis
1314 2634 1537 2684 sanguine?
