1768 2943
215 109 297 151 102
635 107 740 139 Liber
763 108 872 139 XXII.
907 107 960 150 (A.
989 119 1019 140 u.
1047 119 1074 143 c,
1101 108 1194 151 538.)

211 243 284 283 tes,
326 239 460 287 specie
501 240 793 289 transfugarum
835 252 957 287 quum
998 241 1049 277 ab
1083 241 1162 278 suis
1195 253 1354 290 parmas
1386 248 1479 290 post
1511 248 1623 290 terga

169 306 408 347 3habentes
431 310 749 358 adequitassent,
774 316 940 359 repente
965 323 1014 347 ex
1037 312 1150 360 equis
1168 312 1370 357 desiliunt,
1394 313 1623 361 parmisque

211 385 250 415 et
272 373 420 416 'iaculis
443 385 537 416 ante
560 381 688 429 pedes
711 381 886 417 hostium
908 382 1110 429 proiectis,
1144 383 1183 418 in
1206 383 1384 419 mediam
1407 383 1535 419 aciem
1558 395 1624 420 ac·

211 450 316 499 cepti
349 451 540 498 ductique
572 451 626 487 ad
658 451 819 487 ultimos
853 451 1067 488 considere
1094 453 1145 488 ab
1168 458 1282 500 tergo
1305 453 1502 488 iubentur.
1565 454 1622 489 Ac

210 522 307 557 dum
346 522 529 570 proelium
567 521 618 557 ab
652 521 763 558 omni
794 527 907 570 parte
941 523 1176 567 conseritur,
1217 522 1339 571 quieti
1371 528 1622 565 manserunt;

167 587 425 640 4postquam
458 591 636 628 omnium
670 592 828 628 animos
861 593 1082 641 oculosque
1112 597 1382 641 occupaverat
1404 598 1621 636 certamen,

210 667 292 698 tum
325 662 492 711 arreptis
525 662 658 706 scutis,
693 674 781 710 quae
814 663 962 711 passim
994 664 1098 699 inter
1129 675 1295 700 acervos
1319 674 1514 700 caesorum
1537 674 1623 699 cor-

209 744 352 781 porum
395 738 517 769 strata
555 738 682 777 erant,
726 745 907 769 aversam
950 733 1187 770 adoriuntur
1219 734 1448 770 Romanam
1480 733 1621 777 aciem,

208 808 402 852 tergaque
435 803 623 839 ferientes
656 815 702 840 ac
725 803 898 851 poplites
922 804 1126 840 caedentes
1150 808 1323 851 stragem
1346 803 1553 851 ingentem
1576 814 1622 840 ac

167 868 404 909 5maiorem
435 873 642 921 aliquanto
675 885 866 922 pavorem
899 886 945 911 ac
978 874 1188 910 tumultum
1221 874 1413 910 fecerunt.
1488 873 1621 919 Quum

208 943 301 979 alibi
329 949 455 980 terror
482 955 529 980 ac
557 943 666 992 fuga,
698 943 792 979 alibi
818 944 1002 992 pertinax
1029 943 1069 980 in
1098 944 1203 980 mala
1232 944 1313 980 iam
1342 955 1415 992 spe
1440 944 1623 992 proelium

209 1019 328 1059 esset,
362 1014 606 1058 Hasdrubal,
641 1014 708 1062 qui
740 1026 789 1050 ea
812 1019 926 1062 parte
949 1020 1131 1062 praeerat,
1165 1015 1388 1052 subductos
1411 1026 1460 1050 ex
1487 1014 1623 1050 media

209 1085 297 1122 acie
321 1084 532 1129 Numidas,
567 1085 659 1133 quia
693 1085 828 1133 segnis
861 1096 999 1121 eorum
1033 1095 1122 1122 cum
1155 1084 1333 1121 adversis
1361 1096 1498 1133 pugna
1523 1090 1621 1128 erat,

167 1148 192 1190 6
208 1155 262 1191 ad
286 1156 595 1203 persequendos
619 1155 770 1204 passim
796 1155 995 1204 fugientes
1019 1154 1148 1199 mittit,
1182 1154 1391 1203 Hispanos
1416 1160 1456 1191 et
1481 1154 1622 1192 Gallos

206 1225 361 1272 equites
404 1224 508 1262 Afris
550 1237 678 1274 prope
722 1225 802 1262 iam
846 1225 962 1262 fessis
1004 1226 1117 1262 caede
1157 1225 1285 1274 magis
1325 1237 1444 1272 quam
1485 1237 1622 1274 pugna

205 1294 401 1343 adiungit.

79 1358 142 1403 49
322 1366 439 1402 Parte
482 1366 607 1403 altera
649 1379 796 1415 pugnae
838 1367 998 1411 Paulus,
1043 1378 1275 1414 quanquam
1315 1366 1445 1415 primo
1488 1367 1621 1403 statim

164 1431 346 1484 2proelio
387 1435 514 1472 funda
551 1437 722 1484 graviter
753 1437 854 1474 ictus
888 1437 1028 1481 fuerat,
1069 1442 1205 1473 tamen
1238 1442 1278 1472 et
1310 1437 1482 1473 occurrit
1513 1449 1621 1485 saepe

205 1517 294 1542 cum
336 1505 526 1542 confertis
559 1506 778 1543 Hannibali
818 1513 858 1543 et
895 1507 1048 1555 aliquot
1084 1507 1183 1543 locis
1222 1508 1405 1556 proelium
1437 1507 1619 1551 restituit,

163 1572 189 1613 3
204 1576 510 1625 protegentibus
529 1590 619 1613 eum
638 1577 837 1625 equitibus
854 1578 1063 1621 Romanis,
1090 1577 1250 1614 omissis
1266 1584 1474 1626 postremo
1493 1578 1619 1626 equis,

206 1647 299 1694 quia
342 1648 550 1683 consulem
591 1652 630 1683 et
672 1648 726 1684 ad
769 1648 992 1696 regendum
1035 1660 1182 1697 equum
1222 1648 1323 1684 vires
1363 1648 1619 1684 deficiebant.

205 1717 310 1753 Tum
333 1718 578 1754 renuntianti
604 1718 778 1762 cuidam,
806 1718 970 1755 iussisse
995 1719 1203 1755 consulem
1226 1719 1281 1755 ad
1304 1719 1433 1767 pedes
1451 1719 1622 1755 descen-

205 1788 304 1825 dere
343 1789 511 1837 equites,
553 1789 701 1826 dixisse
734 1789 1008 1826 Hannibalem
1051 1789 1201 1826 ferunt:
1256 1788 1415 1834 «Quam
1446 1789 1619 1832 mallem,

52 1865 57 1869 '
122 1904 125 1907 Α
162 1855 361 1896 4vinctos
398 1859 494 1895 mihi
526 1860 742 1896 traderet.»
822 1859 1013 1907 Equitum
1045 1860 1234 1908 pedestre
1265 1859 1462 1908 proelium,
1504 1859 1621 1907 quale

203 1929 283 1965 iam
316 1929 427 1965 haud
459 1929 583 1965 dubia
616 1929 791 1966 hostium
824 1929 1004 1974 victoria,
1045 1929 1129 1974 suit,
1171 1942 1291 1978 quum
1324 1929 1414 1966 victi
1448 1929 1549 1965 mori
1581 1929 1621 1966 in

202 1999 374 2048 vestigio
406 1999 572 2036 mallent
604 2011 725 2047 quam
758 1999 909 2048 fugere,
942 2000 1114 2036 victores
1139 2000 1390 2037 morantibus
1414 2000 1621 2036 victoriam

161 2066 291 2107 5irati
334 2069 593 2114 trucidarent,
643 2082 745 2118 quos
787 2070 936 2118 pellere
976 2082 1059 2107 non
1099 2076 1300 2119 poterant.
1379 2070 1623 2118 Pepulerunt

203 2146 340 2177 tamen
368 2141 447 2176 iam
474 2152 629 2189 paucos
659 2145 895 2189 superantes
924 2146 964 2177 et
983 2141 1128 2192 ⁵labore
1152 2153 1199 2178 ac
1223 2141 1451 2177 vulneribus
1477 2140 1621 2177 fessos.

204 2211 307 2247 Inde
332 2211 515 2260 dissipati
539 2222 682 2247 omnes
708 2217 812 2255 sunt,
843 2223 1052 2259 equosque
1078 2212 1132 2247 ad
1157 2211 1306 2260 fugam,
1336 2210 1403 2258 qui
1420 2215 1620 2259 poterant,

163 2278 456 2330 Grepetebant.
521 2281 596 2318 Cn.
621 2280 814 2318 Lentulus
847 2282 1027 2318 tribunus
1059 2282 1225 2318 militum
1258 2293 1379 2329 quum
1412 2286 1622 2329 praeterve-

205 2352 306 2388 hens
331 2363 437 2400 equo
463 2353 673 2389 sedentem
699 2352 740 2388 in
766 2363 864 2388 saxo
892 2363 1033 2388 cruore
1051 2352 1257 2400 oppletum
1278 2351 1484 2388 consulem
1502 2350 1623 2387 vidis-

164 2419 187 2460 7
205 2427 278 2467 set,
318 2421 387 2459 «L.
417 2421 577 2458 AEmili»
614 2420 755 2469 inquit,
794 2433 936 2469 «quem
970 2433 1091 2458 unum
1115 2422 1319 2458 insontem
1343 2421 1468 2469 culpae
1496 2421 1622 2457 cladis

163 2490 189 2531 8
204 2492 413 2529 hodiernae
439 2493 506 2528 dei
529 2491 730 2540 respicere
759 2492 924 2535 debent,
951 2503 1052 2540 cape
1070 2492 1174 2528 hunc
1194 2503 1354 2540 equum,
1381 2491 1477 2527 dum
1496 2497 1535 2527 et
1552 2490 1622 2526 tibi

205 2562 343 2598 virium
387 2563 539 2611 aliquid
571 2567 753 2611 superest
784 2566 820 2598 et
851 2573 988 2598 comes
1022 2574 1100 2611 ego
1133 2568 1171 2598 te
1204 2562 1343 2598 tollere
1376 2573 1541 2610 possum
1575 2572 1622 2597 ac
