1789 2955
278 74 330 110 26
681 71 796 106 Liber
819 71 965 107 XXVI.
1015 74 1075 117 (A.
1101 85 1131 109 c.
1157 85 1190 107 u.
1215 73 1310 115 543.)

211 197 259 233 17
279 197 435 234 animus
478 198 624 236 deerat.
687 198 798 235 Inter
837 199 908 237 has
949 200 1204 238 difficultates
1235 199 1292 238 M.
1326 199 1535 237 Cornelius
1565 202 1713 249 praetor

280 272 319 306 et
347 268 520 305 militum
553 270 703 307 animos
734 284 838 307 nunc
868 272 1121 318 consolando,
1151 285 1255 308 nunc
1289 271 1520 319 castigando
1557 271 1714 310 sedavit

279 343 318 377 et
349 341 531 378 civitates
556 355 701 388 omnes,
733 355 819 391 quae
844 343 1082 390 defecerant,
1113 344 1153 380 in
1178 343 1373 380 dicionem
1399 342 1567 391 redegit,
1593 346 1712 392 atque

279 425 326 449 ex
358 412 408 449 iis
439 412 712 461 Murgentiam
743 413 949 463 Hispanis,
981 414 1127 463 quibus
1158 415 1253 452 urbs
1285 428 1458 464 agerque
1491 413 1713 451 debebatur

279 497 327 521 ex
359 487 518 521 senatus
551 484 741 531 consulto,
773 485 970 522 attribuit.

129 550 185 598 22
394 555 586 593 Consules
633 569 754 604 quum
800 557 915 594 ambo
962 557 1155 607 Apuliam
1207 557 1454 607 provinciam
1506 556 1714 603 haberent,

278 627 487 676 minusque
529 628 608 664 iam
647 628 812 666 terroris
850 643 872 665 a
904 629 1041 666 Poenis
1081 632 1120 666 et
1157 629 1389 666 Hannibale
1427 631 1540 675 esset,
1577 628 1714 665 sortiri

279 699 377 736 iussi
408 698 600 748 Apuliam
632 699 987 749 Macedoniamque
1019 701 1259 750 provincias.
1321 699 1500 750 Sulpicio
1527 699 1712 737 Macedo-

237 770 260 805 2
278 771 347 807 nia
379 771 525 816 evenit,
557 771 669 819 isque
694 771 857 808 Laevino
889 772 1091 809 successit.
1152 772 1320 810 Fulvius
1337 772 1507 809 Romam
1534 771 1712 808 comitio-

278 855 366 878 rum
391 855 509 879 causa
531 842 744 879 arcessitus
761 856 881 891 quum
900 843 1061 880 comitia
1078 844 1310 880 consulibus
1327 843 1520 892 rogandis
1536 843 1713 888 haberet,

278 914 546 963 praerogativa
577 913 749 951 Voturia
786 915 986 952 iuniorum
1019 915 1063 952 T.
1095 915 1291 952 Manlium
1322 915 1569 964 Torquatum
1601 917 1639 951 et
1669 913 1714 951 T.

237 984 260 1020 3
281 984 500 1022 Otacilium
525 986 729 1023 absentem
757 988 945 1024 consules
972 988 1088 1024 flixit.
1156 988 1289 1035 Quum
1313 988 1366 1025 ad
1389 988 1612 1032 Manlium,
1645 985 1714 1035 qui

278 1070 455 1106 praesens
488 1060 584 1103 erat,
616 1058 848 1106 gratulandi
880 1072 997 1096 causa
1027 1059 1146 1096 turba
1173 1041 1415 1105 coiretfnec
1443 1059 1588 1095 dubius
1612 1060 1715 1094 esset

281 1141 494 1165 consensus
524 1129 677 1178 populi,
717 1143 860 1178 magna
892 1131 1152 1168 circumfusus
1182 1131 1301 1168 turba
1331 1131 1383 1167 ad
1412 1130 1592 1167 tribunal
1625 1142 1714 1167 con-

237 1200 262 1236 4
279 1200 379 1237 sulis
403 1200 513 1237 venit
538 1200 732 1250 petitque,
755 1204 800 1237 ut
826 1215 954 1251 pauca
978 1215 1049 1239 sua
1073 1202 1198 1239 verba
1221 1202 1380 1239 audiret
1406 1201 1715 1250 centuriamque,

237 1270 367 1321 5quae
408 1272 569 1309 tulisset
609 1271 852 1321 suffragium,
898 1274 1076 1311 revocari
1112 1274 1281 1312 iuberet.
1343 1274 1500 1311 Erectis
1531 1272 1715 1309 omnibus

279 1344 588 1393 exspectatione,
619 1344 811 1393 quidnam
843 1345 1116 1393 postulaturus
1143 1349 1258 1391 esset,
1289 1345 1493 1382 oculorum
1519 1343 1714 1382 valetudi-

239 1416 261 1451 6
281 1429 370 1452 nem
403 1416 634 1453 excusavit:‘
657 1415 928 1464 impudentem
961 1419 999 1452 et
1028 1416 1337 1465 gubernatorem
1370 1419 1408 1453 et
1433 1417 1715 1466 imperatorem

282 1500 378 1533 esse,
410 1486 491 1535 qui,
524 1500 645 1536 quum
677 1487 821 1524 alienis
853 1487 978 1524 oculis
1011 1488 1047 1525 ei
1078 1489 1212 1525 omnia
1240 1488 1393 1537 agenda
1418 1489 1508 1535 sint,
1538 1487 1716 1537 postulet

241 1558 359 1594 7sibi
389 1559 558 1595 aliorum
590 1558 723 1607 capita
755 1572 799 1594 ac
833 1559 1012 1596 fortunas
1038 1560 1253 1606 committi3
1285 1560 1466 1609 proinde,
1498 1560 1531 1597 si
1561 1559 1714 1596 videre-

279 1631 346 1666 tur
387 1630 434 1675 ei,
479 1629 612 1666 redire
654 1629 694 1666 in
738 1629 969 1678 suffragium
1005 1631 1215 1669 Voturiam
1256 1633 1457 1669 iuniorum
1490 1632 1646 1668 iuberet
1676 1634 1716 1668 et

280 1701 507 1737 meminisse
548 1700 589 1738 in
632 1701 858 1739 consulibus
900 1703 1081 1740 creandis
1122 1704 1230 1750 belli,
1277 1704 1383 1753 quod
1421 1704 1463 1741 in
1502 1703 1622 1741 Italia
1653 1703 1716 1749 sit,

237 1774 583 1822 Stemporumque
615 1773 674 1809 rei
704 1773 892 1822 publicae;
924 1773 1087 1811 vixdum
1119 1776 1320 1824 requiesse
1352 1789 1467 1813 aures
1498 1789 1520 1812 a
1544 1775 1716 1824 strepitu

281 1847 320 1880 et
352 1844 524 1880 tumultu
555 1844 706 1893 hostili,
739 1858 816 1894 quo
848 1858 996 1894 paucos
1027 1851 1118 1884 ante
1148 1860 1300 1884 menses
1330 1847 1358 1896 †
1388 1847 1562 1885 arserint
1591 1860 1716 1897 prope

280 1916 426 1953 moenia
455 1917 647 1953 Romana.
711 1916 810 1953 Post
840 1917 923 1954 haec
963 1931 1083 1967 quum
1124 1919 1303 1956 centuria
1340 1920 1525 1968 frequens
1566 1918 1712 1955 succla-

281 1992 437 2034 masset,
467 1987 569 2024 nihil
594 2001 634 2025 se
661 1991 815 2025 mutare
840 1990 1046 2027 sententiae
1071 1990 1309 2040 eosdemque
1335 1991 1514 2029 consules
1538 1989 1715 2027 dicturos

238 2061 261 2097 9
281 2072 375 2105 esse,
396 2062 481 2095 tum
507 2058 734 2108 Torquatus
759 2060 925 2109 „Neque
954 2075 1025 2109 ego
1049 2062 1227 2099 vestros“
1248 2063 1380 2112 inquit
1400 2075 1551 2109 „mores
1571 2061 1716 2099 consul

278 2130 382 2167 ferre
423 2133 564 2179 potero
604 2145 731 2180 neque
773 2145 844 2169 vos
885 2133 1094 2182 imperium
1126 2147 1266 2170 meum.
1327 2134 1474 2171 Redite
1505 2134 1546 2171 in
1578 2133 1714 2171 suffra-

281 2201 402 2251 gium,
432 2206 471 2238 et
498 2202 685 2251 cogitate,
713 2203 861 2240 bellum
880 2204 1077 2241 Punicum
1105 2206 1148 2242 in
1164 2205 1288 2242 Italia
1315 2210 1354 2242 et
1378 2205 1550 2243 hostium
1575 2205 1715 2242 ducem

212 2275 262 2311 10
280 2273 553 2310 Hannibalem
587 2277 709 2311 esse.“
774 2275 874 2311 Tum
908 2276 1101 2322 centuria,
1147 2280 1186 2313 et
1226 2278 1464 2314 auctoritate
1502 2279 1608 2314 mota
1638 2276 1716 2314 viri

282 2349 321 2382 et
352 2345 635 2382 admirantium
667 2345 776 2382 circa
807 2346 980 2392 fremitu,
1010 2347 1128 2396 petiit
1159 2361 1181 2384 a
1214 2349 1383 2394 consule,
1429 2352 1473 2385 ut
1503 2347 1715 2385 Voturiam

216 2417 262 2453 11
284 2417 480 2454 seniorum
508 2417 668 2454 citaret:
693 2417 794 2454 velle
822 2431 905 2454 sese
930 2431 1017 2455 cum
1043 2419 1261 2457 maioribus
1285 2423 1379 2456 natu
1406 2419 1583 2468 colloqui
1611 2423 1649 2455 et
1666 2432 1714 2456 ex

283 2488 520 2525 auctoritate
545 2501 678 2525 eorum
704 2489 884 2525 consules
908 2489 1050 2525 dicere.
1111 2489 1254 2527 Citatis
1271 2489 1454 2528 Voturiae
1478 2490 1716 2537 senioribus,

216 2559 266 2595 12
284 2558 419 2595 datum
451 2564 607 2596 secreto
639 2560 678 2597 in
707 2559 815 2597 Ovili
839 2573 925 2597 cum
950 2561 997 2597 iis
1023 2561 1278 2609 colloquendi
1304 2567 1470 2610 tempus.
1530 2560 1714 2599 seniores

282 2630 330 2667 de
354 2630 485 2667 tribus
513 2631 796 2668 consulendum
825 2631 1012 2668 dixerunt
1036 2645 1132 2678 esse,
1160 2633 1314 2670 duobus
1337 2633 1469 2682 plenis
1493 2633 1570 2670 iam
1593 2634 1714 2671 hono-
