1789 2955
515 77 630 112 Liber
655 76 823 112 XXVII.
874 77 933 120 (A.
960 76 1025 111 Ch.
1051 76 1144 120 207.)
1470 80 1544 117 111

108 207 189 245 duo
235 205 363 243 millia
408 205 625 243 Poenorum
672 217 785 242 caesa.
867 204 971 242 Inde
1016 204 1223 242 nocturnis
1268 203 1548 253 montanisque

110 278 324 316 itineribus
369 276 529 324 Poenus,
574 291 623 314 ne
667 277 797 314 locum
844 275 1051 326 pugnandi
1098 277 1223 323 daret,
1269 276 1550 325 Metapontum

110 350 243 402 petiit.
301 348 448 387 Hanno
481 348 573 386 inde
604 346 656 400 (is
697 348 805 386 enim
845 348 1036 398 praesidio
1078 348 1162 385 eius
1201 348 1279 386 loci
1319 347 1553 398 praefuerat)
1576 347 1624 384 16

112 423 154 460 in
184 421 367 459 Bruttios
398 433 488 458 cum
527 421 666 470 paucis
704 419 754 457 ad
791 419 1013 457 exercitum
1054 433 1201 457 novum
1239 419 1551 469 comparandum

112 494 276 539 missus;
313 492 535 539 Hannibal,
567 492 694 542 copiis
726 491 812 529 eius
843 490 893 529 ad
925 504 1015 528 suas
1047 493 1208 539 additis,
1239 491 1459 529 Venusiam
1491 504 1551 528 re-

111 569 189 613 tro,
228 565 376 615 quibus
405 567 569 603 venerat
600 563 823 609 itineribus,
869 563 1028 612 repetit,
1059 567 1180 613 atque
1211 563 1304 601 inde
1337 563 1553 601 Canusium

115 637 310 688 procedit.
372 636 587 686 Nunquam
629 635 735 673 Nero
777 635 962 683 vestigiis
1000 635 1130 673 hostis
1172 635 1396 682 abstiterat,
1442 638 1481 672 et
1512 633 1559 680 Q.
1580 634 1628 670 17

116 710 316 756 Fulvium,
347 721 470 759 quum
500 707 779 756 Metapontum
811 707 898 757 ipse
928 707 1260 757 proficisceretur,
1292 708 1333 745 in
1359 707 1555 752 Lucanos,

114 795 163 820 ne
193 781 305 830 regio
337 793 383 818 ea
414 780 499 818 sine
529 779 719 830 praesidio
751 782 864 825 esset,
895 780 1139 817 arcessierat.

229 852 344 890 Inter
373 853 458 890 haec
489 853 539 890 ab
563 851 832 898 Hasdrubale,
862 854 1074 901 postquam
1107 865 1129 888 a
1155 851 1373 890 Placentiae
1405 849 1555 889 obsidi-
1645 844 1705 893 43

117 938 192 963 one
215 925 418 972 abscessit,
450 928 641 974 quattuor
659 922 770 961 Galli
794 923 959 973 equites,
992 924 1069 962 duo
1087 923 1270 962 Numidae
1295 937 1382 960 cum
1407 921 1556 959 litteris

116 997 228 1035 missi
258 996 309 1035 ad
338 995 624 1042 Hannibalem,
669 1008 791 1045 quum
823 1008 895 1045 per
926 996 1081 1034 medios
1113 995 1248 1033 hostes
1278 999 1403 1033 totam
1434 994 1557 1032 ferme

120 1068 417 1118 longitudinem
439 1068 572 1106 Italiae
600 1068 749 1105 emensi
772 1070 914 1113 essent,
940 1067 1031 1105 dum
1049 1067 1330 1117 Metapontum
1358 1065 1562 1104 cedentem
1582 1066 1604 1101 2

117 1141 389 1179 Hannibalem
420 1143 654 1190 sequuntur,
686 1140 850 1176 incertis
881 1140 1095 1177 itineribus
1128 1139 1347 1177 Tarentum
1380 1138 1506 1175 delati
1537 1151 1559 1175 a

119 1213 234 1262 vagis
264 1226 336 1263 per
367 1225 484 1261 agros
516 1212 823 1263 pabulatoribus
853 1211 1049 1249 Romanis
1081 1211 1132 1249 ad
1159 1211 1205 1259 Q.
1225 1211 1438 1249 Claudium
1469 1223 1558 1260 pro-

119 1288 333 1336 praetorem
351 1285 618 1323 deducuntur.
679 1284 782 1322 Eum
799 1284 929 1334 primo
947 1284 1115 1321 incertis
1133 1284 1386 1334 implicantes
1402 1295 1567 1332 respon·
1587 1281 1610 1318 3

119 1357 185 1404 sis,
207 1360 251 1395 ut
275 1360 403 1395 metus
429 1359 723 1395 tormentorum
750 1356 934 1393 admotus
958 1356 1076 1393 fateri
1102 1369 1196 1393 vera
1224 1355 1371 1404 coegit,
1396 1354 1560 1392 edocue-

124 1432 231 1476 runt,
261 1429 418 1467 litteras
442 1443 483 1467 se
507 1429 557 1467 ab
583 1428 842 1467 Hasdrubale
869 1428 919 1466 ad
941 1428 1214 1465 Hannibalem
1237 1428 1354 1465 ferre.
1389 1426 1487 1464 Cum
1512 1425 1564 1462 iis
1584 1426 1608 1462 4

121 1501 281 1551 litteris,
293 1501 399 1539 sicut
415 1504 539 1548 erant,
556 1502 724 1550 signatis
742 1500 999 1550 L.Verginio
1016 1500 1181 1538 tribuno
1199 1500 1372 1537 militum
1391 1498 1564 1536 ducendi

122 1572 174 1611 ad
191 1572 405 1611 Claudium
429 1573 631 1611 consulem
653 1572 889 1618 traduntur;
919 1572 1006 1609 duae
1025 1573 1145 1610 simul
1161 1576 1304 1610 turmae
1325 1571 1564 1610 Samnitium
1584 1570 1606 1606 5

121 1645 303 1696 praesidii
347 1658 468 1683 causa
511 1646 655 1683 missae.
723 1644 805 1692 Qui
844 1644 914 1681 ubi
952 1643 1002 1682 ad
1042 1644 1244 1681 consulem
1284 1646 1565 1694 pervenerunt,

126 1718 349 1767 litteraeque
375 1717 487 1754 lectae
511 1730 584 1768 per
607 1717 866 1767 interpretem
893 1721 985 1754 sunt
1008 1721 1046 1753 et
1063 1729 1111 1752 ex
1130 1716 1299 1765 captivis
1315 1714 1564 1765 percontatio

123 1791 242 1837 facta,
265 1793 352 1827 tum
370 1789 575 1836 Claudius,
598 1803 678 1827 non
705 1789 746 1826 id
770 1792 926 1839 tempus
953 1802 1036 1826 esse
1063 1789 1123 1825 rei
1150 1788 1323 1837 publicae
1348 1790 1469 1833 ratus,
1488 1799 1567 1836 quo
1589 1786 1611 1821 6

126 1861 309 1900 consiliis
332 1861 549 1900 ordinariis
572 1861 789 1912 provinciae
814 1874 895 1899 suae
921 1861 1091 1910 quisque
1114 1860 1261 1898 finibus
1278 1873 1350 1910 per
1367 1859 1566 1896 exercitus

127 1947 219 1973 suos
235 1947 324 1971 cum
340 1933 454 1972 hoste
471 1933 672 1972 destinato
689 1935 739 1971 ab
756 1936 898 1971 senatu
914 1933 1064 1971 bellum
1083 1936 1257 1982 gereret3
1277 1931 1505 1970 audendum
1522 1943 1567 1968 ac
1588 1930 1608 1965 7

125 2005 351 2044 novandum
376 2006 532 2056 aliquid
557 2006 833 2056 improvisum,
861 2005 1124 2055 inopinatum,
1152 2005 1259 2054 quod
1285 2008 1456 2054 coeptum
1488 2016 1567 2040 non

127 2078 320 2116 minorem
344 2078 452 2128 apud
476 2078 582 2116 cives
607 2091 726 2128 quam
750 2078 884 2115 hostes
907 2080 1101 2114 terrorem
1116 2077 1278 2125 faceret,
1293 2078 1567 2126 perpetratum

128 2151 169 2188 in
185 2163 370 2200 magnam
388 2150 571 2188 laetitiam
588 2163 637 2188 ex
654 2163 797 2199 magno
815 2153 923 2187 metu
938 2152 1124 2197 verteret,
1140 2149 1289 2187 litteris
1298 2147 1571 2186 Hasdrubalis
1590 2146 1615 2182 8

127 2222 297 2260 Romam
329 2222 379 2259 ad
411 2226 592 2260 senatum
623 2222 767 2269 missis,
798 2222 917 2260 simul
957 2224 995 2259 et
1026 2221 1114 2271 ipse
1143 2224 1277 2271 patres
1308 2220 1571 2269 conscriptos,

130 2294 228 2345 quid
269 2297 395 2345 paret,
435 2294 585 2341 edocet,
630 2298 668 2332 et
708 2297 764 2341 ut,
810 2307 933 2343 quum
964 2293 1005 2330 in
1038 2293 1210 2330 Umbria
1241 2306 1281 2330 se
1313 2304 1569 2329 occursurum

129 2366 366 2405 Hasdrubal
404 2367 520 2403 fratri
558 2366 719 2413 scribat,
761 2366 958 2414 legionem
997 2379 1020 2402 a
1058 2364 1197 2415 Capua
1234 2365 1403 2402 Romam
1442 2376 1569 2401 arces-

131 2441 232 2485 sant,
272 2438 462 2476 dilectum
495 2438 633 2476 Romae
672 2438 860 2485 habeant,
901 2438 1120 2475 exercitum
1163 2436 1361 2474 urbanum
1393 2436 1444 2473 ad
1473 2434 1574 2474 Nar·
1594 2434 1616 2470 9

132 2510 240 2548 niam
264 2510 371 2548 hosti
394 2514 611 2561 opponant.
656 2510 755 2548 Haec
782 2513 923 2548 senatu
947 2509 1110 2559 scripta.
1157 2508 1362 2546 Praemissi
1386 2508 1480 2544 item
1505 2520 1577 2556 per
1596 2507 1647 2544 10

133 2594 274 2631 agrum
297 2581 544 2631 Larinatem,
569 2583 857 2629 Marrucinum,
884 2582 1143 2630 Frentanum,
1163 2579 1468 2625 Praetutianum,
1492 2591 1571 2628 qua

133 2653 354 2692 exercitum
381 2654 572 2692 ducturus
600 2658 697 2703 erat,
722 2657 766 2692 ut
789 2667 923 2692 omnes
948 2667 995 2691 ex
1020 2653 1127 2702 agris
1144 2652 1388 2702 urbibusque
1406 2664 1571 2689 comme-
