1789 2955
596 88 711 123 Liber
735 88 860 123 XXX.
911 89 970 132 (A.
998 88 1064 123 ch.
1087 89 1182 132 203.)
1518 91 1598 128 229

168 231 220 256 an
250 230 298 254 ex
328 216 600 266 trepidatione
631 219 827 254 nocturna
857 218 971 262 esset,
1009 215 1183 253 confusis
1215 228 1371 253 sensum
1402 215 1487 253 veri
1518 214 1601 253 adi-

172 289 316 326 mebat.
362 288 494 337 Igitur
524 300 597 337 pro
630 301 670 324 se
702 287 871 337 quisque
888 288 1068 334 inermes,
1090 290 1135 324 ut
1159 286 1304 336 quibus
1335 286 1436 323 nihil
1459 286 1604 324 hostile
1623 286 1646 323 3

169 363 395 410 suspectum
429 362 541 405 esset,
578 358 763 396 omnibus
787 359 925 409 portis,
960 372 1039 408 qua
1071 359 1214 408 cuique
1246 358 1474 407 proximum
1507 360 1603 406 erat.

168 445 214 469 ea
244 430 371 477 modo,
405 443 492 480 quae
523 430 808 479 restinguendo
841 430 926 478 igni
957 430 1100 476 forent,
1139 432 1358 479 portantes,
1390 429 1432 465 in
1463 441 1605 477 agmen

172 502 397 540 Romanum
441 502 619 539 ruebant.
697 501 854 548 Quibus
909 502 1024 539 caesis
1080 500 1278 550 omnibus,
1333 500 1645 549 praet¹erqua1n4

170 574 309 612 hostili
340 573 442 620 odio,
474 573 592 611 etiam
625 586 673 610 ne
700 574 789 622 quis
820 573 982 610 nuntius
1015 573 1227 621 refugeret,
1252 572 1450 622 extemplo
1469 570 1606 621 Scipio

169 646 375 696 neglectas
405 649 450 682 ut
481 644 522 681 in
568 645 642 682 tali
688 645 863 682 tumultu
902 646 1037 693 portas
1070 643 1245 690 invadit3
1293 643 1534 692 ignibusque
1565 643 1606 680 in
1625 644 1647 681 5

168 718 350 768 proxima
380 719 487 755 tecta
533 717 745 763 coniectis,
793 715 915 753 effusa
956 716 1113 752 flamma
1159 715 1288 764 primo
1327 715 1437 752 velut
1467 728 1606 764 sparsa

171 789 356 839 pluribus
402 789 500 826 locis
545 788 714 837 reluxit,
761 787 853 824 dein
900 801 971 837 per
1016 787 1205 825 continua
1244 799 1406 836 serpens
1437 799 1515 823 uno
1547 799 1605 823 re-

169 863 289 911 pente
321 860 453 898 onmia
484 860 669 897 incendio
702 859 845 896 hausit.
907 858 1098 896 Ambusti
1139 858 1317 896 homines
1351 857 1648 906 iumentaquess

169 932 276 970 foeda
306 932 479 982 primum
506 932 612 980 fuga,
644 931 735 968 dein
760 934 892 979 strage
921 930 1183 967 obstruebant
1214 929 1362 967 itinera
1389 932 1604 979 portarum.

171 1003 281 1051 Quos
312 1017 390 1042 non
423 1006 677 1053 oppresserat
707 1003 831 1051 ignis,
878 1002 982 1039 ferro
1016 1002 1233 1050 absumpti,
1264 1001 1439 1050 binaque
1471 1004 1598 1038 castra

168 1075 284 1113 clade
315 1089 395 1113 una
437 1074 580 1114 deleta.
640 1074 777 1112 Duces
822 1077 955 1111 tamen
983 1074 1097 1111 ambo
1146 1076 1184 1109 et
1230 1086 1277 1110 ex
1323 1075 1383 1109 tot
1428 1072 1649 1110 millibus?

171 1150 413 1186 armatorum
447 1147 525 1184 duo
557 1146 686 1183 millia
724 1145 901 1195 peditum
949 1149 988 1182 et
1033 1145 1243 1195 quingenti
1275 1144 1430 1194 equites
1459 1157 1604 1181 semer-

172 1233 266 1267 mes,
296 1232 439 1268 magna
469 1231 561 1268 pars
594 1217 720 1255 saucii
753 1217 958 1266 afflatique
991 1216 1190 1263 incendio,
1220 1216 1454 1264 effugerunt.
1495 1215 1605 1252 Caesa
1624 1216 1647 1251 8

171 1295 241 1329 aut
255 1291 398 1329 hausta
414 1290 582 1328 flammis
602 1288 652 1326 ad
680 1288 949 1338 quadraginta
974 1288 1100 1325 millia
1124 1288 1329 1325 hominum
1357 1290 1461 1334 sunt,
1488 1290 1603 1337 capta

170 1376 291 1414 supra
323 1363 502 1413 quinque
539 1362 687 1407 millia,
732 1360 849 1398 multi
889 1359 1277 1409 Carthaginiensium
1323 1359 1487 1406 nobiles,
1532 1372 1603 1396 un-

173 1435 302 1473 decim
334 1438 555 1480 senatores;
594 1433 709 1482 signa
755 1430 946 1469 militaria
987 1434 1143 1469 centum
1191 1431 1447 1481 septuaginta
1493 1431 1647 1480 quat-9

170 1510 274 1554 tuor,
306 1507 399 1557 equi
429 1505 636 1545 Numidici
669 1517 788 1554 supra
820 1503 899 1540 duo
931 1502 1055 1540 millia
1090 1503 1356 1553 septingenti3
1401 1502 1605 1552 elephanti

172 1592 239 1617 sex
273 1579 393 1629 capti,
425 1581 513 1616 octo
546 1578 650 1614 ferro
681 1576 917 1625 flammaque
950 1576 1161 1625 absumpti.
1206 1575 1356 1623 Magna
1386 1575 1445 1612 vis
1477 1588 1604 1612 armo-

171 1664 259 1688 rum
292 1654 427 1700 capta3
459 1663 505 1687 ea
536 1649 669 1687 omnia
699 1649 916 1698 imperator
948 1647 1131 1686 Vulcano
1162 1650 1317 1684 sacrata
1347 1647 1533 1684 incendit.

285 1721 522 1760 Hasdrubal
555 1734 601 1758 ex
630 1721 725 1770 fuga
749 1733 836 1757 cum
861 1719 997 1769 paucis
1015 1718 1207 1756 Afrorum
1232 1719 1371 1756 urbem
1388 1719 1608 1769 proximam

171 1794 358 1845 petierat,
391 1807 516 1843 eoque
534 1806 680 1839 omnes,
712 1793 782 1842 qui
798 1794 1045 1841 supererant,
1066 1791 1241 1839 vestigia
1258 1790 1368 1827 ducis
1386 1794 1607 1840 sequentes,

174 1878 216 1903 se
248 1865 519 1912 contulerant;
566 1868 673 1902 metu
706 1863 873 1911 deinde,
918 1877 967 1900 ne
1014 1862 1227 1901 dederetur
1260 1861 1461 1912 Scipioni,
1506 1862 1606 1900 urbe

174 1937 352 1975 excessit.
413 1936 509 1974 Mox
540 1936 676 1974 eodem
708 1935 943 1986 patentibus
976 1935 1102 1985 portis
1134 1935 1307 1973 Romani
1340 1935 1504 1985 accepti,
1537 1948 1607 1972 nec
1628 1934 1651 1970 2

175 2010 391 2060 quicquam
422 2009 589 2056 hostile,
635 2008 730 2057 quia
774 2007 982 2045 voluntate
1014 2010 1291 2045 concesserant
1323 2007 1363 2044 in
1397 2006 1605 2052 dicionem,

173 2081 332 2119 factum.
394 2080 497 2118 Duae
539 2078 706 2117 subinde
746 2080 864 2118 urbes
903 2082 1028 2129 captae
1059 2079 1318 2129 direptaeque.
1380 2079 1440 2116 Ea
1470 2079 1607 2128 praeda

173 2156 213 2191 et
243 2166 330 2203 quae
363 2153 505 2190 castris
538 2152 708 2190 incensis
741 2165 788 2189 ex
819 2152 909 2200 igne
941 2154 1056 2201 rapta
1098 2154 1205 2198 erat,
1254 2151 1375 2188 militi
1422 2164 1607 2188 concessa

174 2228 247 2264 est.
309 2223 471 2274 Syphax
518 2227 607 2262 octo
647 2224 817 2261 millium
863 2224 984 2260 ferme
1030 2223 1123 2260 inde
1169 2223 1298 2273 spatio
1337 2223 1423 2261 loco
1454 2223 1649 2261 munito3

178 2295 376 2343 consedit3
421 2296 656 2334 Hasdrubal
703 2295 988 2345 Carthaginem
1036 2295 1261 2341 contendit,
1307 2308 1356 2332 ne
1403 2294 1503 2344 quid
1536 2307 1608 2344 per

176 2371 323 2405 metum
368 2382 417 2406 ex
461 2368 614 2406 recenti
662 2367 773 2405 clade
811 2367 972 2404 mollius
1005 2367 1290 2404 consuleretur.
1354 2365 1442 2412 Quo
1474 2366 1653 2403 tantus4

175 2440 306 2490 primo
336 2443 468 2478 terror
499 2443 559 2478 est
583 2439 740 2487 allatus,
765 2442 821 2487 ut,
855 2439 998 2476 omissa
1016 2437 1149 2487 Utica,
1170 2437 1453 2486 Carthaginem
1472 2436 1607 2475 crede-

175 2514 268 2549 rent
298 2512 495 2562 extemplo
515 2509 744 2561 Scipionem
765 2511 1030 2549 obsessurum.
1070 2509 1262 2547 Senatum
1292 2509 1427 2559 itaque
1453 2509 1612 2555 sufetes,
1631 2509 1654 2546 5

175 2582 283 2633 quod
327 2583 438 2620 velut
469 2583 674 2621 consulare
706 2583 917 2633 imperium
965 2581 1070 2632 apud
1111 2594 1176 2619 eos
1208 2584 1304 2627 erat,
1351 2585 1607 2619 vocaverunt.

175 2653 241 2692 Ibi
255 2654 386 2692 tribus
402 2656 617 2694 sententiis
635 2658 858 2701 certatmn,
877 2667 955 2691 una
973 2652 1020 2691 de
1038 2665 1134 2702 pace
1147 2653 1302 2702 legatos
1319 2652 1369 2690 ad
1382 2650 1612 2703 Scipionem
1631 2654 1654 2690 6
