1789 2955
511 72 626 108 Liber
650 72 840 108 XXVIII.
889 75 948 116 (A.
977 74 1042 109 Oh.
1069 76 1164 118 206.)
1474 79 1551 116 153

114 213 193 250 ego
245 200 406 248 vulgari
455 200 610 238 facinus
654 214 725 250 per
770 214 905 238 omnes
949 202 1069 238 velim
1101 201 1301 251 (equidem
1347 204 1380 240 si
1423 206 1552 241 totum

118 272 335 310 exercitum
367 285 494 308 meum
525 276 690 310 mortem
722 272 820 309 mihi
859 276 1017 322 optasse
1057 274 1271 323 crederem,
1314 275 1379 311 hic
1420 276 1551 313 statim

114 347 211 381 ante
235 344 373 380 oculos
395 348 547 381 vestros
572 357 759 391 morerer,
782 357 854 381 nec
879 357 939 381 me
964 345 1046 381 vita
1071 345 1230 383 iuvaret
1251 346 1379 383 invisa
1397 347 1553 384 civibus

113 418 159 452 et
188 415 387 452 militibus
418 416 547 464 meis),
587 417 656 454 sed
695 415 911 452 multitudo
945 416 1073 454 omnis
1112 418 1215 454 sicut
1253 420 1398 455 natura
1436 419 1556 455 maris
1578 419 1625 455 11

116 499 190 536 per
220 499 262 524 se
293 487 511 524 immobilis
543 491 621 533 est3
667 490 713 524 ut
741 487 852 524 venti
884 490 924 524 et
955 501 1062 524 aurae
1095 489 1209 535 cient,
1255 489 1311 525 ita
1349 493 1418 526 aut
1447 493 1551 526 tran-

112 558 288 607 quillum
329 562 398 594 aut
435 559 621 607 procellae
663 559 703 595 in
744 559 858 596 vobis
897 562 1008 604 sunt;
1054 562 1094 596 et
1132 573 1251 597 causa
1290 564 1409 610 atque
1440 561 1552 610 origo

118 630 246 667 omnis
286 630 434 667 furoris
474 644 594 679 penes
637 634 820 667 auctores
860 634 928 676 est,
958 644 1028 668 vos
1060 632 1298 680 contagione
1328 633 1553 678 insanistis3

111 701 188 751 qui
219 701 318 738 mihi
349 715 397 738 ne
429 701 547 738 hodie
580 701 742 751 quidem
773 702 875 739 scire
907 701 1110 749 videmini,
1143 716 1219 752 quo
1251 704 1433 741 amentiae
1464 716 1554 753 pro·
1576 704 1625 740 12

118 773 245 821 gressi
275 773 375 820 sitis⁷
408 773 505 823 quid
528 774 714 810 facinoris
739 774 780 810 in
804 787 876 818 me,
908 774 1004 822 quid
1029 774 1069 810 in
1093 775 1262 823 patriam
1287 779 1552 825 parentesque

114 857 162 882 ac
193 845 341 882 liberos
371 848 536 891 vestros,
582 845 679 894 quid
710 846 751 882 in
781 845 874 883 deos
906 847 1143 883 sacramenti
1175 850 1308 892 testes,
1356 846 1454 896 quid
1485 847 1552 884 ad-

114 929 255 953 versus
287 917 476 966 auspicia,
522 917 594 954 sub
626 917 773 966 quibus
804 917 1000 963 militatis,
1046 917 1143 966 quid
1182 918 1371 955 adversus
1403 932 1553 956 morem

118 988 276 1024 militiae
302 987 637 1038 disciplinamque
660 989 866 1034 maiorum,
899 989 995 1037 quid
1021 989 1209 1026 adversus
1234 990 1377 1027 summi
1395 990 1554 1039 imperii

115 1060 365 1097 maiestatem
410 1061 497 1097 ausi
541 1060 641 1098 sitis.
702 1060 766 1097 De
811 1073 871 1096 me
914 1060 1000 1109 ipso
1045 1062 1181 1107 tace03
1226 1065 1376 1099 temere
1421 1062 1555 1111 potius
1578 1061 1626 1098 13

111 1144 235 1180 quam
267 1131 381 1169 avide
413 1132 686 1178 credideritis3
733 1131 765 1168 is
796 1131 967 1180 denique
999 1144 1072 1179 ego
1112 1133 1196 1179 sim,
1242 1135 1353 1170 cuius
1392 1134 1553 1183 imperii

113 1202 265 1240 taedere
310 1204 531 1240 exercitum
578 1203 737 1240 minime
783 1204 1010 1240 mirandum
1057 1204 1129 1250 sit;
1185 1205 1316 1254 patria
1362 1205 1458 1254 quid
1505 1205 1554 1241 de

116 1274 230 1311 vobis
262 1279 471 1322 meruerat⁷
502 1288 620 1324 quam
653 1289 740 1312 cum
765 1275 983 1312 Mandonio
1017 1278 1057 1312 et
1089 1276 1261 1313 Indibili
1288 1276 1553 1314 consociando

112 1346 288 1383 consilia
310 1346 573 1396 prodebatis?
618 1347 716 1396 quid
746 1347 919 1397 populus
945 1347 1162 1394 Romanus,
1190 1361 1311 1397 quum
1350 1348 1557 1397 imperium
1581 1347 1631 1384 14

111 1418 295 1455 ablatum
326 1418 376 1455 ab
407 1419 581 1456 tribunis
614 1418 802 1467 suffragio
835 1419 975 1468 populi
1008 1420 1152 1456 creatis
1185 1419 1235 1456 ad
1265 1419 1444 1456 homiues
1469 1419 1552 1469 pri-

114 1493 227 1527 vatos
257 1490 470 1536 detulistis,
519 1503 638 1539 quum
672 1504 716 1527 eo
749 1492 834 1539 ipso
867 1504 946 1527 non
977 1492 1168 1536 contenti,
1207 1492 1241 1528 si
1274 1505 1347 1540 pro
1378 1491 1552 1528 tribunis

116 1562 209 1599 illos
234 1562 450 1608 haberetis,
482 1563 608 1599 fasces
626 1563 879 1611 imperatoris
909 1563 1034 1600 vestri
1057 1563 1107 1599 ad
1131 1576 1208 1609 eos,
1233 1563 1380 1612 quibus
1403 1576 1552 1608 servus,

111 1634 180 1670 cui
206 1634 458 1683 imperarent,
481 1647 685 1683 nunquam
709 1636 849 1680 fuerat,
875 1634 1079 1671 Romanus
1104 1635 1302 1671 exercitus
1320 1634 1552 1671 detulistis?

115 1705 166 1742 In
205 1707 392 1755 praetorio
431 1706 690 1743 tetenderunt
730 1705 878 1743 Albius
918 1710 957 1743 et
987 1705 1151 1752 Atrius;
1198 1706 1406 1743 classicum
1446 1706 1553 1755 apud
1575 1705 1624 1742 15

116 1791 182 1815 eos
207 1778 372 1823 cecinit;
405 1778 560 1826 signum
585 1777 634 1814 ab
659 1778 707 1814 iis
731 1778 899 1827 petitum
917 1782 994 1824 est3
1028 1777 1218 1814 sederunt
1235 1778 1275 1814 in
1291 1777 1489 1814 tribunali
1506 1777 1551 1814 P.

115 1848 332 1899 Scipionis3
372 1849 491 1887 lictor
528 1849 735 1899 apparuit;
773 1854 968 1887 summoto
1000 1850 1269 1896 incesserunt;
1306 1850 1431 1886 fasces
1462 1862 1550 1886 cum

108 1922 320 1958 securibus
359 1920 518 1970 praelati
569 1925 672 1958 sunt.
731 1921 888 1970 Lapide
928 1922 1068 1971 pluere
1111 1925 1150 1958 et
1189 1921 1357 1958 fulmina
1397 1921 1474 1958 iaci
1507 1920 1555 1957 de
1578 1922 1625 1958 16

112 1993 212 2030 caelo
257 1997 297 2029 et
339 1993 516 2030 insuetos
559 1993 663 2029 fetus
709 1993 897 2030 animalia
941 1993 1070 2038 edere,
1116 2006 1186 2031 vos
1233 1997 1422 2043 portenta
1467 2006 1551 2030 esse

111 2064 286 2113 putatis3
317 2064 391 2100 hoc
421 2068 481 2101 est
511 2067 751 2113 portentum,
785 2064 894 2114 quod
917 2066 1041 2102 nullis
1064 2065 1217 2112 hostiis,
1248 2065 1374 2102 nullis
1400 2065 1551 2114 suppli-

112 2135 341 2172 cationibus
385 2135 470 2172 sine
516 2136 708 2184 sanguine
754 2150 908 2184 eorum,
954 2138 1023 2186 qui
1068 2140 1223 2174 tantum
1269 2137 1356 2174 ausi
1400 2137 1552 2173 facinus

112 2207 208 2253 sint,
253 2207 406 2256 expiari
451 2208 587 2256 possit.
649 2208 787 2256 Atque
829 2221 913 2257 ego,
961 2222 1188 2258 quanquam
1229 2209 1385 2245 nullum
1428 2207 1556 2244 scelus
1645 2203 1700 2252 28

113 2279 310 2316 rationem
350 2279 481 2324 habet,
525 2284 669 2325 tamen,
715 2284 759 2316 ut
797 2279 838 2316 in
876 2293 919 2316 re
951 2280 1115 2327 nefaria,
1161 2293 1249 2329 quae
1281 2293 1400 2325 mens,
1446 2278 1552 2327 quod

112 2350 329 2388 consilium
368 2355 544 2387 vestrum
576 2351 708 2396 fuerit,
754 2351 855 2388 scire
884 2352 1015 2389 velim.
1076 2351 1248 2400 Regium
1281 2351 1480 2400 quondam
1515 2350 1556 2387 in
1576 2351 1598 2386 2

116 2421 349 2472 praesidium
381 2422 499 2459 missa
529 2423 646 2470 legio,
677 2423 898 2460 interfectis
929 2436 1000 2472 per
1031 2424 1158 2460 scelus
1181 2422 1433 2472 principibus
1458 2422 1552 2459 civi-

117 2494 226 2542 tatis,
258 2493 393 2531 urbem
427 2494 658 2543 opulentam
689 2507 760 2544 per
784 2494 919 2531 decem
945 2508 1068 2532 annos
1091 2495 1231 2540 tenuit,
1261 2498 1426 2543 propter
1449 2493 1556 2543 quod
1576 2493 1598 2530 3

117 2566 270 2602 facinus
300 2569 385 2603 tota
416 2566 533 2614 legio,
580 2566 708 2603 millia
739 2565 942 2602 hominum
975 2569 1176 2615 quattuor,
1222 2566 1261 2602 in
1293 2566 1379 2603 foro
1411 2565 1550 2603 Romae

119 2639 250 2675 securi
281 2637 459 2688 percussi
490 2641 593 2675 sunt.
654 2637 734 2674 Sed
767 2638 828 2674 illi
859 2638 1031 2687 primum
1064 2651 1142 2674 non
1175 2637 1339 2675 Atrium
1364 2637 1556 2675 Umbrum
1577 2637 1601 2673 4
