1789 2955
568 87 683 123 Liber
709 87 832 123 XXX.
883 88 942 132 (A.
970 89 1034 124 Ch.
1061 90 1154 133 203.)
1493 95 1574 131 227

146 214 318 251 materia
350 214 605 261 exaedificata,
639 215 775 264 lignea
813 216 934 253 ferme
972 219 1056 254 tota
1088 220 1212 254 erant.
1272 217 1454 255 Numidae
1486 231 1583 267 prae-
1603 219 1625 255 9

147 286 264 335 cipue
296 286 489 323 arundine
520 288 652 333 textis,
686 290 894 336 storeaque
939 301 1030 336 pars
1072 289 1243 326 maxima
1273 290 1401 336 tectis,
1431 291 1578 339 passim

144 357 254 395 nullo
286 357 435 404 ordine,
468 358 644 407 quidam,
676 362 721 396 ut
751 359 835 396 sine
869 360 1035 408 imperio
1068 361 1270 409 occupatis
1314 361 1433 407 locis,
1464 365 1578 399 extra

146 428 291 466 fossam
339 430 456 466 etiam
502 430 732 479 vallumque
779 430 1027 468 habitabant.
1096 431 1195 468 Haec
1240 432 1368 470 relata
1400 432 1584 483 Scipioni
1602 432 1653 470 lO

149 514 255 550 spem
306 502 481 538 fecerant
521 505 651 539 castra
698 502 869 538 hostium
917 515 986 552 per
1033 503 1274 541 occasionem
1322 504 1575 542 incendendi.

147 571 246 609 Cum
279 571 435 621 legatis,
467 586 564 621 quos
596 573 772 610 mitteret
803 573 852 610 ad
883 572 1121 623 Syphacem,
1167 575 1349 612 calonum
1382 577 1468 614 loco
1499 577 1579 625 pri-

144 655 228 680 mos
259 643 419 681 ordines
450 648 638 693 spectatae
669 645 830 682 virtutis
862 648 981 694 atque
1013 646 1235 696 prudentiae
1271 648 1406 684 servili
1438 647 1579 685 habitu

145 714 342 761 mittebat,
373 716 453 764 qui,
487 715 579 753 dum
612 716 652 753 in
684 717 886 766 colloquio
912 717 1034 766 legati
1058 721 1198 764 essent,
1229 718 1322 768 vagi
1350 732 1422 769 per
1440 723 1581 766 castra,
1599 720 1622 756 2

148 786 253 824 alius
285 787 383 835 alia,
417 787 549 824 aditus
582 789 791 838 exitusque
823 802 966 835 omnes.
997 789 1115 826 situm
1146 790 1391 840 formamque
1423 794 1462 828 et
1492 791 1577 828 uni-

144 871 350 896 versorum
396 861 615 896 castrorum
663 864 703 897 et
742 861 937 910 partium,
984 875 1062 910 qua
1101 860 1236 906 Poeni,
1285 875 1364 911 qua
1395 862 1578 900 Numidae

141 929 347 969 haberent.
381 934 573 980 quantum
600 932 805 969 intervalli
832 933 936 969 inter
952 932 1219 970 Hasdrubalis
1245 947 1289 970 ac
1315 934 1425 982 regia
1449 938 1579 972 castra

143 1006 256 1048 esset,
283 1003 586 1052 specularentur
609 1017 837 1053 moremque
863 1005 982 1041 simul
1009 1008 1218 1042 noscerent
1244 1005 1461 1043 stationum
1479 1006 1578 1054 vigi·
1599 1006 1622 1043 3

144 1073 380 1124 liarumque,
398 1078 513 1112 nocte
531 1088 579 1111 an
598 1076 774 1113 interdiu
792 1076 1098 1126 opportuniores
1126 1076 1411 1114 insidiantibus
1430 1082 1579 1123 essent;

144 1149 184 1183 et
212 1147 317 1183 inter
349 1146 488 1184 crebra
519 1147 721 1196 colloquia
766 1148 836 1184 alii
876 1151 994 1197 atque
1037 1148 1105 1185 alii
1152 1148 1201 1185 de
1233 1149 1452 1197 industria,
1500 1162 1578 1198 quo

150 1217 334 1267 pluribus
365 1219 496 1256 omnia
528 1222 621 1256 nota
658 1224 800 1266 essent,
831 1219 1105 1257 mittebantur.
1154 1220 1286 1267 Quum
1318 1221 1464 1270 saepius
1498 1221 1624 1269 agi-4

143 1292 228 1327 tata
260 1303 323 1328 res
354 1291 562 1328 certiorem
595 1303 703 1340 spem
735 1292 845 1341 pacis
876 1292 917 1328 in
948 1291 1032 1328 dies
1070 1296 1107 1328 et
1139 1290 1310 1342 Syphaci
1341 1296 1381 1330 et
1413 1292 1578 1330 Cartha-

145 1361 392 1410 giniensibus
423 1375 495 1411 per
527 1375 615 1399 eum
645 1362 806 1411 faceret,
840 1363 961 1410 legati
978 1363 1152 1401 Romani
1182 1364 1329 1401 vetitos
1360 1377 1400 1401 se
1432 1364 1581 1402 reverti

145 1433 197 1470 ad
229 1433 511 1483 imperatorem
539 1434 662 1481 aiunt,
692 1434 771 1471 nisi
795 1438 945 1471 certum
970 1449 1202 1485 responsum
1234 1435 1369 1482 detur;
1402 1434 1624 1485 proinde,5

153 1517 223 1543 seu
240 1505 318 1555 ipsi
335 1508 459 1543 staret
478 1505 556 1543 iam
573 1506 780 1553 sententia,
790 1510 1009 1554 promeret,
1028 1520 1097 1545 seu
1115 1507 1378 1545 consulendus
1396 1508 1578 1545 Hasdru-

145 1577 212 1615 bal
230 1580 271 1614 et
288 1576 645 1627 Carthaginienses
663 1581 804 1625 essent,
823 1579 1066 1625 consuleret,
1084 1584 1240 1629 tempus
1257 1593 1340 1617 esse
1359 1583 1427 1616 aut
1442 1592 1579 1628 pacem

145 1649 332 1699 componi
364 1652 433 1687 aut
458 1649 610 1687 bellum
637 1650 795 1688 naviter
822 1651 919 1700 geri.
966 1650 1075 1688 Dum
1108 1651 1331 1688 consulitur
1349 1650 1584 1689 Hasdrubal
1602 1652 1625 1688 6

146 1721 195 1758 ab
228 1713 424 1771 Syphace,
458 1721 507 1758 ab
540 1721 799 1760 Hasdrubale
832 1721 1205 1773 Carthaginienses,
1239 1726 1278 1760 et
1309 1723 1581 1773 speculatores

149 1793 283 1830 omnia
312 1793 472 1831 visendi
498 1796 537 1830 et
554 1792 691 1843 Scipio
723 1793 772 1831 ad
799 1794 1065 1844 comparanda
1088 1808 1143 1842 ea,
1175 1808 1262 1845 quae
1290 1795 1331 1832 in
1354 1809 1437 1832 rem
1455 1798 1580 1835 erant.

148 1869 306 1915 tempus
337 1865 496 1912 habuit3
528 1868 566 1903 et
598 1878 647 1903 ex
663 1866 863 1903 mentione
890 1879 933 1903 ac
960 1880 1028 1916 spe
1052 1867 1161 1916 pacis
1178 1867 1437 1916 negligentia,
1467 1869 1511 1904 ut
1528 1866 1585 1913 fit,
1603 1866 1624 1901 7

148 1936 255 1987 apud
301 1937 447 1976 Poenos
493 1937 789 1987 Numidamque
836 1942 922 1976 orta
968 1939 1153 1987 cavendi,
1198 1953 1247 1977 ne
1292 1939 1389 1988 quid
1434 1938 1580 1976 hostile

151 2008 313 2046 interim
344 2012 592 2059 paterentur.
647 2009 827 2047 Tandem
858 2010 1027 2047 relatum
1058 2024 1303 2061 responsum,
1336 2009 1628 2060 quibusdam,8

150 2080 245 2129 quia
275 2081 393 2119 nimis
439 2094 583 2131 cupere
614 2080 819 2119 Romanus
865 2095 1002 2132 pacem
1034 2082 1268 2129 videbatur,
1314 2083 1462 2132 iniquis
1508 2095 1581 2132 per

150 2152 399 2191 occasionem
419 2153 598 2200 adiectis,
616 2166 703 2202 quae
722 2157 1020 2204 peropportune
1047 2155 1224 2204 cupienti
1244 2154 1388 2192 tollere
1406 2154 1581 2191 indutias

153 2222 337 2274 Scipioni
369 2238 525 2263 causam
558 2225 784 2275 praebuere3
816 2239 860 2262 ac
890 2226 1032 2263 nuntio
1064 2226 1179 2275 regis,
1213 2239 1334 2276 quum
1366 2225 1627 2264 relaturum9

152 2309 193 2333 se
226 2297 277 2334 ad
308 2297 518 2334 consilium
547 2297 723 2344 dixisset,
755 2301 912 2347 postero
939 2298 1002 2335 die
1022 2298 1241 2348 respondit,
1274 2311 1314 2335 se
1338 2311 1416 2335 uno
1433 2298 1582 2335 frustra

147 2367 354 2415 tendente,
383 2369 488 2406 nulli
503 2369 572 2407 alii
589 2383 727 2419 pacem
746 2370 963 2419 placuisse3
994 2370 1246 2407 renuntiaret
1261 2369 1399 2419 igitur,
1429 2369 1580 2407 nullam

148 2439 267 2478 aliam
298 2453 407 2490 spem
440 2441 569 2490 pacis,
610 2454 729 2491 quam
774 2441 926 2479 relictis
958 2440 1372 2490 Carthaginiensibus,
1406 2439 1581 2491 Syphaci

152 2523 239 2548 cum
272 2511 466 2550 Romanis
497 2526 592 2552 esse.
638 2514 704 2551 Ita
730 2514 838 2551 tollit
865 2514 1052 2560 indutias,
1082 2516 1127 2550 ut
1157 2513 1286 2551 libera
1315 2512 1393 2550 fide
1426 2513 1588 2562 incepta
1607 2512 1658 2551 10

153 2587 452 2632 exsequeretur;
498 2584 759 2635 deductisque
804 2586 972 2623 navibus
1005 2585 1061 2632 (et
1092 2585 1170 2622 iam
1200 2585 1307 2622 veris
1338 2585 1581 2635 principium

150 2651 254 2706 erat)
286 2654 488 2694 machinas
503 2659 793 2707 tormentaque,
824 2657 934 2695 velut
961 2670 983 2694 a
1007 2657 1109 2694 mari
1127 2669 1388 2706 aggressurus
1406 2656 1579 2705 Uticam,

1243 2724 1306 2759 15*

1667 573 1698 621 4
