1789 2955
790 80 848 114 IX

66 194 188 230 'modo
213 194 398 229 Horatius
422 194 510 229 ludo
537 194 805 238 fatigatumque
833 204 961 227 somno
988 193 1100 236 discit,
1138 193 1198 229 sed
1223 193 1299 228 iam
1325 193 1507 228 Homerus

84 254 216 301 καμάτῳ
241 254 388 295 adquam,-
414 254 465 296 ἠδὲ
491 257 543 286 καὶ
570 256 675 301 time&
700 261 849 284 somnus
870 261 952 285 cum
977 251 1076 292 lud0,
1101 251 1238 291 labore,
1264 250 1400 295 vigiliis
1426 261 1507 285 con-

83 308 263 353 iunyitur,
289 310 331 343 ut
354 307 584 352 significetur
609 308 857 341 somnolentia
881 318 925 342 ex
950 307 999 342 iis
1026 309 1118 343 orta.
1168 307 1332 342 Similem
1357 318 1507 342 ezrcusa-

86 365 218 400 tionem
242 364 369 409 aliqua
393 375 437 399 ea*
456 366 566 408 parte
589 364 721 409 recipit
742 363 791 405 id,
817 363 910 408 quod
936 375 962 398 c.
989 365 1034 398 49
1059 375 1133 398 non
1169 374 1281 399 ausus
1317 374 1394 398 sum
1432 375 1508 398 mu-

85 423 178 463 tare,
229 422 434 456 abnuentes
482 420 595 456 taedio
646 425 683 455 et
730 421 872 457 labore,
914 421 981 456 etsi
1023 420 1207 466 probabile
1254 421 1364 456 etiam
1410 431 1509 455 nime

85 477 246 520 videtur,
283 478 378 522 quod
409 489 454 513 ex
494 489 573 512 mea
610 478 820 512 coniectura
856 477 1039 513 Luclisius
1071 478 1211 522 posuit,
1250 478 1365 513 taedio
1404 478 1506 512 labo-

85 545 180 576 rem,
211 534 305 579 quod
337 535 567 570 acmisativus
603 546 694 580 oeyre
730 534 986 578 desideratur.)
1029 533 1210 577 XLVIII,
1250 536 1293 568 14
1336 534 1509 568 dextrum

85 590 232 633 XLIX,
276 592 297 625 2
339 592 494 636 regendi
531 603 634 636 spem
677 591 896 626 incidissent
941 593 962 625 3
999 592 1113 626 taedio
1146 592 1312 626 laborem
1348 593 1368 624 7
1407 592 1508 633 quat—

83 650 170 681 tuor
210 648 312 682 milia
342 650 363 682 9
399 648 461 682 si.
490 675 498 682 .
524 674 532 681 .
569 649 751 690 mittatur,
788 659 897 693 posse
936 659 1063 682 omnes
1102 649 1233 682 deleri:
1274 648 1504 692 „supersinff‘

82 703 144 746 LI,
183 705 204 738 9
241 705 438 749 omniaque
476 707 519 740 10
557 705 753 747 (Dubitari
791 706 917 749 potest,
962 716 1012 739 an
1047 716 1118 749 pro
1155 705 1288 745 movit,
1328 703 1422 748 quod
1459 704 1507 738 Pi.

88 761 280 805 omittunt,
313 761 476 806 quodque
511 763 627 797 statui
652 763 707 797 rei
726 762 883 807 publicae
914 762 955 796 in
992 762 1152 797 deterius
1187 763 1326 796 mutato
1359 763 1395 796 et
1428 771 1510 795 con-

83 829 184 854 cusso
219 819 464 864 siqnificando
502 820 624 864 aptius
660 819 814 862 videtur,
852 819 984 854 Livius
1021 818 1125 854 aliud
1160 818 1305 853 verbum
1332 817 1510 862 posuerit,

82 875 181 910 velut
202 875 390 918 firmavit.)

138 932 239 967 mih.
265 932 406 968 xxvm.
469 932 557 977 Cap.
595 933 620 975 I,
658 935 678 966 9
716 933 864 968 Silanus
902 936 1004 968 ratus
1046 932 1119 968 III.
1164 934 1185 966 :2
1222 935 1348 966 tamen
1391 932 1508 965 hosti-

87 989 153 1023 bus
180 990 222 1023 12
247 1000 342 1024 caesa
365 989 468 1033 (Non
486 991 608 1034 potest
641 989 688 1024 ad
720 1001 795 1024 non
825 1001 930 1024 secus
967 1002 1077 1034 quam
1104 988 1258 1032 traduci,
1283 989 1377 1033 quod
1397 989 1448 1034 fit
1469 989 1507 1023 in

87 1046 371 1091 comparatione,
399 1046 537 1082 duobus
560 1047 799 1082 substantivis
818 1047 970 1091 positis:
1009 1047 1126 1091 magis
1161 1046 1276 1090 pedes
1310 1058 1417 1090 quam
1454 1057 1510 1079 ar-

83 1114 160 1146 ma3
177 1103 362 1148 facillime
382 1104 630 1149 participium
649 1104 870 1148 praecedenti
893 1104 1120 1139 substantivo
1146 1114 1169 1138 a
1194 1103 1349 1137 librario
1375 1113 1510 1138 accom-

84 1159 312 1195 modabatur.
337 1162 431 1196 1863
462 1163 497 1196 et
519 1162 640 1205 1³82.)
690 1163 733 1195 14
758 1161 927 1195 additum
964 1163 1045 1195 erat
1081 1162 1119 1194 et
1150 1160 1369 1194 triariorum
1395 1160 1510 1203 equiti

83 1217 291 1262 (M9.1882.
307 1217 552 1263 Manifestum
566 1220 647 1252 crat
668 1217 838 1252 mendum
848 1229 858 1261 ;
882 1229 967 1252 nam
982 1228 1047 1252 nec
1067 1216 1179 1261 equiti
1193 1216 1298 1251 celeri
1304 1219 1356 1252 ter
1362 1227 1511 1262 proyre-

83 1273 200 1309 clienti
236 1275 393 1320 adiungi
425 1277 578 1319 poterat
614 1275 875 1320 gravissimum
910 1276 1014 1310 oetate
1055 1274 1216 1308 militum
1249 1284 1380 1318 yerms,
1418 1273 1512 1318 quod

80 1341 218 1375 semper
231 1331 273 1366 in
284 1331 459 1366 subsidiis
478 1332 716 1374 retinebatur,
736 1343 800 1367 nec
821 1332 959 1375 triarii,
981 1331 1075 1375 quod
1089 1331 1200 1365 robur
1219 1333 1301 1365 erat
1318 1331 1511 1375 leqionum,

83 1387 299 1432 legionariis
323 1390 507 1424 contrarii
524 1389 618 1434 poni
644 1401 666 1424 a
692 1389 802 1424 Livio
823 1391 1003 1433 poterant.
1056 1388 1154 1433 Quid
1184 1388 1226 1422 in
1253 1390 1331 1422 erat
1359 1391 1396 1421 et
1422 1388 1510 1422 tria-

80 1445 235 1490 riorum,
255 1457 327 1491 pro
352 1457 422 1492 quo
447 1465 487 1490 ay
519 1450 599 1481 erat
624 1450 661 1481 et
686 1436 905 1488 trianorum,
943 1453 958 1481 ὁ
997 1449 1077 1479 erat
1117 1448 1154 1479 et
1185 1445 1422 1479 traianorum
1446 1445 1509 1479 ha-

81 1501 173 1545 bent,
198 1502 335 1546 lateret,
369 1515 444 1539 non
475 1504 630 1548 difficile
667 1505 747 1538 erat
782 1504 944 1543 inventu,
984 1514 1095 1546 quum
1125 1503 1333 1547 prcesertim
1369 1502 1512 1537 caetrati

83 1559 181 1594 inter
205 1560 340 1596 milites
365 1561 572 1596 auxiliares
597 1561 790 1604 Hispanos
806 1560 995 1605 prcecipuo
1021 1560 1096 1594 loco
1130 1561 1454 1594 conmiemorentur
1478 1561 1514 1593 et

81 1616 181 1660 apud
206 1617 357 1652 Livium
388 1628 502 1662 saepe,
541 1616 841 1662 quemadmodum
873 1617 1082 1662 Kreyssiqii
1118 1617 1231 1651 indesr
1268 1616 1440 1652 ostendit,
1478 1618 1514 1651 et

81 1673 180 1718 apud
207 1674 411 1719 Gaesarem.)
441 1675 483 1718 V,
513 1677 529 1708 1
557 1675 852 1718 quinqueremes.
879 1674 992 1718 regiae
1018 1676 1055 1707 11
1082 1674 1235 1719 peltatis
1264 1673 1339 1716 (Ad
1362 1673 1510 1708 Livium

81 1732 117 1765 et
137 1730 299 1766 militum
319 1743 436 1776 ⁸qen‘us
468 1732 564 1767 nihil
583 1732 776 1776 pertinent
797 1732 949 1775 peltatae
973 1733 1084 1776 poetae
1109 1732 1328 1765 Amazones.
1365 1729 1511 1773 XXXI,

79 1788 126 1822 36
149 1789 186 1822 et
206 1787 402 1831 XXXIII,
428 1790 461 1831 4,
487 1789 549 1823 ubi
573 1789 616 1823 in
640 1788 760 1823 coclice
788 1787 823 1822 B
848 1788 1024 1823 scribitur
1048 1799 1140 1831 quos
1166 1788 1287 1832 peltas
1309 1787 1509 1832 appellant,

81 1844 279 1890 manifesto
306 1844 434 1881 Groeca
462 1846 593 1891 forma
628 1845 1017 1890 siynificatur.1863.)
1068 1844 1141 1887 VI,
1181 1846 1222 1878 12
1261 1844 1511 1889 Opuntiorum

79 1901 182 1936 urbis
207 1901 296 1945 VII,
322 1904 342 1937 3
365 1903 577 1948 (Philippus
605 1903 649 1936 ab
677 1930 683 1937 .
710 1929 716 1935 .
745 1928 751 1935 .
779 1902 981 1946 profectus,
1011 1902 1157 1936 deiecto
1184 1929 1191 1935 .
1218 1927 1225 1935 .
1253 1927 1259 1934 .
1286 1900 1510 1942 insidebant,

79 1969 191 2002 quum
218 1958 315 1994 Crev.
347 1961 383 1994 et
405 1959 481 2004 My.
520 1959 679 1994 Prorsus
715 1970 885 2003 perverse
921 1958 1134 2003 Philippus,
1173 1958 1235 2002 qui
1272 1957 1511 1992 Demetriade

81 2014 307 2060 Scotussam,
342 2016 427 2051 inde
458 2028 528 2061 per
553 2016 812 2061 Thermopylas
850 2014 1055 2050 Chalcidem
1088 2014 1312 2059 festinabat,
1345 2015 1511 2060 primum

81 2072 223 2108 AEtolos
249 2073 510 2119 Thermopylas
534 2073 735 2108 insidentes
760 2072 927 2107 deiecisse
952 2072 1103 2113 dicitur,
1130 2074 1205 2106 tum
1231 2083 1254 2105 a
1271 2071 1508 2106 Demetriade

82 2129 290 2165 Scotussam
306 2131 500 2176 profectus
536 2141 619 2165 esse.
668 2130 726 2164 De
761 2129 1108 2170 transpositionibus
1144 2128 1253 2163 huius
1286 2129 1431 2171 ‚ceneris
1468 2128 1507 2162 in

79 2186 246 2232 Psactis
270 2187 353 2222 disci
378 2187 459 2222 Em.
484 2187 564 2221 290.
590 2188 710 2230 1863.)
758 2188 778 2220 9
812 2188 848 2220 et
880 2187 919 2220 11
957 2186 1163 2220 Thronium
1197 2187 1238 2219 10
1277 2184 1414 2219 Oreum
1453 2188 1508 2219 est

79 2243 391 2288 profectus3inde
426 2245 430 2288 Ι
463 2244 611 2278 omissis
631 2244 742 2277 rebus
759 2244 800 2276 12
812 2246 927 2277 vastae
943 2244 985 2276 13
999 2242 1164 2276 Thronio
1191 2271 1198 2278 .
1225 2269 1232 2275 .
1260 2270 1267 2277 .
1294 2244 1447 2285 recepto
1485 2242 1490 2285 ξ

81 2299 303 2335 Tithronion
316 2301 470 2343 (Forma
491 2301 614 2335 minus
631 2302 731 2335 recta
744 2300 844 2345 apud
865 2311 930 2335 nos
951 2311 994 2334 er
1013 2299 1262 2344 super-ioribus
1287 2297 1510 2333 editionibus

81 2358 286 2401 remansit.)
322 2359 363 2391 17
377 2357 483 2392 audit
497 2384 504 2391 .
519 2383 526 2390 .
545 2383 552 2390 .
566 2355 791 2402 AEgiumque
808 2358 849 2391 18
863 2356 999 2401 (Oxeas
1017 2356 1114 2391 Crev.
1142 2355 1293 2390 Insulas
1308 2355 1460 2399 exiguas
1477 2356 1512 2388 et

75 2424 191 2459 prope
214 2414 362 2459 iqnotas
386 2414 517 2449 Livius
541 2414 604 2449 vioe
629 2414 725 2449 nude
750 2414 983 2455 nominasset,
1021 2424 1085 2448 nec
1115 2412 1260 2447 videtur
1296 2412 1347 2446 ibi
1376 2413 1509 2457 portus

83 2473 118 2506 et
137 2471 248 2507 statio
265 2471 406 2516 fuisse;
433 2470 589 2516 offendit
611 2471 722 2506 etiam
742 2471 970 2516 geminatum
995 2469 1102 2511 inde3
1128 2469 1251 2514 itaque
1271 2468 1376 2503 aliud
1397 2469 1509 2503 latere

82 2527 235 2563 videtur.
261 2529 379 2571 1863.)
443 2526 550 2566 VIII,
580 2529 601 2561 2
625 2528 717 2561 nulli
743 2528 825 2562 loco
858 2539 925 2562 nec
957 2526 1118 2570 tempori
1149 2525 1230 2569 IX,
1257 2527 1273 2559 1
1303 2526 1345 2569 Q.
1370 2525 1507 2559 Fabius

84 2583 269 2619 Maximus
294 2585 440 2630 legatus
468 2586 509 2619 13
534 2584 709 2619 adversus
748 2585 839 2619 duos
866 2585 996 2626 duces,
1036 2583 1128 2617 duos
1155 2582 1343 2616 exercitus
1370 2581 1506 2626 (Koch;
