1768 2943
920 80 1069 111 XXVIII

288 200 402 241 etiam)
434 198 478 232 13
510 196 680 241 (passuum
714 198 757 229 ab
784 198 869 228 I‘Iex.
905 198 955 227 ed.
983 197 1086 227 Frob.
1115 198 1217 230 1535.
1249 194 1365 233 codd„
1394 196 1505 226 Drak.
1534 206 1597 226 om.
1624 194 1692 238 ab.)

289 259 361 296 XL,
394 257 415 291 4
448 257 531 288 mari
563 267 602 288 ac
633 262 722 288 terra
752 267 772 287 a
797 267 814 286 e
838 256 924 288 coni.
949 256 1082 286 Ruben.
1131 254 1224 296 (Nos
1253 264 1273 285 a
1298 254 1483 285 omisimus.
1512 254 1543 284 Ρ
1564 263 1693 284 maeac-

289 321 559 354 terraacterraac,
584 315 698 346 Drak.
726 319 814 346 terra
840 320 896 346 aut
922 314 1096 345 maritimis
1122 313 1249 344 viribus
1273 312 1416 354 arceret)
1442 312 1486 344 12
1504 319 1693 349 conaretur,

289 375 389 406 etiam
421 373 528 416 (Edd.
560 377 641 405 vett.
674 374 706 404 Ρ
736 379 914 405 conaretur
945 378 979 404 et
1010 371 1128 413 etiam)
1160 370 1202 404 17
1235 370 1351 412 (atque
1378 370 1524 401 incensis
1543 375 1613 410 pro
1639 376 1695 401 aut

290 433 435 464 incensis
471 431 609 475 Duker)
646 432 735 470 XLI,
772 431 794 465 3
833 431 972 473 (Album
1011 431 1124 462 Drak.
1158 434 1227 469 pro
1258 428 1377 470 altum)
1409 428 1450 461 11
1477 427 1577 471 (socii
1603 433 1635 459 et
1661 428 1695 459 hi

289 491 470 529 Hertzius;
508 491 541 521 Ρ
569 501 613 521 m.
642 493 660 524 1
686 490 778 521 socie
811 494 843 521 et
875 490 922 528 hi,
955 500 998 520 m.
1032 492 1065 527 2,
1090 488 1204 518 Drak.
1232 487 1324 518 socia
1349 493 1382 518 et
1407 487 1477 518 haec
1504 511 1510 518 .
1540 510 1546 518 .
1574 510 1582 517 .
1609 486 1696 528 erat)

289 549 396 588 XLII,
434 549 456 583 3
493 549 558 580 iam
597 559 665 579 non
701 547 792 590 (Mg.
831 548 910 579 Em.
948 546 1032 590 344)
1069 544 1073 590 Ι
1108 556 1277 587 superque
1312 546 1421 587 ipsum
1453 543 1542 588 (Mg.
1569 545 1637 575 ibd.
1665 546 1698 579 P

290 605 526 647 superqipsas)
558 607 580 640 6
616 605 650 650 (a
686 607 786 638 fratre
816 607 910 637 Duk.
936 606 976 644 P,
1002 605 1115 636 Drak.
1151 603 1267 646 fratre)
1295 604 1314 637 7
1342 604 1431 636 Galli
1456 604 1609 645 plerique
1635 605 1695 634 mi-

290 664 365 695 lites
391 664 481 705 iique
507 675 569 705 pro
595 670 690 705 parte
716 676 733 696 e
757 665 840 696 coni.
877 665 985 696 Vallae
1015 662 1105 706 (fllg.
1131 663 1210 694 Em.
1236 665 1316 697 345.
1343 663 1377 694 P
1403 662 1696 703 aliipleriquilites-

291 722 459 763 siquepro.
510 724 624 754 Drak.
662 723 730 754 Alii
767 723 920 765 plerique
959 722 1092 760 milites,
1131 721 1219 752 sicut
1255 732 1318 762 pro
1354 719 1464 763 parte)
1501 720 1523 754 8
1561 727 1639 752 octo
1665 726 1698 751 et

291 781 554 823 quinquaginta;
581 786 614 813 et
640 781 748 823 spolia
772 780 821 824 (P
836 781 991 812 militaria
1007 780 1132 812 L.VIII
1156 780 1490 821 octosz'gnaetspolia.
1537 779 1697 810 Coniunc-

292 841 419 870 tionem
444 843 527 870 ante
551 840 660 881 spolia
685 851 728 871 ex
753 850 874 871 errore
899 843 933 870 et
956 840 1160 880 repetitione
1186 842 1300 869 ortam
1326 839 1453 869 delevit
1476 838 1549 878 1143.
1575 837 1698 867 Oratio

291 908 361 928 non
385 899 621 937 continuatur,
647 900 709 929 sed
732 899 956 941 transfertur
981 899 1030 928 ad
1052 898 1163 928 aliam
1189 896 1288 939 rem.)
1321 897 1342 930 9
1368 896 1450 939 (tam
1477 897 1505 927 l.
1533 895 1642 926 Periz.
1670 895 1704 925 P

292 959 325 986 et
351 957 463 987 Drak.
489 955 569 999 iam)
596 955 641 990 10
665 956 766 999 (quos
792 967 834 988 ex
859 957 899 987 iis
924 956 974 987 vis
1005 958 1112 987 Gron.
1141 957 1175 990 P
1198 966 1283 996 quos
1309 961 1343 986 et
1369 955 1447 993 suis,
1473 954 1586 984 Drak.
1613 963 1699 994 quos

292 1013 359 1057 vis)
388 1014 520 1052 XLIII,
553 1014 574 1048 3
606 1015 735 1046 fuerant
766 1016 842 1046 sine
871 1015 969 1046 uncis
1001 1012 1113 1056 (Uss.)
1146 1014 1167 1047 6
1193 1014 1399 1045 Centimalus
1425 1017 1459 1043 et
1483 1023 1525 1043 ex
1545 1012 1700 1052 privatis

292 1073 342 1104 M.
376 1073 508 1104 Atilius
538 1079 571 1104 et
604 1074 650 1104 M.
683 1073 838 1104 AEmilius
869 1073 908 1104 L.
944 1071 1156 1114 (Edebaturz
1200 1074 1366 1104 Praetores
1392 1072 1475 1102 fiunt
1507 1071 1551 1101 M.
1578 1070 1700 1101 Atilius

293 1138 336 1170 et,
363 1131 421 1172 qui
446 1136 516 1162 tum
543 1130 659 1163 aediles
685 1135 720 1162 et
738 1135 877 1172 postea:
906 1131 1126 1163 Centumalus
1153 1137 1186 1162 et
1211 1132 1258 1162 M.
1285 1131 1451 1162 AEmilius.
1500 1128 1599 1161 Corr.
1624 1129 1699 1169 Mg.

293 1191 372 1221 Em.
398 1192 468 1224 346
499 1201 517 1221 e
541 1191 585 1221 P:
618 1194 782 1230 praetores
819 1190 901 1221 fiunt
938 1190 1006 1221 cito
1044 1190 1100 1232 qui
1138 1195 1206 1220 tum
1244 1189 1387 1232 aediles.)
1423 1190 1445 1222 8
1482 1189 1585 1220 duxit.
1636 1187 1701 1218 His

293 1248 440 1279 comitiis
465 1247 512 1290 (P
542 1248 844 1280 hostestesauxiliis
878 1249 1034 1280 comitiis.
1092 1249 1206 1288 Quum
1231 1248 1337 1286 duxit,
1363 1249 1454 1290 quod
1484 1247 1600 1278 Weiss.
1627 1251 1702 1287 rep·

288 1307 396 1347 perit,
428 1306 466 1337 in
497 1307 589 1338 auxil
615 1311 787 1338 mutatum
813 1312 910 1346 esset,
943 1309 1067 1339 addita
1100 1307 1300 1338 terminatio
1327 1305 1400 1350 est.)
1451 1306 1574 1344 XLIV,
1601 1304 1622 1339 5
1647 1304 1700 1347 (C.

293 1365 453 1397 Terentio
479 1376 555 1397 curn
580 1366 715 1407 legione
741 1377 807 1398 una
832 1390 838 1397 .
867 1390 874 1398 .
903 1389 922 1404 .,
947 1366 1109 1398 Picenum
1134 1367 1207 1397 edd.
1240 1370 1320 1398 vett.
1348 1367 1380 1397 Ρ
1401 1364 1702 1407 legiounaquiiam-

293 1423 585 1465 praeeratpicenfi'.
648 1426 762 1456 Drak.
802 1426 839 1456 C.
878 1425 1038 1457 Terentio
1076 1425 1165 1466 legio
1203 1435 1280 1463 una,
1308 1449 1315 1456 .
1344 1448 1351 1456 .
1380 1449 1386 1455 .
1422 1430 1455 1456 et
1480 1420 1656 1465 Picenum)
1680 1421 1703 1455 8

293 1481 407 1524 (porta
438 1482 564 1514 Caietae
596 1484 845 1515 Luterbacher.
874 1485 908 1517 P
930 1488 1182 1524 portatactaeet.
1233 1483 1347 1514 Drak.
1373 1489 1480 1525 portae
1512 1488 1623 1519 tactae,
1657 1479 1703 1524 et)

297 1538 301 1584 Ι
342 1540 425 1572 aedis
465 1539 469 1585 Ι
509 1540 613 1584 (visas
659 1543 811 1573 Wesenb.
855 1541 972 1580 codd„
1011 1543 1125 1572 Drak.
1154 1528 1248 1585 visae)
1282 1542 1326 1575 10
1349 1542 1514 1583 (Probab.
1550 1541 1702 1573 Wesenb.

295 1599 357 1631 Cui
384 1609 486 1640 quum
519 1601 656 1632 obviam
687 1600 762 1644 cet.)
790 1601 894 1639 XLV,
920 1600 942 1634 2
973 1599 1151 1644 (descisset
1177 1601 1308 1631 illuret.
1335 1601 1369 1631 P
1390 1600 1561 1637 discesset,
1588 1599 1702 1629 Drak.

295 1658 520 1701 discessisset)
548 1657 551 1702 Ι
581 1660 802 1701 traxissetque
839 1661 929 1702 (Δίς.
961 1660 1040 1691 Em.
1074 1658 1158 1701 347)
1190 1658 1212 1692 3
1243 1659 1302 1699 (ab
1335 1659 1498 1700 stirpibus
1532 1658 1647 1689 Weiss.
1676 1656 1709 1686 Ρ

296 1717 684 1760 resurgerentturpibus)
713 1716 715 1761 Ι
745 1717 882 1760 (novam
898 1742 904 1749 .
922 1742 929 1749 .
945 1741 951 1748 .
967 1717 1181 1758 polliceatur,
1207 1718 1343 1749 aliunde
1369 1722 1430 1748 cet.
1449 1717 1524 1757 Mg.
1542 1717 1621 1747 Em.
1635 1717 1704 1749 347

296 1779 329 1806 et
358 1777 465 1807 Gran.
494 1778 528 1811 P
549 1777 705 1817 proditiis
736 1777 818 1818 polli
843 1777 908 1807 VII
940 1776 1038 1807 uirali
1069 1777 1195 1808 iudicio
1229 1782 1280 1808 est
1309 1783 1343 1808 et
1368 1774 1516 1818 semper)
1545 1773 1548 1818 Ι
1576 1773 1704 1811 hostis;

296 1834 340 1865 ad
365 1834 574 1866 Faleriorum
602 1859 608 1866 .
636 1859 643 1866 .
672 1859 679 1866 .
717 1836 779 1866 hoc
815 1835 1054 1866 documentum
1094 1841 1184 1866 esset
1219 1834 1309 1876 (Alg.
1349 1835 1427 1866 Em.
1457 1832 1540 1876 ibd.)
1577 1832 1599 1866 4
1626 1835 1660 1863 et
1683 1831 1705 1865 5

295 1892 405 1924 libera
435 1893 477 1924 de
512 1904 646 1935 quoque
678 1893 817 1924 arbitria
850 1904 949 1934 agere
980 1894 1104 1931 aiebat,
1131 1899 1178 1931 ut,
1205 1904 1281 1924 cum
1309 1918 1315 1925 .
1345 1917 1352 1924 .
1380 1917 1387 1924 .
1415 1893 1617 1929 desciscant,
1643 1894 1707 1921 aut

297 1955 333 1981 ut
365 1951 442 1982 novi
475 1952 714 1990 concilientur,
750 1952 988 1982 documentum
1022 1951 1121 1983 etiam
1154 1953 1283 1983 dicatur
1315 1952 1414 1983 statui
1444 1951 1491 1993 (P
1514 1951 1623 1982 libera
1647 1949 1705 1981 de-

298 2009 668 2051 quoqarbitereriagere
702 2006 861 2041 iaiebatet
894 2010 1010 2040 cuillut
1045 2034 1052 2040 .
1087 2034 1093 2041 .
1128 2037 1135 2044 .
1170 2010 1486 2051 atqeosagitandum
1513 2033 1520 2040 .
1548 2033 1554 2040 .
1583 2033 1590 2040 .
1618 2008 1705 2039 soci-

297 2069 426 2109 populo
458 2093 465 2100 .
494 2093 501 2100 .
529 2093 536 2100 .
571 2068 1020 2100 desciscantetnonvocitent
1047 2092 1053 2099 .
1082 2092 1088 2099 .
1118 2091 1124 2098 .
1160 2073 1271 2099 autem
1310 2069 1441 2099 dicatur
1479 2067 1589 2099 statui.
1628 2067 1703 2107 Mg.

297 2128 377 2159 Em.
403 2130 482 2166 349,
519 2129 580 2159 sed
605 2127 696 2157 nihil
731 2130 810 2157 erat
832 2137 893 2157 cur
931 2127 972 2158 de
1005 2137 1140 2168 quoque
1172 2131 1379 2166 mutaretur,
1420 2129 1521 2158 immo
1554 2127 1622 2156 hoec
1656 2128 1708 2156 est

297 2187 482 2224 sententia,
507 2187 663 2217 homines
688 2186 744 2216 lzz'c
768 2195 875 2226 agere
911 2188 1075 2227 tanquam
1111 2185 1147 2215 in
1174 2191 1271 2226 pace,
1304 2198 1410 2228 quum
1442 2187 1589 2216 liberum
1620 2187 1708 2215 esset

298 2246 504 2282 arbitrium,
539 2245 626 2286 quid
655 2245 697 2275 de
721 2254 853 2286 quoque
878 2245 1099 2274 statuendum
1130 2248 1224 2276 esset.
1276 2246 1348 2276 Illa
1374 2251 1406 2277 et
1431 2252 1466 2275 ut
1493 2253 1599 2274 novos
1625 2252 1705 2273 con-

299 2303 415 2334 cilient
448 2304 555 2334 dubia
586 2300 693 2345 sunt.)
727 2303 747 2335 6
779 2302 961 2343 desperata
995 2327 1000 2333 .
1030 2327 1035 2333 .
1065 2327 1072 2333 .
1107 2313 1158 2334 res
1191 2327 1197 2334 .
1226 2327 1232 2334 .
1261 2327 1268 2334 .
1295 2304 1408 2334 visura
1433 2303 1474 2334 sit
1507 2301 1598 2344 (Alg.
1627 2301 1704 2331 Em.

300 2362 367 2392 ibd.
405 2362 519 2392 Drak.
559 2362 692 2392 deserta
725 2384 731 2391 .
760 2386 766 2392 .
796 2385 802 2391 .
830 2371 892 2399 reS,
927 2385 933 2391 .
963 2384 968 2391 .
997 2385 1004 2391 .
1038 2361 1150 2392 visura
1187 2360 1244 2404 sit)
1283 2361 1302 2395 7
1339 2362 1544 2404 (secuturum
1589 2359 1704 2390 Weiss.

305 2419 422 2458 codd„
455 2421 569 2454 Drak,
603 2417 876 2462 consecuturum)
907 2419 929 2452 8
961 2430 1068 2460 neque
1101 2420 1188 2451 euim
1220 2430 1282 2460 pro
1309 2420 1406 2451 hoste
1434 2444 1441 2451 .
1469 2444 1475 2450 .
1505 2443 1512 2450 .
1539 2428 1615 2450 eum
1641 2428 1705 2449 ser-

301 2478 372 2509 vari
404 2478 500 2520 (Ald.
532 2479 564 2510 Ρ
593 2488 760 2519 nequeum
792 2488 854 2518 pro
886 2479 983 2510 hoste
1011 2503 1017 2510 .
1046 2502 1053 2509 .
1081 2498 1098 2510 .-
1116 2489 1191 2510 eum
1224 2477 1265 2519 s.)
1296 2479 1316 2511 9
1342 2478 1560 2520 (Calenisque
1586 2476 1705 2517 legatis

309 2536 426 2567 Weiss.
467 2548 484 2567 e
521 2537 569 2568 P:
607 2536 892 2578 catenisqlegatis.
960 2538 1073 2568 Drak.
1121 2536 1313 2578 catenisque
1353 2535 1490 2579 ligatus)
1531 2534 1534 2579 Ι
1567 2534 1705 2577 (secum

309 2594 425 2626 Weiss.
471 2594 589 2634 Codd.‚
628 2597 742 2626 Drak.
783 2605 895 2627 seeum
934 2596 1018 2638 tum)
1057 2595 1097 2628 11
1132 2595 1240 2626 nuntii
1275 2595 1366 2626 missi
1392 2597 1467 2627 sine
1492 2596 1555 2626 lac.
1582 2593 1705 2626 indicio
