1789 2955
512 78 630 113 Liber
654 77 845 115 XXVIH.
896 81 954 123 (A.
983 78 1047 113 oh.
1072 79 1166 123 205.)
1484 80 1562 119 167

129 205 304 244 dirutum
323 210 361 243 et
377 206 605 244 restitutum
626 205 848 255 Saguntum
872 207 967 244 fidei
991 207 1152 244 socialis
1183 206 1374 255 utrinque
1398 208 1564 243 servatae

131 277 410 316 documentum
439 278 622 316 omnibus
647 278 834 327 gentibus
857 278 959 325 fore3
994 293 1085 316 suos
1110 280 1371 328 imperatores
1397 280 1504 314 reete
1532 280 1571 313 et
1593 276 1642 312 18

129 350 270 388 ordine
302 353 341 387 et
373 363 422 387 ex
453 350 661 388 voluntate
693 353 852 387 senatus
883 351 1034 397 fecisse,
1067 351 1174 400 quod
1192 349 1416 399 Saguntum
1448 349 1564 386 resti-

127 422 280 459 tuerint
311 421 496 471 civesque
529 419 776 471 Saguntinos
808 423 970 460 servitio
1004 423 1238 469 exenierint3
1288 434 1455 471 quaeque
1486 420 1565 456 alia

129 494 185 531 eis
217 494 391 542 benigne
423 494 603 540 fecerint,
629 508 674 531 ea
698 498 875 532 senatum
893 495 949 532 ita
965 496 1138 532 voluisse
1162 494 1267 540 fieri,
1300 494 1445 530 donum
1478 505 1564 541 pei·-

128 566 288 603 mittere
319 569 364 603 ut
396 566 436 602 in
454 565 654 615 Capitolio
679 571 885 616 ponerent.
934 567 1063 604 Locus
1088 567 1179 604 inde
1199 566 1405 615 lautiaque
1423 564 1566 613 legatis
1588 564 1636 600 19

127 637 304 687 praeberi
328 637 436 674 iussa
460 642 499 674 et
524 639 699 675 muneris
725 652 819 688 ergo
846 639 887 675 in
916 639 1098 688 singulos
1122 639 1209 676 dari
1235 652 1283 676 ne
1309 638 1438 674 minus
1467 636 1568 673 dena

129 709 258 746 millia
275 710 374 747 oeris.
407 709 649 758 Legationes
667 711 810 748 deinde
829 714 970 748 ceterae
989 711 1027 748 in
1047 714 1225 748 senatum
1245 710 1485 748 introductae
1504 721 1568 744 au·
1589 708 1641 743 ‘20

131 781 325 831 ditaeque;
357 786 397 819 et
426 783 656 832 petentibus
683 782 933 832 Saguntinis,
964 788 1018 829 ut,
1052 787 1249 832 quatenus
1279 786 1366 819 tuto
1399 782 1572 831 possent,
1591 779 1641 815 21

130 853 290 891 Italiam
338 857 560 903 spectatum
593 855 715 903 irent,
763 855 883 891 duces
915 855 1000 892 dati
1032 855 1258 904 litteraeque
1303 868 1374 904 per
1420 852 1570 902 oppida

135 926 276 973 missae,
306 929 352 963 ut
382 926 588 976 Hispanos
621 927 786 964 comit-er
817 927 1056 976 acciperent.
1112 927 1214 963 Tum
1246 927 1294 964 de
1326 940 1368 963 re
1400 924 1573 975 publica,
1592 923 1642 959 22

132 997 180 1034 de
212 998 458 1035 exercitibus
489 998 728 1046 scribendis,
760 999 808 1036 de
839 999 1061 1049 provinciis
1093 1000 1279 1038 relatum,

246 1069 377 1116 Quum
406 1069 588 1107 Africam
620 1084 763 1108 novam
801 1070 1048 1120 provinciam
1082 1075 1196 1108 extra
1228 1074 1374 1108 sortem
1406 1069 1454 1106 P.
1489 1067 1570 1105 Sci-
1659 1063 1719 1111 40

129 1141 245 1190 pioni
264 1141 455 1179 destinari
472 1142 651 1179 homines
668 1143 772 1181 fama
799 1143 962 1189 ferrent,
995 1146 1033 1179 et
1050 1143 1149 1192 ipse,
1174 1143 1285 1180 nulla
1310 1143 1384 1179 iam
1413 1140 1571 1178 modica

131 1213 262 1261 gloria
293 1217 523 1261 contentus,
568 1228 647 1252 non
681 1215 728 1251 ad
776 1215 992 1263 gerendum
1039 1215 1156 1252 modo
1203 1215 1373 1260 belluni,
1420 1213 1490 1250 sed
1522 1211 1571 1249 ad

130 1285 351 1323 finiendum
384 1286 537 1324 diceret
568 1300 607 1324 se
641 1287 842 1324 consulem
876 1286 1119 1324 declaratum
1163 1300 1266 1333 esse,
1300 1299 1426 1335 neque
1458 1284 1614 1321 aliter?

131 1356 174 1393 id
204 1356 294 1394 fieri
324 1371 454 1407 posse,
486 1372 604 1408 quam
637 1359 670 1396 si
704 1359 787 1408 ipse
819 1359 858 1395 in
891 1357 1074 1395 Africam
1110 1358 1330 1395 exercituin
1369 1360 1571 1406 transpor-

129 1432 264 1474 tasset,
297 1433 337 1466 et
368 1433 551 1468 acturum
583 1444 623 1468 se
656 1431 698 1468 id
728 1444 800 1480 per
815 1431 1007 1480 populum
1026 1434 1162 1481 aperte
1189 1431 1324 1477 ferret,
1348 1430 1380 1466 si
1413 1430 1571 1466 senatus

131 1500 422 1549 adversaretur,
458 1525 506 1529 —
541 1502 584 1539 id
625 1503 834 1540 consilium
876 1503 1188 1552 haudquaquam
1230 1502 1473 1552 primoribus
1505 1514 1570 1550 pa-

129 1575 237 1609 trum
283 1586 405 1622 quum
437 1574 617 1624 placeret
663 1578 700 1612 ef
748 1575 872 1612 ceteri
918 1589 988 1624 per
1035 1578 1178 1612 metum
1212 1578 1280 1611 aut
1312 1574 1572 1612 ambitionem

131 1649 374 1693 mussarent,
421 1644 468 1691 Q.
500 1646 651 1683 Fabius
692 1647 894 1683 Maximus
940 1652 1104 1696 rogatus
1151 1647 1408 1684 sententiam:
1460 1644 1618 1695 „Scioss

130 1716 269 1754 multis
300 1720 476 1754 vest-rum
507 1718 649 1764 videri,
696 1723 830 1768 patres
876 1720 1108 1769 conscripti,
1153 1733 1235 1756 rem
1283 1722 1411 1756 actam
1458 1717 1572 1754 hodi-

132 1801 227 1825 erno
275 1788 339 1826 die
385 1790 468 1838 agi,
516 1792 554 1827 et
598 1791 749 1828 frustra
794 1791 1025 1828 habiturum
1073 1791 1316 1837 orationem,
1373 1791 1442 1840 qui
1485 1793 1571 1826 tan-

134 1873 252 1910 quam
285 1862 333 1898 de
364 1862 522 1910 integra
552 1875 594 1899 re
627 1862 675 1899 de
716 1862 862 1900 Africa
901 1863 1108 1912 provincia
1145 1864 1381 1900 sententiam
1414 1862 1573 1898 dixerit.

133 1933 220 1982 Ego
253 1937 382 1971 autem
413 1934 586 1984 primum
618 1934 718 1971 illud
751 1935 912 1983 ignoro,
960 1935 1294 1984 quemadmodum
1342 1938 1451 1972 certa
1498 1934 1573 1970 iam
1594 1933 1619 1970 4

132 2005 342 2054 provincia
357 2004 498 2043 Africa
518 2006 706 2052 consulis,
738 2007 817 2044 viri
844 2007 960 2044 fortis
985 2022 1029 2045 ac
1054 2008 1221 2046 strenui.
1256 2008 1319 2053 sit,
1352 2020 1469 2056 quam
1502 2019 1573 2042 nec

133 2079 294 2114 senatus
326 2079 479 2115 censuit
509 2079 550 2114 in
581 2078 686 2115 hunc
728 2093 874 2116 annum
905 2080 1153 2129 provinciam
1187 2093 1270 2117 esse
1301 2093 1372 2116 nec
1403 2078 1574 2128 populus

133 2149 262 2186 iussit.
323 2149 506 2196 Deinde,
553 2151 588 2187 si
621 2154 700 2200 est,
750 2151 952 2188 consulein
999 2165 1164 2201 peccare
1197 2153 1391 2197 arbitror,
1424 2150 1494 2200 qui
1528 2149 1575 2186 de
1595 2150 1617 2187 5

134 2234 177 2258 re
207 2224 411 2259 transacta
442 2222 667 2259 simulando
715 2236 755 2259 se
800 2224 949 2260 referre
996 2227 1174 2261 senatum
1219 2223 1396 2260 ludibrio
1442 2222 1574 2268 habet,

133 2306 212 2331 non
245 2297 479 2341 senatorem,
511 2295 594 2344 qui,
626 2295 674 2332 de
707 2308 785 2344 quo
818 2295 1061 2342 consulitur,
1108 2309 1178 2333 suo
1225 2296 1312 2333 loco
1345 2295 1444 2332 dicit
1489 2307 1574 2331 sen-

131 2365 311 2403 tentiam.
372 2366 512 2416 Atque
543 2380 615 2415 ego
648 2371 798 2404 certum
829 2367 968 2413 habeo,
1002 2367 1257 2405 dissentienti
1288 2367 1386 2404 mihi
1427 2366 1476 2404 ab
1504 2367 1621 2403 istass

132 2437 394 2475 festinatione
426 2439 467 2475 in
487 2438 670 2475 Africam
701 2439 933 2476 traiiciendi
964 2439 1130 2476 duarum
1163 2453 1295 2476 rerum
1327 2438 1575 2475 subeundam

135 2510 364 2559 opinionem
396 2523 495 2557 esse,
525 2511 658 2558 unius,
691 2511 821 2548 insitae
855 2511 1016 2558 ingenio
1046 2525 1131 2548 meo
1151 2510 1430 2557 cunctationis,
1462 2523 1580 2559 quam
1599 2510 1622 2545 7

136 2585 283 2619 metum
329 2582 619 2632 pigritiamque
673 2582 856 2619 homines
896 2583 1168 2620 adolescentes
1210 2596 1302 2619 sane
1355 2582 1572 2632 appellent,

135 2653 229 2691 dum
260 2666 309 2690 ne
342 2654 543 2704 paeniteat,
575 2654 707 2691 adhuc
739 2654 906 2692 aliorum
940 2654 1183 2704 speciosiora
1221 2654 1350 2704 primo
1384 2655 1576 2704 adspectu
