1768 2943
519 101 624 132 Liber
650 102 743 133 XXI.
794 101 850 143 (A.
879 102 939 134 ch.
967 102 1062 145 218.)
1435 104 1492 146 43

75 242 168 268 cum
193 230 400 280 imparatis
427 231 661 276 cernebant,
691 243 817 279 usque
846 232 900 268 ad
923 232 1052 268 lucem
1076 238 1194 280 portu
1220 245 1263 270 se
1288 234 1493 271 abstinue-

75 305 179 345 runt,
213 301 428 338 demendis
460 302 720 338 armamentis
744 314 795 338 eo
818 306 1002 351 tempore
1027 303 1290 351 aptandaque
1315 305 1369 340 ad
1393 317 1493 353 pug-

75 383 171 408 nam
196 371 325 408 classe
349 372 579 421 absumpto.
627 371 708 409 Ubi
730 372 866 416 illuxit,
892 384 1084 421 recepere
1109 373 1278 409 classem
1296 374 1337 410 in
1355 375 1490 418 altum,
1510 373 1562 414 12

75 446 119 478 ut
157 441 330 490 spatium
368 454 515 490 pugnae
554 447 662 479 esset
701 442 932 490 exitumque
963 443 1130 479 liberum
1163 455 1185 479 e
1217 449 1336 492 portu
1369 456 1492 480 naves

74 511 249 548 hostium
275 511 483 548 haberent.
531 511 617 549 Nec
636 512 811 549 Romani
834 513 1111 550 detrectavere
1134 526 1327 562 pugnam,
1353 519 1393 550 et
1410 526 1492 549 me·
1511 514 1562 554 13

73 581 203 617 moria
243 581 349 619 circa
387 594 437 618 ea
474 582 563 630 ipsa
602 583 694 620 loca
732 588 937 632 gestarum
969 596 1099 620 rerum
1133 583 1221 620 freti
1254 589 1294 620 et
1325 584 1491 620 militum

73 652 329 688 multitudine
361 663 409 688 ac
439 651 593 688 virtute.
657 652 738 690 Ubi
767 653 808 690 in
835 654 957 690 altum
986 654 1113 690 evecti
1143 659 1247 699 sunt,
1281 654 1490 691 Romanus
1556 650 1617 695 50

73 734 288 759 conserere
312 734 490 771 pugnam
514 727 555 759 et
579 735 627 759 ex
652 723 883 772 propinquo
909 724 1010 760 vires
1035 724 1220 761 conferre
1237 724 1358 767 velle;
1393 736 1490 761 con·
1506 723 1532 763 2

70 797 132 829 tra
164 793 328 829 eludere
358 793 508 829 Poenus
541 798 580 830 et
611 797 709 838 arte,
754 806 838 831 non
870 794 906 830 vi
938 806 1022 830 rem
1054 806 1208 843 gerere,
1250 795 1492 842 naviumque

72 875 194 911 quam
218 863 391 899 virorum
417 868 484 899 aut
507 875 709 900 armorum
735 865 852 901 malle
877 870 1082 901 certamen
1108 864 1254 902 facere.
1318 863 1423 900 Nam
1451 864 1532 904 ut3

71 933 193 970 sociis
217 933 426 970 navalibus
450 933 602 978 affatim
627 934 861 971 instrucnm
888 936 1071 980 classem,
1100 935 1155 971 ita
1178 935 1344 983 inopem
1370 935 1492 971 milite

70 1003 290 1048 habebant,
324 1009 376 1047 et,
411 1004 536 1041 sicubi
570 1010 758 1041 conserta
786 1006 898 1042 navis
926 1011 1045 1049 esset,
1080 1006 1397 1053 haudquaquam
1422 1017 1493 1054 par

72 1085 260 1110 numerus
294 1079 538 1110 armatorum
567 1087 615 1110 ex
639 1087 689 1111 ea
713 1076 936 1124 pugnabat.
1000 1075 1125 1122 Quod
1148 1075 1216 1111 ubi
1240 1075 1534 1114 animadver-4

70 1155 158 1180 sum
182 1148 256 1188 est,
285 1149 326 1180 et
356 1144 552 1181 Romanis
576 1145 791 1182 multitudo
819 1158 892 1182 sua
915 1146 1024 1182 auxit
1047 1146 1225 1182 animum
1247 1151 1288 1182 et
1310 1146 1492 1195 paucitas

69 1213 144 1251 illis
177 1213 331 1251 minuit.
400 1214 614 1264 Extemplo
649 1221 806 1264 septem
839 1229 963 1253 naves
995 1216 1157 1253 Punicae
1190 1216 1534 1259 circumventaffif)

72 1284 210 1333 fugam
235 1290 379 1321 ceterae
402 1290 609 1334 ceperunt.
657 1285 769 1322 Mille
794 1292 834 1322 et
859 1287 1105 1335 septingenti
1129 1287 1240 1323 fuere
1265 1286 1305 1323 in
1324 1287 1493 1323 navibus

70 1355 199 1404 captis
222 1355 366 1392 milites
392 1360 620 1404 nautaeque‘,
649 1355 689 1392 in
715 1356 775 1393 his
800 1361 879 1393 tres
904 1357 1061 1394 nobiles
1081 1356 1489 1405 Carthaginiensium.

71 1424 222 1462 Classis
239 1426 427 1462 Romana
450 1426 675 1471 incolumis,
702 1439 782 1463 una
806 1431 962 1464 tantum
987 1427 1193 1476 perforata
1217 1427 1322 1471 navi,
1349 1427 1423 1463 sed
1441 1440 1489 1464 ea
1504 1427 1529 1466 6

69 1507 233 1544 quoque
264 1496 354 1544 ipsa
384 1497 548 1541 reduce,
581 1497 622 1534 in
653 1502 814 1546 portum
846 1498 977 1534 rediit.

188 1566 421 1604 Secundum
445 1568 549 1605 hanc
572 1580 765 1616 pugnam,
795 1568 979 1605 nondum
1003 1568 1139 1616 gnaris
1170 1568 1268 1611 eius,
1298 1566 1364 1615 qui
1382 1566 1527 1606 Mes-T

71 1648 181 1674 sanae
206 1643 333 1681 erant,
358 1637 421 1674 Ti.
470 1638 732 1687 Sempronius
759 1638 901 1675 consul
919 1638 1153 1675 Messanam
1178 1637 1298 1674 venit.
1347 1637 1395 1672 Ei
1414 1637 1489 1673 fre-

70 1713 154 1744 tum
177 1707 340 1744 intranti
364 1720 433 1744 rex
450 1708 576 1745 Hiero
600 1709 771 1745 classem
791 1709 1024 1745 instructam
1044 1713 1309 1756 ornatamque
1329 1707 1489 1744 obviam

70 1777 195 1822 duxit,
229 1783 583 1827 transgressusque
616 1791 664 1815 ex
695 1778 807 1827 regia
839 1778 879 1815 in
912 1779 1139 1827 praetoriam
1165 1791 1323 1822 navem,
1356 1778 1528 1827 gratu-8

70 1848 174 1885 latus
199 1848 394 1897 sospitem
419 1860 509 1886 cum
527 1849 703 1886 exercitu
721 1853 762 1885 et
779 1849 948 1885 navibus
966 1850 1194 1893 advenisse,
1220 1853 1489 1897 precatusque

69 1930 308 1967 prosperum
340 1930 387 1955 ac
421 1918 577 1956 felicem
611 1919 651 1955 in
684 1919 859 1956 Siciliam
892 1919 1115 1963 transitum,
1158 1924 1303 1956 statum
1338 1917 1530 1958 deinde9

68 1988 208 2025 insulae
232 1993 273 2025 et
297 1988 690 2038 Carthaginiensium
709 1994 858 2026 conata
883 1990 1082 2038 exposuit,
1108 1989 1389 2038 pollicitusque
1415 1994 1487 2033 est,

70 2070 152 2106 quo
177 2058 313 2095 animo
338 2059 471 2108 priore
495 2060 602 2096 bello
620 2060 815 2109 populum
834 2061 1065 2097 Romanum
1082 2059 1236 2096 iuvenis
1255 2059 1488 2103 adiuvisset,

69 2140 121 2165 eo
139 2141 279 2165 senem
297 2129 544 2174 adiuturum;
563 2130 806 2167 frumentum
824 2130 1144 2178 vestimentaque
1158 2142 1248 2166 sese
1260 2130 1488 2178 legionibus
1507 2129 1560 2169 10

70 2199 247 2236 consulis
280 2199 481 2248 sociisque
514 2200 721 2237 navalibus
746 2200 870 2249 gratis
894 2201 1170 2249 praebiturum;
1203 2201 1360 2249 grande
1386 2200 1489 2249 peri-

69 2269 201 2306 culum
232 2268 412 2319 Lilybaeo
451 2270 739 2318 maritimisque
773 2270 996 2307 civitatibus
1030 2283 1132 2315 esse,
1174 2276 1214 2307 et
1246 2271 1487 2319 quibusdam

69 2339 296 2376 volentibus
321 2351 448 2376 novas
472 2352 536 2376 res
561 2340 660 2376 fore.
715 2339 779 2377 Ob
806 2341 890 2377 haec
917 2342 1072 2378 consuli
1100 2341 1196 2378 nihil
1215 2341 1488 2377 cunctandum
1507 2340 1555 2379 11

69 2409 209 2454 visum,
235 2410 331 2458 quin
353 2409 574 2459 Lilybaeum
600 2411 728 2447 classe
746 2416 914 2459 peteret.
963 2411 1015 2448 Et
1038 2424 1106 2447 rex
1130 2412 1323 2460 regiaque
1350 2410 1487 2447 classis

69 2492 150 2516 una
171 2479 356 2529 profecti.
404 2479 651 2529 Navigantes
675 2482 785 2526 inde,
805 2487 1027 2530 pugnatum
1045 2483 1099 2518 ad
1116 2481 1336 2530 Lilybaeum
1362 2480 1489 2516 fusas—

69 2562 148 2598 que
180 2555 220 2586 et
252 2555 392 2599 captas
425 2551 598 2588 hostium
623 2564 759 2596 naves,
794 2564 1004 2601 accepere.
1067 2553 1102 2588 A
1125 2551 1304 2600 Lilybaeo
1330 2551 1485 2594 consul,
1549 2547 1593 2592 51

70 2619 252 2657 Hierone
275 2632 365 2658 cum
390 2621 518 2658 classe
543 2621 653 2670 regia
679 2622 847 2659 dimisso
872 2622 1094 2670 relictoque
1112 2626 1284 2670 praetore
1302 2621 1356 2657 ad
1375 2626 1488 2658 tuen-
