1768 2943
577 88 680 118 Liber
705 87 814 118 xxn.
865 86 919 130 (A.
948 88 1009 119 eh.
1037 86 1131 130 216.)
1498 87 1553 129 99

139 219 255 268 cipue
281 218 453 255 futurum
477 223 574 261 erat,
609 229 729 265 quum
754 218 882 254 aciem
907 219 1139 266 dirigerent,
1171 219 1247 267 ipsi
1273 219 1414 262 aversi,
1440 223 1553 266 terga

137 294 292 326 tantum
324 288 489 325 afflante
522 293 657 332 vento,
689 288 731 324 in
764 294 1009 325 occaecatum
1041 289 1204 336 pulvere
1232 289 1363 325 offuso
1392 289 1551 325 hostem

136 358 364 408 pugnaturi.

255 428 467 472 Consules,
486 428 582 465 satis
600 428 816 477 exploratis
833 428 1053 473 itineribus,
1073 434 1289 476 sequentes
1306 429 1488 474 Poenum,
1507 435 1549 466 ut
1610 428 1679 471 44

135 505 296 536 ventum
321 500 376 535 ad
394 498 558 535 Cannas
583 504 644 535 est
667 504 706 535 et
722 498 763 534 in
781 504 1003 547 conspectu
1022 499 1192 535 Poenum
1210 499 1428 543 habebant,
1455 500 1551 536 bina

135 575 265 607 castra
278 569 568 613 communiunt,
588 569 737 605 eodem
750 568 874 605 ferme
887 569 1109 613 intervallo,
1124 581 1205 617 quo
1219 569 1273 605 ad
1287 568 1548 613 Gereonium,

135 641 235 677 sicut
273 645 381 684 ante,
423 639 550 687 copiis
590 639 740 676 divisis.
816 638 985 676 Aufidus
1018 640 1160 684 amnis,
1201 639 1378 688 utrisque
1411 640 1549 676 castris
1565 639 1591 680 2

133 710 318 753 affluens,
352 709 506 746 aditum
539 709 800 757 aquatoribus
833 722 881 745 ex
914 721 986 746 sua
1020 710 1212 758 cuiusque
1246 710 1549 758 opportunitate

133 781 242 817 haud
268 780 354 817 sine
380 779 598 817 certamine
623 780 768 824 dabat;
803 793 851 816 ex
875 780 1095 816 minoribus
1120 786 1255 816 tamen
1281 780 1433 824 castris,
1462 791 1550 828 quae
1566 780 1592 820 3

133 851 266 899 posita
290 856 399 888 trans
416 850 605 886 Aufidum
629 856 756 895 erant,
785 851 945 887 liberius
969 851 1223 898 aquabantur
1239 850 1427 897 Romani,
1458 850 1551 898 quia

131 921 218 969 ripa
250 921 412 957 ulterior
443 922 593 957 nullum
626 921 803 957 habebat
834 921 1010 958 hostium
1037 921 1280 969 praesidium.
1344 920 1592 960 Hannibal4

133 1003 246 1040 spem
279 997 463 1035 nanctus,
499 992 597 1028 locis
630 991 733 1028 natis
766 992 820 1027 ad
852 996 1079 1039 equestrem
1103 1003 1295 1039 pugnam,
1330 1003 1409 1039 qua
1436 996 1549 1039 parte

131 1061 269 1097 virium
294 1061 464 1098 invictus
489 1067 587 1105 erat,
612 1062 789 1098 facturos
816 1062 975 1110 copiam
999 1061 1210 1109 pugnandi
1229 1061 1430 1105 consules,
1457 1061 1550 1096 diri—

130 1132 188 1180 git
211 1132 339 1168 aciem
364 1133 606 1181 lacessitque
623 1132 887 1168 Numidarum
912 1132 1219 1180 procursatione
1246 1132 1398 1167 hostes.
1446 1130 1547 1166 Inde
1563 1129 1590 1171 5

130 1213 264 1238 rursus
293 1202 497 1239 sollicitari
522 1203 724 1239 seditione
748 1202 905 1238 militari
930 1213 977 1238 ac
1002 1202 1209 1238 discordia
1235 1202 1444 1238 consulum
1468 1202 1550 1236 Ro-

130 1283 252 1308 mana
281 1277 425 1318 eastra,
460 1285 581 1321 quum
609 1273 755 1309 Paulus
779 1272 1087 1321 Semproniique
1113 1278 1153 1308 et
1181 1271 1363 1308 Flaminii
1392 1271 1549 1307 temeri-

129 1347 254 1378 tatem
272 1342 459 1387 Varroni‚
486 1343 617 1380 Varro
635 1343 764 1379 Paulo
783 1344 1013 1391 speciosum
1031 1343 1181 1379 timidis
1199 1355 1246 1380 ac
1265 1341 1456 1391 segnibus
1475 1342 1548 1377 du-

131 1412 241 1450 cibus
258 1414 484 1462 exemplum
500 1413 668 1450 Fabium
686 1413 891 1457 obiiceret,
915 1418 1209 1461 testareturque
1226 1414 1328 1449 deos
1345 1412 1548 1449 homines·
1563 1411 1588 1452 6

130 1494 208 1530 que
223 1483 300 1527 hic,
324 1484 474 1520 nullam
490 1496 617 1532 penes
634 1496 678 1520 se
694 1484 852 1532 culpam
870 1496 973 1527 esse,
995 1485 1108 1532 quod
1125 1483 1331 1520 Hannibal
1346 1483 1425 1518 iam
1441 1482 1550 1518 velut

129 1564 202 1589 usu
227 1553 402 1601 cepisset
424 1553 599 1597 Italiam;
634 1566 677 1590 se
702 1554 961 1590 constrictum
987 1567 1010 1590 a
1036 1554 1194 1602 collega
1218 1553 1365 1597 teneri3
1400 1552 1545 1588 ferrum

129 1628 250 1671 atque
289 1635 400 1659 arma
437 1624 548 1660 iratis
588 1629 628 1660 et
665 1636 847 1672 pugnare
887 1624 1142 1672 cupientibus
1182 1624 1306 1660 adimi
1338 1623 1546 1666 militibus;

128 1693 206 1738 ille,
241 1693 272 1730 si
305 1694 402 1742 quid
434 1694 624 1742 proiectis
657 1706 704 1730 ac
737 1695 907 1742 proditis
940 1695 995 1730 ad
1028 1695 1299 1731 inconsultam
1332 1698 1454 1741 atque
1476 1691 1587 1731 im-'I

128 1764 340 1812 providam
362 1776 541 1812 pugnam
567 1764 793 1812 legionibus
811 1764 1028 1808 accideret,
1057 1777 1100 1801 se
1119 1765 1249 1801 omnis
1268 1764 1394 1811 culpae
1413 1774 1548 1799 exsor-

127 1839 222 1878 tem,
247 1834 379 1871 omnis
397 1839 564 1871 eventus
582 1834 819 1883 participem
837 1834 924 1870 fore
942 1834 1115 1878 diceret;
1144 1834 1310 1877 videret,
1329 1838 1384 1877 ut,
1403 1833 1547 1881 quibus

127 1904 264 1953 lingua
276 1909 355 1940 tam
368 1909 556 1953 prompta
571 1916 618 1941 ac
631 1904 855 1949 temeraria,
870 1916 984 1952 aeque
998 1904 1038 1940 in
1051 1916 1190 1953 pugna
1198 1904 1380 1952 vigerent
1388 1915 1546 1939 manus.

245 1975 353 2011 Dum
377 1974 705 2011 altercationibus
729 1974 857 2023 magis
885 1987 1004 2023 quam
1023 1974 1201 2012 consiliis
1219 1979 1377 2022 tempus
1394 1973 1544 2018 teritur,
1607 1970 1672 2013 45

128 2044 334 2081 Hannibal
358 2057 406 2081 ex
434 2044 535 2088 acie,
569 2057 690 2092 quam
716 2045 770 2080 ad
793 2045 960 2081 multum
984 2045 1065 2081 diei
1090 2049 1274 2081 tenuerat
1296 2045 1545 2088 instructam,

128 2127 250 2163 quum
272 2115 314 2150 in
338 2119 468 2151 castra
492 2120 647 2151 ceteras
670 2115 867 2163 reciperet
885 2115 1038 2163 copias,
1064 2114 1262 2151 Numidas
1280 2115 1334 2150 ad
1351 2114 1547 2150 invaden-
1562 2112 1589 2152 2

128 2185 206 2221 dos
238 2197 287 2221 ex
309 2184 533 2220 minoribus
558 2184 696 2221 castris
720 2185 998 2221 Romanorum
1023 2189 1241 2232 aquatores
1264 2189 1374 2221 trans
1397 2184 1548 2220 flumen

127 2254 258 2291 mittit.
337 2254 469 2300 Quam
509 2254 762 2290 inconditam
803 2255 960 2291 turbam
999 2266 1121 2302 quum
1153 2254 1315 2290 vixdum
1347 2254 1389 2290 in
1420 2251 1589 2302 ripam3

127 2323 279 2372 egressi
303 2324 481 2360 clamore
499 2335 546 2360 ac
564 2324 732 2360 tumultu
750 2324 971 2372 fugassent,
997 2325 1039 2360 z'n
1058 2325 1274 2361 stationem
1293 2335 1455 2371 quoque
1472 2335 1546 2372 pro

126 2393 231 2429 vallo
259 2393 435 2430 locatam
464 2399 585 2441 atque
612 2393 722 2441 ipsas
748 2406 877 2442 prope
904 2399 1044 2442 portas
1074 2394 1200 2431 evecti
1229 2398 1334 2430 sunt.
1381 2393 1429 2429 Id
1451 2392 1588 2431 vero4

127 2463 220 2498 adeo
242 2462 456 2510 indignum
481 2463 621 2508 visum,
647 2464 698 2499 ab
722 2463 979 2500 tumultuario
1004 2464 1150 2500 auxilio
1177 2464 1258 2499 iam
1275 2463 1398 2499 etiam
1415 2466 1546 2499 castra

127 2532 314 2568 Romana
331 2532 480 2575 terreri,
510 2538 553 2569 ut
569 2545 619 2569 ea
635 2533 762 2569 modo
780 2545 862 2569 una
879 2545 1014 2577 causa,
1039 2545 1092 2569 ne
1110 2532 1313 2580 extemplo
1330 2532 1546 2568 transirent

128 2600 277 2638 flumen
303 2601 604 2650 dirigerentque
628 2602 770 2647 aciem,
803 2603 975 2639 tenuerit
998 2603 1223 2644 Romanos,
1252 2602 1365 2649 quod
1389 2613 1545 2638 summa

1226 2667 1264 2700 7*
