1768 2943
691 110 823 141 XXVII

57 229 233 269 liberatos)
271 226 293 260 8
329 226 380 269 (se
420 228 500 258 add.
540 228 614 267 Mg.
653 227 730 257 Em.
769 228 837 259 341
869 224 917 268 n.)
953 225 955 268 Ι
991 226 1173 266 Syracusas
1200 238 1398 258 concursum
1424 229 1472 259 sit

57 285 144 328 (Mg.
172 286 248 317 Em.
276 288 354 320 341.
381 287 413 317 Ρ
436 284 674 327 absyracusas)
702 285 811 322 XXX,
838 284 858 317 4
878 283 1058 326 (puberum
1078 290 1148 325 pro
1172 286 1335 326 puberem
1359 287 1468 317 Gron.

55 346 169 376 Drak.
208 354 410 386 quemquam
447 342 626 386 puberem)
665 343 685 376 (3
722 343 812 374 haud
850 353 970 374 vanam
1007 342 1097 386 (Mg.
1131 344 1351 374 Mendacium
1387 355 1470 375 casu

55 403 188 443 accepit
221 403 366 443 speciem
393 404 537 445 falsam
576 402 724 433 terroris
761 402 859 432 haud
895 402 981 432 vani
1010 406 1045 433 et
1077 413 1120 433 ex
1144 413 1230 432 vera
1256 413 1361 433 causa
1387 404 1466 434 orti.

55 462 100 492 ln
126 462 275 493 codicum
301 462 487 502 scriptura,
511 465 751 502 praeterquam
777 461 869 501 quod
890 460 1028 492 terroris
1050 462 1160 501 plane
1177 462 1344 499 abundat,
1366 466 1469 501 pror-

55 530 115 551 sus
138 521 291 550 absurde
315 520 442 560 species
465 531 551 551 vera
577 530 620 550 ex
644 520 824 549 mendacio
851 522 928 549 orta
955 521 1096 551 dicitur.
1160 520 1329 550 Mendum
1355 524 1470 550 ortum

57 581 108 609 est
142 580 455 610 accommodatione
492 578 657 609 adiectz'vi
692 578 741 607 ad
765 578 970 617 proximum
1006 589 1139 616 nomen,
1177 579 1370 609 adiuvante
1386 579 1470 620 for-

57 641 147 668 tasse
172 637 291 668 littera
317 648 348 668 m
376 639 412 668 in
438 637 537 668 initio
557 636 719 678 proximi
740 634 924 678 vocabuli.)
967 636 989 669 8
1014 635 1187 679 (Wesenb-
1219 636 1252 667 in
1279 636 1466 667 Leontinos

51 694 298 738 probabiliter)
324 696 345 730 9
364 696 511 737 Megara,
538 696 615 726 inde
640 694 703 736 ipsi
728 693 818 736 (Mg.
833 694 911 726 Em.
928 697 1007 728 341.
1029 694 1145 733 Codd.,
1161 696 1274 726 Drak.
1295 695 1470 735 Megaram

56 753 135 795 ipsi)
169 754 295 792 XXXI,
328 754 350 788 3
383 754 517 796 agmine
551 765 611 785 suo
637 764 775 792 errore,
809 756 850 784 ut
872 754 1015 784 videtur
1051 754 1194 791 XXXII,
1223 753 1244 787 6
1275 752 1333 795 (ad
1358 753 1472 785 omnia

55 814 130 854 Mg.
151 817 236 854 post
270 815 377 844 Gron.
410 814 489 844 Em.
523 815 602 847 342.
639 813 674 843 Ρ
694 812 932 849 aditomnium;
971 816 1082 852 supra
1114 813 1156 850 it,
1195 813 1288 853 quod
1318 813 1423 843 etiam
1448 812 1471 842 h

57 872 127 912 legi
143 876 270 912 potest,
296 872 462 913 scripmm
489 883 541 903 eo.
562 873 676 902 Drak.
705 871 748 902 ad
774 871 845 901 haec
873 869 1002 912 omnia)
1032 868 1035 913 Ι
1064 869 1149 912 (toto
1169 875 1238 911 pro
1265 876 1337 901 tuto
1362 871 1474 902 Fabri

56 934 138 962 ante
168 931 244 972 Mg.
280 931 358 966 Em,
392 930 477 973 z‘bd.)
509 930 677 968 XXXIII,
711 929 732 963 6
763 928 988 971 (perfugerint
1016 933 1085 969 pro
1117 930 1340 970 perfugerunt
1376 930 1471 960 Stro-

57 990 172 1025 thius;
207 991 274 1033 cfr.
313 991 391 1022 Em.
431 993 499 1024 214
538 1001 570 1021 n.
610 993 642 1027 2,
683 986 777 1031 510.)
821 986 824 1031 Ι
865 992 996 1029 pateret
1027 986 1166 1030 (Crev.)
1193 986 1215 1020 8
1247 986 1468 1029 (lacesserent

65 1051 182 1081 Weiss.
209 1050 244 1080 P
275 1050 461 1088 lacessent,
500 1049 613 1079 Drak.
653 1046 836 1089 lacessant)
874 1046 1039 1084 XXXIV,
1079 1045 1100 1078 ‘2
1139 1045 1276 1088 (quibus
1309 1046 1473 1087 quicquid

56 1109 131 1150 Mg.
164 1109 196 1139 Ρ
226 1109 359 1150 quibus.
397 1109 511 1139 Drak.
545 1107 668 1148 quibus
703 1117 751 1145 ea,
791 1105 881 1148 quae)
916 1104 938 1138 3
969 1115 1085 1135 muros
1112 1128 1119 1135 .
1147 1129 1154 1136 .
1184 1128 1190 1135 .
1218 1105 1338 1136 ductos
1364 1106 1472 1136 colles

56 1165 179 1208 (Codd.
220 1178 300 1198 recc.
327 1167 360 1198 Ρ
389 1177 500 1197 murus
527 1189 533 1196 .
563 1190 569 1196 .
599 1189 606 1196 .
634 1165 772 1203 ductus,
807 1165 869 1195 sed
893 1164 997 1194 etiam
1030 1175 1055 1197 c.
1082 1166 1138 1202 36,
1166 1167 1187 1197 6
1213 1164 1246 1194 Ρ
1267 1174 1470 1205 progressus

53 1231 120 1267 pro
145 1225 390 1267 progressum.)
414 1225 435 1258 4
463 1223 539 1268 (LX
565 1224 760 1261 Boettcher,
789 1223 864 1264 Mg.
899 1223 978 1253 Em.
1012 1225 1081 1256 343
1107 1233 1140 1253 n.
1164 1227 1232 1263 pro
1259 1221 1316 1264 ex)
1344 1222 1363 1255 7
1390 1222 1472 1264 (una

57 1285 153 1316 navis
184 1284 283 1316 Crev.
311 1285 345 1316 P
365 1294 503 1322 unaues,
531 1284 645 1314 Drak.
673 1280 789 1321 naves)
824 1281 868 1315 10
902 1291 975 1322 quae
1007 1281 1149 1322 propius
1182 1281 1342 1312 subibant
1367 1291 1471 1312 naves

57 1355 74 1375 e
110 1345 196 1377 coni.
238 1343 334 1375 Crev.
373 1342 464 1385 (Mg.
504 1343 581 1373 Em.
621 1344 700 1375 342.
740 1342 774 1372 P
806 1339 1292 1382 propriusquaedamsubibant.
1355 1341 1470 1371 Drak.

56 1402 141 1443 Quae
166 1402 306 1444 propius
333 1402 488 1444 quaedam
514 1411 539 1432 S.
568 1399 617 1441 n.)
643 1400 683 1433 11
713 1400 882 1431 reciderat
908 1397 1100 1441 (Wesenb.)
1128 1398 1171 1431 12
1198 1397 1290 1441 (spes
1316 1409 1357 1430 eo
1376 1409 1473 1430 versa

56 1462 241 1492 Boettcher
266 1472 308 1492 ex
334 1461 436 1502 ipsise
461 1459 612 1492 adversa,
648 1460 762 1489 Drak.
788 1458 838 1488 vis
865 1463 915 1488 est
941 1468 983 1488 eo
1010 1457 1124 1499 versa)
1148 1457 1291 1496 XXXV,
1319 1457 1338 1490 1
1366 1456 1471 1500 (rece-

56 1520 105 1562 pit
131 1521 205 1552 edd.
233 1524 314 1552 vett.
345 1520 459 1558 Codd.,
485 1519 599 1550 Drak.
627 1516 763 1558 recipit)
791 1516 810 1549 7
837 1515 1041 1548 sustulerint.
1069 1520 1102 1547 et
1128 1521 1222 1557 parte
1250 1539 1256 1547 .
1285 1541 1292 1547 .
1321 1541 1327 1548 .
1356 1517 1469 1557 partiti

57 1584 134 1610 sunt
170 1577 290 1620 (Codd.
330 1577 430 1621 recc.)
466 1577 627 1614 XXXVI,
666 1575 687 1609 3
727 1586 802 1606 cum
840 1575 1031 1606 Bomilcare
1076 1575 1194 1606 classis
1226 1575 1398 1618 praefecto
1437 1576 1470 1606 in

56 1637 243 1679 (Kaestner,
281 1638 358 1678 Mg.
384 1637 462 1668 Em.
489 1634 572 1678 343)
609 1634 631 1667 4
669 1633 832 1676 (intentus
870 1634 932 1664 fuit
964 1633 1072 1664 videri
1105 1634 1133 1664 l.
1168 1633 1314 1665 Bekker.
1353 1632 1470 1673 Codd.,

57 1696 171 1728 Drak.
210 1697 368 1733 intentus,
407 1695 509 1725 fuisse
539 1692 662 1735 videri)
701 1693 720 1726 7
748 1691 913 1734 (inopiam
949 1693 1057 1723 Gron.
1083 1696 1152 1732 pro
1178 1691 1303 1733 inopia.
1354 1693 1469 1723 Drak.

58 1755 172 1796 inopia
203 1779 209 1786 .
238 1778 244 1786 .
274 1780 280 1786 .
308 1753 434 1795 socios)
467 1752 642 1790 XXXVII,
677 1752 698 1785 5
729 1752 762 1782 vi
796 1752 858 1782 rati
883 1751 1051 1792 agendum
1077 1751 1193 1782 urbem
1219 1750 1332 1792 (Lips.
1360 1751 1394 1781 P
1413 1762 1471 1792 pa—

58 1818 219 1854 tueratag.
252 1814 495 1854 suprascripto
527 1812 539 1842 1
585 1815 695 1851 supra
726 1821 785 1851 pa,
820 1821 837 1841 c
864 1816 973 1852 supra
1005 1815 1028 1841 t.
1079 1811 1193 1841 Drak.
1221 1810 1332 1850 palam
1358 1814 1473 1841 rentur

57 1872 235 1913 agendum.
286 1870 429 1913 Urbem)
462 1870 481 1904 7
518 1869 631 1912 (Usus
669 1870 832 1911 loquendi
857 1873 974 1909 prosa>
1008 1869 1181 1899 orationis
1215 1869 1323 1899 scribi
1358 1868 1473 1900 iubet:

56 1931 199 1974 gratiam
224 1929 445 1971 habiturum.)
477 1929 498 1963 9
524 1928 593 1970 (res
619 1929 700 1958 add.
727 1926 853 1970 Fabri)
894 1926 935 1960 11
969 1927 1197 1969 (denuntiatio
1229 1938 1272 1958 an
1308 1929 1416 1959 Gron.
1443 1928 1475 1958 Ρ

59 1990 220 2021 denuntia
257 2000 318 2028 an;
357 2000 400 2020 m.
427 1992 449 2023 3
473 1993 585 2029 supra
616 1997 658 2018 an
691 1986 832 2027 scrz‘gssit
863 1991 907 2017 ta.
958 1987 1074 2017 Drak.
1101 1985 1298 2017 denuntiata
1323 1995 1366 2016 an
1393 2009 1400 2016 .
1428 2009 1435 2016 .
1463 2009 1470 2016 .

59 2047 184 2091 essent)
213 2046 216 2091 Ι
246 2047 428 2090 (consensa
452 2052 519 2088 pro
551 2056 756 2078 consensum
793 2047 900 2077 Gron.
937 2046 1052 2076 Drak.
1086 2044 1264 2076 Consensu
1290 2067 1296 2074 .
1326 2068 1331 2074 .
1361 2068 1368 2075 .
1397 2054 1472 2074 con-

59 2107 106 2138 tio
133 2105 289 2149 edicitur)
328 2107 521 2144 XXXVIII,
561 2106 579 2138 1
619 2104 833 2147 (convocatis
865 2104 933 2135 suis
972 2105 1080 2135 Gron.
1109 2105 1143 2137 P
1173 2102 1374 2135 convocatio
1402 2101 1472 2142 qui-

59 2166 132 2197 bus,
183 2166 296 2197 Drak.
330 2165 526 2197 convocatis
557 2163 734 2205 militibus)
765 2162 786 2195 2
819 2162 948 2205 (posset
979 2163 1101 2193 Fabri.
1134 2163 1166 2192 Ρ
1188 2166 1318 2202 potest,
1356 2162 1471 2192 Drak.

59 2224 179 2267 possit)
207 2224 227 2258 7
254 2225 432 2266 quicquam
471 2223 595 2266 (Codd.
623 2223 713 2265 quid.
741 2220 838 2265 recc.)
864 2222 886 2255 8
911 2219 1110 2263 (inferendae
1140 2220 1322 2261 Sigonius‚·
1353 2218 1471 2257 Codd.,

60 2284 174 2314 Drak.
200 2283 367 2325 ferendae)
392 2283 551 2321 XXXIX,
580 2282 597 2315 1
633 2280 798 2323 (oppositi
832 2281 947 2311 Valla.
974 2280 1007 2311 Ρ
1035 2279 1221 2321 opponitis.
1272 2279 1387 2309 Drak.
1415 2288 1472 2318 op-

60 2341 208 2384 pidanis)
248 2340 251 2385 Ι
293 2341 499 2385 (spectaculo
531 2341 645 2372 Alsch.
681 2341 712 2371 Ρ
743 2340 986 2381 spectaculum.
1043 2339 1158 2369 Drak.
1199 2335 1418 2379 spectaculis)
1450 2336 1471 2368 3

60 2399 230 2441 (dixisset,
269 2406 301 2432 et
345 2400 444 2432 Crev.
473 2401 506 2431 P
527 2404 561 2430 et
584 2400 698 2430 Drak.
733 2396 887 2441 dixisset)
926 2397 947 2430 5
979 2401 1124 2436 ruerent,
1164 2396 1284 2436 integri
1317 2394 1364 2437 (et
1390 2395 1470 2424 add.

62 2459 136 2500 Mg.
170 2460 283 2490 Drak.
319 2465 452 2491 ruerent
484 2464 583 2500 atque
616 2457 752 2501 integri)
787 2457 806 2490 7
834 2457 1013 2488 deterritos
1039 2466 1061 2486 a
1087 2454 1337 2496 proditionibus
1363 2451 1470 2494 (Edd.

61 2521 142 2548 vett.
175 2516 279 2549 Codd.
313 2518 491 2549 deterritos
523 2517 783 2558 proditionibus.
835 2516 918 2547 Non
948 2515 984 2546 in
1010 2515 1168 2555 opinione
1188 2512 1367 2553 prseteriti
1391 2514 1472 2541 tem-

59 2577 170 2616 poris,
207 2578 269 2608 sed
297 2577 334 2608 in
364 2583 420 2619 spe
451 2577 590 2618 effectus
627 2576 662 2606 in
684 2576 857 2618 futurum
897 2578 1030 2614 tempus
1069 2583 1176 2604 causa
1203 2572 1333 2612 praedae
1369 2569 1475 2600 militi

63 2636 280 2667 concedendae
318 2634 422 2678 erat.)
460 2635 480 2669 9
519 2635 631 2678 (etiam
669 2635 725 2675 qui
764 2634 838 2674 [lig.
872 2633 950 2663 Em.
987 2635 1066 2666 343.
1103 2631 1222 2668 Codd.,
1261 2630 1375 2660 Drak.
1416 2629 1472 2669 qui
