1789 2955
544 67 659 102 Liber
684 67 809 104 XXX.
859 68 920 111 (A.
948 67 1012 101 Ch.
1038 69 1132 111 202.)
1476 70 1557 108 265

125 193 401 232 infestioribus
435 195 533 232 locis
564 197 778 245 tempestas
810 194 951 232 adorta
991 195 1147 242 disiecit
1178 195 1355 234 classem.
1417 195 1554 233 Multae
1574 196 1596 233 3

125 268 323 314 quassatae
355 267 687 316 armamentisque
719 266 900 316 spoliatae
941 280 1071 313 naves,
1103 266 1281 316 quaedam
1314 267 1468 313 fractae3
1500 268 1557 305 ita

123 339 266 375 vexata
297 350 341 374 ac
374 338 549 376 lacerata
580 338 717 376 classis
736 337 899 375 Carales
930 340 1071 376 tenuit.
1117 338 1200 376 Ubi
1231 338 1324 376 dum
1350 339 1555 377 subductae

123 407 357 446 reficiuntur
407 423 545 456 naves,
599 410 723 447 hiems
775 411 990 459 oppressit,
1038 411 1404 460 circumactumque
1464 411 1558 448 anni

123 483 292 530 tempus,
325 484 364 518 et
395 482 506 519 nullo
539 484 780 531 prorogante
812 481 1025 531 imperium
1056 482 1237 532 privatus
1269 481 1329 519 Ti.
1363 482 1556 520 Claudius

125 551 287 589 classem
319 552 490 590 Romam
521 553 693 590 reduxit.
743 553 798 591 M.
833 552 1042 599 Servilius,
1073 567 1122 590 ne
1155 554 1408 591 comitiorum
1441 555 1598 592 causa4

123 622 174 660 ad
205 624 345 661 urbem
376 629 643 672 revocaretur,
675 625 872 662 dictatore
899 625 1004 663 dicto
1031 626 1073 664 C.
1102 624 1275 663 Servilio
1304 625 1485 673 Gemino,
1516 627 1556 663 in

123 695 371 744 provinciam
419 701 478 734 est
523 698 745 746 profectus;
794 697 966 734 dictator
1012 699 1244 747 magistrum
1291 698 1471 747 equitum
1511 698 1558 735 P.

125 766 279 804 AElium
295 767 450 806 Paetum
478 768 595 806 dixit.
635 768 749 819 Saepe
776 770 937 807 comitia
961 770 1113 807 indicta
1138 770 1277 819 perfici
1299 773 1552 820 tempestates
1571 770 1593 807 5

123 838 435 888 prohibuerunt;
467 840 604 890 itaque
637 854 756 890 quum
784 841 916 890 pridie
945 842 1033 879 idus
1054 842 1222 879 Martias
1247 845 1402 880 veteres
1434 842 1556 891 magi-

124 913 272 948 stratus
303 911 500 959 abissent,
544 912 638 950 novi
679 913 833 951 suffecti
879 927 958 951 non
990 917 1139 961 essent,
1184 927 1247 951 res
1280 914 1442 964 publica
1473 915 1556 951 sine

124 983 331 1020 curulibus
362 984 664 1032 magistratibus
702 988 798 1022 erat.

239 1053 285 1093 Τ.
325 1054 503 1094 Manlius
544 1056 773 1106 Torquatus
819 1057 1002 1106 pontifex
1048 1071 1092 1094 eo
1140 1071 1243 1095 anno
1276 1061 1471 1104 mortuus;
1519 1057 1602 1095 in6

124 1125 253 1164 locum
289 1127 374 1165 eius
420 1128 605 1166 suffectus
649 1128 690 1166 C.
729 1128 934 1178 Sulpicius
982 1128 1124 1167 Galba.
1203 1129 1270 1166 Ab
1311 1128 1357 1167 L.
1391 1129 1554 1166 Licinio

124 1197 295 1237 Lucullo
337 1203 376 1236 et
406 1200 454 1247 Q.
487 1200 634 1238 Fulvio
675 1202 863 1239 aedilibus
910 1201 1114 1239 curulibus
1154 1201 1239 1238 ludi
1281 1201 1454 1238 Romani
1497 1205 1560 1238 ter

123 1270 199 1307 toti
245 1270 470 1310 instaurati.
545 1272 763 1310 Pecuniam
825 1287 872 1310 ex
923 1274 1064 1311 aerario
1124 1274 1263 1310 scribae
1309 1273 1562 1323 viatoresque
1581 1274 1603 1310 7

123 1343 287 1380 aedilicii
333 1344 433 1381 clam
465 1345 657 1393 egessisse
702 1358 773 1395 per
813 1345 984 1383 indicem
1018 1347 1215 1392 comperta·
1246 1345 1424 1382 damnati
1455 1349 1557 1392 sunt,

126 1427 205 1452 non
238 1414 323 1452 sine
365 1415 527 1454 infamia
559 1416 723 1454 Luculli
768 1417 910 1456 aedilis.
986 1418 1032 1455 P.
1064 1417 1198 1454 AElius
1233 1416 1393 1454 Tubero
1440 1420 1479 1454 et
1509 1417 1597 1456 L.8

125 1485 327 1524 Laetorius
352 1488 490 1526 aediles
516 1489 645 1538 plebis
669 1489 768 1527 vitio
797 1490 921 1527 creati
939 1490 1173 1538 magistratu
1192 1502 1232 1526 se
1260 1489 1556 1536 abdicaverunt,

125 1570 245 1606 quum
278 1558 393 1596 ludos
424 1559 688 1610 ludorumque
721 1574 837 1599 causa
864 1563 1022 1611 epulum
1050 1562 1139 1598 Iovi
1164 1561 1350 1599 fecissent
1381 1565 1419 1599 et
1445 1562 1559 1611 signa

122 1629 204 1667 tria
250 1643 298 1667 ex
344 1632 569 1670 multaticio
616 1636 781 1681 argento
828 1633 934 1671 facta
982 1634 1020 1670 in
1069 1632 1270 1682 Capitolio
1315 1634 1554 1684 posuissent.

126 1699 311 1740 Cerealia
342 1702 458 1741 ludos
490 1704 665 1742 dictator
697 1709 735 1742 et
766 1706 955 1754 magister
988 1706 1166 1754 equitum
1198 1719 1244 1742 ex
1276 1710 1435 1743 senatus
1467 1718 1555 1743 con-

127 1773 231 1810 sulto
263 1774 452 1813 fecerunt.

239 1845 384 1895 Legati
411 1861 458 1885 ex
483 1848 624 1886 Africa
645 1848 816 1886 Romani
841 1849 958 1886 simul
977 1849 1409 1899 Carthaginiensesque
1436 1862 1557 1899 quum
1643 1845 1703 1894 40

123 1918 326 1956 venissent
362 1919 552 1967 Romam,
597 1925 756 1958 senatus
803 1921 853 1958 ad
900 1921 1023 1958 aedem
1056 1922 1236 1960 Bellonae
1283 1922 1446 1960 habitus
1487 1925 1556 1958 est.

125 1988 210 2027 Ubi
243 2004 364 2040 quum
390 1992 436 2030 L.
467 1992 660 2030 Veturius
686 1992 818 2039 Philo,
851 1997 1072 2042 pugnatum
1109 2007 1196 2031 cum
1218 1994 1448 2032 Hannibale
1476 2007 1559 2031 esse
1577 1995 1600 2031 2

125 2074 311 2111 suprema
344 2062 744 2114 Carthaginiensibus
790 2078 926 2114 pugna
970 2065 1166 2115 finemque
1204 2067 1364 2104 tandem
1397 2066 1559 2116 lugubri

124 2133 231 2171 bello
262 2135 505 2185 impositum,
538 2136 693 2184 ingenti
725 2136 866 2173 laetitia
898 2140 1057 2186 patrum
1090 2139 1362 2188 exposuisset,
1396 2137 1596 2184 adiecit,3

127 2204 358 2244 Verminam
391 2208 510 2245 etiam
542 2207 738 2257 Syphacis
769 2207 907 2253 filium,
940 2222 1027 2258 quae
1058 2223 1182 2259 parva
1214 2210 1316 2248 bene
1347 2213 1468 2259 gestae
1499 2211 1557 2247 rei

125 2279 297 2316 accessio
330 2283 425 2327 erat,
457 2279 669 2317 devictum.
730 2279 778 2316 In
824 2280 1051 2318 contionem
1098 2281 1188 2318 inde
1233 2282 1395 2332 prodire
1427 2283 1558 2320 iussus

125 2349 393 2400 gaudiumque
424 2351 465 2388 id
496 2351 645 2401 populo
678 2351 894 2400 impertire.
943 2351 1042 2389 Tum
1069 2354 1269 2402 patefacta
1292 2355 1557 2403 gratulationi
1575 2354 1600 2391 4

125 2421 257 2458 omnia
289 2421 330 2458 in
362 2423 460 2460 urbe
491 2423 641 2473 templa
671 2424 1063 2474 supplicationesque
1095 2425 1135 2461 in
1166 2425 1343 2463 triduum
1376 2426 1557 2464 decretae.

125 2490 290 2540 Legatis
322 2491 714 2544 Carthaginiensium
754 2498 794 2533 et
832 2495 1014 2545 Philippi
1054 2497 1158 2544 regis
1199 2497 1306 2547 (nam
1339 2498 1366 2535 ii
1399 2509 1557 2547 quoque

126 2565 335 2612 venerant)
362 2566 602 2614 petentibus,
626 2570 671 2604 ut
694 2570 854 2604 senatus
881 2567 959 2604 sibi
985 2566 1160 2614 daretur,
1188 2582 1423 2619 responsum
1448 2570 1556 2607 iussu

124 2638 283 2684 patrum
316 2636 366 2674 ab
398 2637 594 2676 dictatore
627 2641 697 2685 est,
727 2638 910 2675 consules
942 2651 1062 2677 novos
1103 2640 1151 2676 iis
1183 2645 1361 2679 senatum
1394 2641 1556 2679 daturos
