1789 2955
530 82 646 117 Liber
672 81 798 117 xxx.
848 84 910 126 (A.
938 82 1002 117 oh.
1029 85 1123 127 202.)
1458 87 1538 125 255

109 209 351 247 exercitibus
382 209 532 259 pulsis3
565 209 702 247 consul
730 213 896 256 creatus,
929 223 1048 259 quum
1082 211 1223 248 ceteris
1255 211 1305 248 ad
1334 211 1540 249 tutandam
1563 211 1611 248 14

107 281 268 319 Italiam
298 294 439 330 parum
471 280 594 318 animi
627 284 739 327 esset,
771 284 1041 329 transgressus
1083 282 1123 320 in
1154 282 1349 331 Africam,
1382 283 1537 321 duobus

107 352 172 390 hic
199 352 446 390 exercitibus
478 353 602 399 caesis,
632 351 738 389 binis
771 352 906 389 eadem
931 353 1030 391 hora
1055 353 1180 404 captis
1205 354 1324 392 simul
1348 355 1539 393 incensis-

109 438 185 475 que
217 424 370 471 castris,
387 422 569 474 Syphace
585 423 862 473 potentissimo
880 437 974 473 rege
993 428 1121 474 capto,
1153 428 1214 462 tot
1229 426 1397 463 urbibus
1424 427 1539 476 regni

108 496 204 543 eius,
220 498 282 534 tot
297 496 425 534 nostri
442 495 603 545 imperii
620 495 781 544 ereptiS‚
813 509 874 533 me
901 501 1054 534 sextum
1083 497 1280 535 decimum
1298 498 1375 536 iam
1394 511 1539 535 annum

106 568 323 606 haerentem
354 568 396 605 in
427 567 676 617 possessione
707 566 838 604 Italiae
871 567 1098 605 detraxisti.
1159 569 1300 607 Potest
1329 570 1538 607 victoriam
1558 568 1607 606 15

106 640 227 678 malle
266 652 384 690 quam
430 652 567 689 pacem
615 639 781 676 animus.
842 638 947 677 Novi
993 641 1158 690 spiritus
1203 655 1367 691 magnos
1413 642 1540 691 magis

107 725 227 762 quam
256 711 401 757 utiles;
432 715 471 748 et
501 711 598 747 mihi
621 710 713 747 talis
731 710 949 760 aliquando
976 712 1137 750 fortuna
1158 712 1322 752 affulsit.
1372 712 1488 760 Quod
1505 713 1538 750 si
1558 713 1606 752 16

107 784 149 820 in
180 782 365 821 secundis
396 783 514 820 rebus
546 782 692 820 bonam
724 795 882 832 quoque
906 788 1077 821 mentem
1109 784 1251 822 darent
1285 785 1359 832 dei,
1390 799 1469 823 non
1497 799 1542 822 ea

109 856 248 902 solum,
280 868 369 904 quae
401 854 641 900 evenissent,
686 853 755 890 sed
787 854 907 891 etiam
954 868 1011 902 ea,
1057 869 1144 905 quae
1178 857 1334 894 evenire
1367 859 1541 906 possent,

106 930 393 977 reputaremus,
455 925 514 964 Ut
531 925 706 964 omnium
722 924 975 965 obliviscaris
992 928 1175 975 aliorum,
1200 929 1295 966 satis
1323 942 1397 977 ego
1424 928 1541 966 docu-

108 999 233 1036 menti
249 998 292 1035 in
319 1011 451 1036 omnes
480 1011 592 1035 casus
617 1010 715 1043 sum,
733 1010 861 1045 quem,
885 998 1014 1046 modo,
1047 1001 1186 1038 castris
1218 1002 1322 1038 inter
1339 999 1539 1038 Anienem
1559 1000 1609 1038 17

108 1073 227 1119 atque
252 1070 391 1107 urbem
422 1074 595 1108 vestram
626 1068 781 1118 positiS,
813 1069 926 1118 signa
963 1071 1198 1108 inferentem
1232 1085 1276 1108 ac
1310 1072 1390 1109 iam
1417 1085 1541 1122 prope

106 1141 360 1180 scandentem
376 1141 521 1178 moenia
536 1140 728 1186 Romana,
748 1140 812 1177 hie
839 1154 990 1189 cernas,
1018 1143 1172 1180 duobus
1189 1143 1392 1190 fratribus,
1408 1144 1540 1181 fortis-

108 1213 219 1251 simis
249 1213 368 1260 viris,
408 1212 642 1250 clarissimis
672 1212 1003 1261 imperatoribus,
1035 1214 1239 1261 orbatum,
1273 1219 1364 1253 ante
1398 1216 1542 1253 moenia

107 1299 232 1336 prope
253 1285 422 1323 obsessae
439 1284 592 1333 patriae,
610 1282 757 1332 quibus
773 1284 900 1321 terrui
917 1288 1092 1323 vestram
1109 1287 1259 1334 urbem,
1290 1301 1336 1324 ea
1366 1301 1438 1337 pro
1456 1300 1543 1325 mea

109 1357 400 1408 deprecantem.
469 1355 658 1393 Maximae
698 1354 843 1404 cuique
884 1356 1052 1394 fortunae
1095 1358 1255 1395 minime
1298 1359 1538 1397 credendum
1559 1359 1610 1397 18

108 1432 179 1468 est.
240 1429 290 1466 In
321 1427 440 1466 bonis
469 1427 551 1465 tuis
582 1427 716 1473 rebUS,
746 1428 894 1465 nostris
927 1429 1072 1479 dubiis,
1107 1430 1184 1467 tibi
1215 1431 1348 1480 ampla
1379 1445 1423 1468 ac
1456 1444 1540 1480 spe-

109 1501 215 1538 ciosa
247 1500 359 1537 danti
391 1504 449 1537 est
478 1513 570 1549 pax,
601 1498 717 1537 nobis
749 1499 978 1548 petentibus
1009 1502 1137 1550 magis
1169 1503 1393 1540 necessaria
1425 1516 1542 1552 quam

107 1572 286 1610 honesta.
333 1572 483 1609 Melior
500 1571 705 1620 tutiorque
724 1575 783 1609 est
799 1575 908 1609 certa
933 1586 1011 1622 pax
1039 1586 1155 1622 quam
1173 1577 1331 1623 sperata
1356 1574 1543 1620 victoria3
1564 1573 1613 1609 19

109 1644 194 1682 haec
225 1644 266 1681 in
311 1647 399 1691 tua,
441 1643 513 1681 illa
559 1643 602 1680 in
634 1642 798 1680 deorum
843 1656 963 1681 manu
1009 1648 1078 1682 est.
1139 1645 1199 1683 Ne
1241 1649 1304 1683 tot
1349 1659 1544 1683 annorum

106 1716 348 1754 felicitatem
379 1716 420 1752 in
443 1715 562 1752 unius
586 1715 696 1752 horae
722 1714 879 1752 dederis
903 1715 1130 1754 discrimen.
1176 1717 1308 1764 Quum
1324 1720 1414 1755 tuas
1429 1717 1545 1763 vires,
1564 1716 1616 1753 20

112 1791 197 1826 tum
230 1788 310 1825 vim
341 1787 511 1825 fortunae
528 1787 781 1835 Martemque
806 1786 906 1824 belli
932 1801 1179 1825 communem
1195 1802 1374 1838 propone
1392 1789 1544 1835 animo3

110 1859 300 1909 utrinque
316 1859 481 1906 ferrum,
495 1859 690 1908 utrinque
708 1871 876 1908 corpora
899 1859 1071 1897 humana
1094 1863 1229 1907 erunt;
1253 1874 1449 1910 nusquam
1473 1861 1543 1898 mi-

113 1943 187 1968 nus
205 1944 323 1980 quam
340 1931 382 1968 in
398 1930 504 1968 bello
523 1934 689 1968 eventus
706 1930 960 1980 respondent.
1005 1931 1096 1970 Non
1119 1935 1274 1969 tantum
1299 1932 1349 1970 ad
1366 1932 1419 1980 id,
1437 1932 1541 1982 quod
1558 1931 1606 1968 21

114 2001 208 2040 data
236 2015 333 2053 pace
363 2003 443 2040 iam
473 2002 622 2040 habere
653 2006 788 2051 potes,
829 2002 863 2039 si
899 2003 1045 2051 proelio
1075 2004 1232 2052 vincas,
1262 2004 1403 2053 gloriae
1436 2005 1543 2042 adie-

111 2074 224 2124 ceris,
253 2078 444 2124 quantum
462 2075 696 2122 dempseris,
730 2074 763 2111 si
781 2073 877 2123 quid
894 2074 1052 2112 adversi
1069 2076 1236 2113 eveniat.
1281 2075 1412 2113 Simul
1426 2079 1544 2125 parta

113 2159 159 2184 ac
191 2149 349 2196 sperata
380 2146 525 2184 decora
555 2147 671 2184 unius
701 2146 810 2183 horae
826 2146 986 2183 fortuna
1009 2150 1189 2185 evertere
1213 2151 1356 2197 potest.
1402 2147 1546 2186 Omnia
1563 2147 1615 2184 22

116 2216 160 2254 in
189 2230 286 2267 pace
316 2218 520 2268 iungenda
551 2221 630 2255 tuae
668 2218 878 2268 potestatis
915 2221 1018 2266 sunt,
1049 2218 1096 2256 P.
1129 2218 1312 2266 Corneli3
1356 2222 1452 2257 tunc
1499 2233 1544 2257 ea

111 2287 298 2327 habenda
327 2289 488 2328 fortuna
521 2290 606 2335 erit,
638 2302 757 2339 quam
790 2289 831 2326 di
862 2288 1056 2328 dederint.
1119 2291 1232 2328 Inter
1262 2305 1390 2341 pauca
1420 2291 1543 2329 felici·
1561 2290 1614 2327 23

112 2360 208 2398 tatis
236 2360 478 2411 virtutisque
510 2361 693 2409 exempla
722 2359 778 2398 M.
809 2360 968 2398 Atilius
1000 2362 1201 2411 quondam
1232 2363 1273 2400 in
1303 2362 1376 2400 hac
1408 2363 1543 2400 eadem

111 2434 221 2469 terra
249 2432 400 2480 fuisset,
444 2433 479 2471 si
524 2433 653 2471 victor
698 2445 837 2481 pacem
882 2434 1110 2482 petentibus
1158 2434 1331 2472 dedisset
1361 2434 1544 2484 patribus

114 2503 283 2550 nostris3
314 2503 384 2541 sed
399 2517 478 2542 non
496 2503 707 2542 statuendo
724 2503 910 2541 felicitati
926 2504 1086 2542 modum
1111 2519 1182 2543 1100
1208 2505 1430 2543 cohibendo
1456 2505 1544 2543 effe-

125 2578 278 2612 rentem
294 2587 336 2612 se
351 2575 565 2623 fortunam,
582 2578 730 2625 quanto
747 2575 867 2612 altius
884 2575 1009 2612 elatus
1027 2579 1123 2623 erat,
1151 2590 1196 2614 eo
1218 2576 1363 2615 foedius
1381 2578 1541 2616 corruit.

114 2643 191 2682 Est
221 2645 382 2696 quidem
413 2647 518 2693 eius,
549 2647 620 2696 qui
650 2646 736 2693 dat,
767 2658 846 2683 non
888 2647 956 2695 qui
986 2647 1098 2696 petit,
1130 2648 1381 2687 condiciones
1412 2648 1544 2686 dicere
1562 2648 1614 2686 24
