1789 2955
263 117 341 158 156
678 116 782 147 Liber
808 116 935 148 XXIII.
968 115 1024 157 (A.
1046 126 1075 146 u.
1097 126 1125 147 c.
1147 114 1240 159 539.)

258 247 406 295 legatio
438 258 592 295 paucos
626 252 719 283 ante
751 247 839 283 dies
872 247 1047 284 venisset
1078 253 1118 284 et
1149 248 1247 296 quid
1269 248 1316 284 iis
1339 248 1414 297 ipsi
1436 248 1669 296 respondis-

192 315 236 354 11
259 324 366 354 sent:
401 318 534 353 triduo
559 323 653 365 post
676 329 767 353 eum
791 317 900 353 diem
924 317 1070 354 festum
1093 329 1203 361 esse;
1228 329 1314 354 non
1338 323 1524 354 senatum
1541 318 1670 355 solum

259 400 421 424 omnem
445 388 499 423 ibi
519 387 704 431 futurum,
732 388 806 423 sed
824 393 954 424 castra
973 389 1093 424 etiam
1111 393 1151 423 et
1167 388 1383 424 exercitum
1402 387 1669 437 Campanum.

194 457 242 494 12
259 457 480 502 Gracchus,
505 458 622 494 iussis
641 457 832 493 Cumanis
857 459 994 495 omnia
1018 471 1066 494 ex
1091 458 1195 506 agris
1220 459 1262 494 in
1285 459 1426 495 urbem
1443 459 1670 495 convehere

258 534 298 564 et
324 540 489 565 manere
519 529 623 564 intra
649 540 798 573 muros,
829 529 916 577 ipse
944 529 1087 577 pridie,
1117 540 1237 576 quam
1265 533 1410 564 statum
1435 528 1671 565 sacrificium

192 598 241 636 12}
259 600 480 647 Campanis
504 604 625 642 esset,
653 598 801 635 Cumas
827 605 962 635 movet
986 604 1129 635 castra.
1177 597 1320 635 Hamae
1344 599 1441 635 inde
1461 599 1535 634 tria
1552 599 1672 635 millia

260 681 449 716 passuum
483 669 642 705 absunt.
705 667 789 705 Iam
815 668 1013 717 Campani
1037 680 1087 705 eo
1113 668 1344 716 frequentes
1369 681 1417 705 ex
1441 669 1671 718 composito

259 744 547 782 convenerant,
581 751 657 775 nec
681 740 820 787 procul
843 740 939 775 inde
964 739 1005 774 in
1030 739 1189 775 occulto
1214 738 1365 775 Marius
1389 739 1512 776 Alfius
1536 739 1673 776 medix

261 810 402 846 tuticus
421 808 469 859 (is
488 820 665 845 summus
682 809 938 857 magistratus
957 814 1042 844 erat
1055 808 1289 858 Campanis)
1307 821 1397 845 cum
1410 810 1673 858 quattuorde-

192 877 243 916 14
260 880 334 916 cim
367 880 536 915 millibus
562 885 805 915 armatorum
831 880 1009 915 habebat
1032 885 1175 923 castra,
1210 879 1405 916 sacrificio
1431 881 1672 928 apparando

259 957 299 986 et
324 951 427 986 inter
455 951 499 985 id
523 951 769 986 instruendae
792 950 922 985 fraudi
948 951 1155 998 aliquanto
1179 949 1371 985 intentior
1394 962 1516 998 quam
1544 951 1675 986 muni-

192 1018 243 1057 15
258 1021 376 1057 endis
409 1021 547 1057 castris
580 1025 649 1056 aut
681 1021 746 1056 ulli
779 1021 934 1056 militari
968 1021 1094 1069 operi.
1159 1017 1373 1070 [Triduum
1407 1020 1671 1057 sacrificatum

259 1091 312 1125 ad
329 1087 516 1140 Hamas.]
565 1090 815 1127 Nocturnum
840 1097 925 1126 erat
942 1103 1112 1134 sacrum,
1137 1091 1191 1126 ita
1211 1095 1252 1126 ut
1269 1095 1364 1126 ante
1381 1090 1557 1126 mediam
1575 1102 1673 1127 noc-

195 1158 241 1197 1(ss
259 1167 339 1196 tem
364 1161 644 1208 compleretur.
694 1161 798 1197 Huic
822 1160 1030 1198 Gracchus
1054 1161 1329 1197 insidiandum
1355 1161 1526 1208 tempori
1550 1166 1672 1204 ratus,

260 1231 496 1267 custodibus
521 1231 576 1266 ad
600 1236 737 1279 portas
763 1231 918 1279 positis,
944 1244 996 1267 ne
1021 1232 1109 1279 quis
1134 1231 1342 1267 enuntiare
1369 1235 1508 1279 posset
1526 1235 1672 1278 coepta,

260 1306 299 1336 et
331 1313 353 1336 a
387 1301 547 1337 decima
579 1301 659 1337 diei
692 1302 791 1337 hora
816 1303 967 1338 coactis
992 1302 1180 1337 militibus
1207 1313 1378 1349 corpora
1404 1312 1542 1336 curare
1567 1312 1674 1337 som-

192 1369 239 1408 17
259 1382 395 1418 noque
428 1383 595 1419 operam
623 1372 734 1416 dare,
768 1378 810 1407 ut
835 1372 970 1419 primis
993 1371 1168 1407 tenebris
1195 1371 1411 1407 convenire
1435 1371 1489 1406 ad
1516 1371 1673 1419 signum

193 1440 244 1479 18
261 1447 442 1489 possent,
472 1442 604 1489 vigilia
633 1442 757 1478 ferme
785 1443 913 1491 prima
938 1442 1021 1477 tolli
1046 1442 1159 1478 iussit
1183 1442 1312 1489 signa,
1343 1441 1554 1488 silentique
1582 1453 1674 1489 pro-

261 1511 387 1547 fectus
406 1512 566 1560 agmine
585 1525 708 1559 quum
726 1514 779 1548 ad
798 1511 951 1549 Hamas
969 1513 1104 1548 media
1122 1517 1244 1548 nocte
1262 1511 1523 1560 pervenisset,
1543 1516 1673 1547 castra

260 1580 472 1630 Campana
505 1588 547 1618 ut
578 1583 618 1618 in
650 1583 857 1631 pervigilio
891 1583 1077 1631 neglecta
1111 1582 1225 1618 simul
1252 1582 1440 1617 omnibus
1464 1582 1590 1629 portis
1614 1581 1673 1617 in-

260 1652 387 1695 vadit;
429 1652 530 1688 alios
570 1665 716 1689 somno
750 1659 910 1697 stratos,
951 1653 1052 1689 alios
1084 1657 1316 1701 perpetrato
1351 1663 1467 1688 sacro
1500 1652 1674 1688 inermes

191 1720 242 1760 19
259 1723 478 1759 redeuntes
511 1724 736 1761 obtruncat.
801 1723 1023 1759 Hominum
1056 1735 1105 1759 eo
1139 1723 1306 1758 tumultu
1339 1727 1539 1759 nocturno
1570 1733 1675 1758 caesa

258 1793 347 1841 plus
376 1794 459 1829 duo
487 1794 608 1829 millia
636 1806 727 1830 cum
752 1795 842 1842 ipso
871 1795 975 1830 duce
1003 1793 1132 1829 Mario
1163 1793 1287 1837 A1fi0;
1322 1792 1461 1841 capti*
1489 1798 1529 1828 et
1558 1792 1673 1841 signa

260 1863 442 1899 militaria
475 1869 662 1912 quattuor
694 1870 734 1900 et
766 1865 939 1913 triginta.

133 1929 194 1973 36
378 1933 588 1971 Gracchus
617 1935 747 1971 minus
774 1940 933 1971 centum
963 1934 1129 1970 militum
1156 1934 1309 1969 iactura
1336 1934 1474 1970 castris
1499 1933 1673 1969 hostium

260 2004 409 2051 potitus
429 2004 578 2041 Cumas
604 2017 646 2041 se
671 2017 844 2053 propere
868 2005 1032 2053 recepit,
1059 2004 1111 2039 ab
1129 2003 1359 2040 Hannibale
1382 2008 1581 2047 metuens,
1607 2004 1674 2051 qui

219 2073 379 2122 flsuper
405 2074 589 2123 Capuam
620 2075 661 2110 in
687 2075 829 2111 Tifatis
864 2074 1039 2110 habebat
1072 2079 1215 2110 castra.
1278 2073 1364 2110 Nec
1389 2086 1481 2110 eum
1505 2074 1675 2122 provida

260 2144 376 2179 futuri
406 2144 545 2180 fefellit
572 2145 726 2193 opinio.
776 2144 879 2180 Nam
905 2145 1019 2180 simul
1046 2145 1227 2193 Capuam
1254 2157 1303 2180 ea
1328 2144 1466 2180 clades
1489 2149 1550 2180 est
1572 2155 1674 2180 nun—

259 2214 368 2258 tiata,
393 2220 501 2251 ratus
519 2215 738 2260 Hannibal,
765 2217 815 2251 ab
840 2228 882 2251 re
907 2216 1012 2251 bene
1035 2221 1151 2263 gesta
1174 2215 1395 2252 insolenter
1413 2214 1545 2251 laetum
1563 2225 1673 2250 exer—

259 2285 393 2329 eitum,
420 2285 595 2321 tironum
619 2298 769 2334 magna
794 2299 842 2322 ex
859 2292 973 2335 parte
991 2291 1026 2321 et
1043 2298 1261 2329 servorum,
1287 2285 1529 2334 spoliantem
1546 2283 1673 2321 victos

219 2354 244 2393 3
259 2355 499 2403 praedasque
525 2361 714 2404 agentem
738 2358 792 2392 ad
810 2356 964 2392 Hamas
990 2368 1033 2393 se
1051 2356 1317 2398 inventurum,
1343 2355 1507 2390 citatum
1525 2366 1673 2402 agmen

260 2430 402 2473 praeter
427 2426 609 2474 Capuam
642 2427 757 2474 rapit,
791 2427 1015 2474 obviosque
1048 2439 1096 2462 ex
1129 2426 1224 2474 suga
1249 2424 1551 2473 Campanorum
1573 2425 1672 2460 dato
1699 2466 1702 2469 Δ

221 2494 449 2543 4praesidi0
476 2496 657 2544 Capuam
691 2497 798 2540 duci,
833 2497 993 2533 saucios
1018 2495 1207 2532 vehiculis
1231 2494 1381 2543 portari
1404 2495 1526 2531 iubet.
1579 2494 1673 2543 Ipse

263 2565 402 2602 Hamis
427 2579 554 2603 vacua
577 2567 628 2603 ab
653 2567 835 2603 hostibus
859 2572 991 2602 castra
1014 2579 1090 2602 nec
1108 2566 1323 2614 quicquam
1341 2570 1484 2614 praeter
1500 2565 1672 2601 recentis

261 2636 427 2684 vestigia
466 2638 589 2674 caedis
629 2642 832 2684 strataque
872 2637 1023 2685 passim
1062 2648 1236 2685 corpora
1274 2636 1476 2672 sociorum
1507 2635 1671 2672 invenit.
