1789 2955
966 70 1042 105 XII

292 185 470 220 Vermina
510 187 532 219 4
573 184 827 229 (Pluyqersius
871 183 1026 218 dimidio
1069 185 1206 226 maior3
1241 184 1301 219 sed
1342 185 1457 219 nimio
1490 185 1571 229 plus
1615 185 1715 221 dixit

288 243 420 278 Livius
445 241 477 285 I,
501 243 533 284 2,
558 243 580 277 3
602 244 637 276 et
654 240 715 285 II,
738 242 801 283 37,
825 242 866 286 4,·
890 240 957 286 cfr.
983 239 1164 283 XXXIX,
1187 241 1243 282 40,
1269 242 1320 284 9.)
1348 240 1530 285 XXXIV,
1557 245 1577 276 3
1608 243 1708 277 mille

288 299 402 334 ferme
433 301 454 333 8
488 298 610 342 (Codd.
649 298 803 333 HVRF
827 310 962 343 pugnae
993 301 1205 341 venturum3
1239 297 1395 333 Bootius
1420 298 1467 333 ad
1493 298 1562 334 Cic.
1587 311 1640 344 ep.
1665 299 1712 334 ad

290 358 365 392 Att.
403 356 454 391 II
459 384 465 398 ,
498 358 543 391 12
578 366 712 400 pugnae
745 355 1034 398 subventurum,
1071 366 1146 389 nou
1188 355 1497 399 improbabilitcr;
1531 367 1617 390 ‘nam
1649 357 1712 390 ob-

288 414 415 448 venire
451 424 586 458 pugnae
620 423 751 457 parum
775 412 909 447 usitate
934 411 1100 454 dicitur.)
1145 410 1307 454 XXXV,
1332 414 1353 445 2
1378 414 1528 456 captum
1558 412 1712 446 Hanno-

287 481 372 504 nem
405 471 538 505 13—14
573 469 793 511 communit3
830 480 903 503 uno
941 469 1038 502 vallo
1064 471 1102 502 et
1126 468 1272 502 navalia
1307 471 1429 502 castra
1463 469 1710 513 amplectitur.

288 528 376 572 iugo
402 526 588 569 XXXVI,
616 527 656 560 11
690 526 928 561 condemnati
965 528 1071 558 erant
1102 524 1314 566 XXXVII,
1346 527 1369 559 4
1394 525 1596 560 credebant
1632 526 1712 561 siue

287 584 392 619 uncis
415 585 436 617 8
462 586 612 616 ventum
638 585 705 616 est.

378 640 448 675 mh.
475 640 566 674 XXX.
616 639 703 684 Cap.
729 639 767 682 I,
805 641 824 673 7
859 640 1047 673 obtineret
1092 640 1096 682 Ι
1141 650 1231 682 quas
1265 638 1306 674 L.
1341 639 1557 673 Scribonius
1582 641 1603 673 8
1629 639 1712 674 Ser·

288 697 377 731 vilio
417 697 496 731 siue
543 697 647 731 uncis
695 696 889 740 (Wesenb.)
932 695 992 738 II,
1038 697 1052 729 1
1101 696 1250 740 scripta,
1290 700 1326 730 et
1375 696 1461 740 quia
1487 695 1634 740 (Grou.)
1689 698 1693 740 Ι

288 754 420 796 fuerat,
467 757 504 788 et
542 754 627 797 quia
663 781 670 788 .
697 782 704 789 .
733 779 740 787 .
790 765 903 787 oram.
947 752 1125 787 tredecim
1165 752 1337 797 (Iozterp.)
1386 752 1440 796 V,
1477 755 1496 786 7
1533 753 1712 798 proximis

288 811 380 845 casis
420 811 461 845 lO
497 810 646 844 flamma
681 810 806 844 hausit
862 810 866 854 ξ
922 809 1029 843 multi
1072 810 1109 843 in
1146 809 1331 854 praecipiti
1370 808 1440 853 VI,
1478 812 1499 844 ‘2
1536 809 1712 845 confusus

290 867 388 908 VH,
427 869 447 902 6
478 868 598 902 tribus
635 868 674 889 *²³³
711 878 784 901 una
821 866 930 909 VIII,
968 868 990 900 8
1028 869 1284 911 oppugnatum
1330 867 1367 900 in
1407 866 1573 901 Africam
1609 866 1654 910 X,
1691 868 1713 900 4

288 927 467 970 poterant
493 925 534 958 16
558 928 693 959 vocant
718 944 761 948 ——
787 936 831 958 ex
858 923 989 967 (Groui.
1015 935 1031 958 e
1056 924 1219 967 vestigiis
1238 923 1409 958 codicum.
1447 925 1539 969 Apte
1563 926 1715 959 notatur

287 993 377 1017 usus
407 981 577 1026 loquendi
613 981 818 1024 militaris.)
859 983 899 1014 19
936 980 1089 1014 lacerati
1126 981 1278 1024 quidem
1313 983 1357 1015 20
1393 981 1540 1023 laetitia,
1579 982 1644 1016 sed
1670 992 1713 1016 eo

288 1038 356 1080 XI,
383 1040 403 1071 9
433 1039 621 1083 (Fortasse
659 1040 752 1072 recte
790 1037 890 1072 codd.
917 1037 1014 1082 quid.
1048 1048 1135 1072 recc.
1173 1040 1209 1072 et
1237 1037 1314 1072 edd.
1351 1040 1432 1072 vett.
1468 1049 1536 1082 per
1573 1041 1713 1072 turmas

288 1096 364 1130 suis
390 1096 489 1129 viam
514 1095 663 1137 dantes;
689 1106 775 1129 uam
802 1106 886 1128 suas
914 1094 1103 1137 abundat.)
1142 1096 1183 1128 10
1214 1106 1255 1128 ac
1286 1106 1422 1139 pavere
1455 1095 1596 1129 turbati
1622 1094 1713 1140 (My.

288 1154 390 1187 1882.
433 1152 540 1188 Codd.
567 1152 640 1187 PF
659 1163 821 1196 propere
846 1151 997 1193 turbati,
1026 1151 1071 1186 H
1090 1162 1250 1196 propere
1276 1151 1401 1185 turbat
1426 1152 1480 1194 in3
1517 1152 1714 1197 manifesto

289 1212 432 1245 tenetur
454 1221 572 1255 prope
597 1211 632 1244 et
653 1209 836 1253 sequentis
872 1209 969 1243 vocis
994 1209 1037 1242 ab
1074 1219 1113 1242 re
1150 1207 1365 1252 incipientis
1393 1209 1520 1253 prima
1555 1208 1712 1254 syllaba3

287 1266 416 1302 deiude
444 1277 569 1312 pauca
593 1266 756 1310 quaedam
787 1268 941 1310 propter
976 1265 1228 1310 repetitionem
1263 1264 1460 1300 earundem
1494 1265 1712 1309 litterarum,

286 1327 389 1358 retro
415 1335 523 1357 —re
547 1327 616 1367 tur,
651 1324 784 1358 omissa
822 1325 927 1367 suut,·
962 1323 1012 1357 iis
1046 1322 1222 1367 suppletis
1247 1323 1433 1367 aptissime
1470 1324 1624 1357 notatur
1658 1322 1714 1357 rei

288 1381 422 1416 sensim
447 1382 597 1416 mutatae
612 1381 850 1425 progressio.)
899 1379 991 1423 XII,
1018 1381 1106 1414 3—5
1133 1380 1236 1412 Cirta
1274 1406 1281 1412 .
1309 1406 1315 1414 .
1344 1406 1350 1412 .
1383 1380 1471 1424 fuga
1496 1379 1714 1414 contulerat.

395 1450 410 1466 s
474 1465 480 1472 .
507 1465 514 1472 .
541 1448 579 1471 se
593 1437 813 1471 contulerat.
829 1437 921 1481 (My.
941 1437 1066 1479 Verba,
1082 1447 1160 1481 quoe
1175 1447 1241 1471 rzos
1261 1436 1715 1481 trcmsposuimus,coloco,

467 1494 629 1529 odicibus
654 1495 794 1539 scripta
817 1497 919 1536 suut,
938 1494 1042 1539 ferri
1078 1505 1153 1528 uon
1179 1504 1290 1538 posse,
1324 1494 1400 1538 ipse
1426 1493 1608 1528 Luchsius
1633 1504 1714 1528 cou-

466 1553 475 1565 ‘
509 1551 549 1584 iu
576 1551 844 1595 proleyomeuis
881 1551 929 1586 ad
962 1562 1114 1596 prorsus
1138 1551 1375 1595 improbabile
1412 1550 1535 1585 omnia
1571 1550 1715 1585 delendi

480 1638 482 1640 ,
509 1607 687 1652 confugit.
738 1608 841 1652 Quod
862 1608 1053 1653 principes
1078 1608 1303 1642 Cirtensium
1327 1607 1501 1652 iquorare
1532 1607 1629 1652 regis
1654 1618 1713 1642 ca-

458 1664 551 1698 uisse
576 1667 700 1709 ueyat,
730 1665 858 1709 facile,
897 1666 960 1710 qui
998 1665 1075 1700 acie
1099 1665 1221 1699 soluta
1248 1665 1350 1709 fuya
1384 1664 1454 1699 sibi
1489 1665 1715 1700 consulentes

388 1733 433 1756 „m
452 1724 706 1766 perremraffi,
734 1723 907 1767 ignorare
933 1724 1121 1767 poteraut,
1159 1733 1295 1766 reyem,
1331 1722 1394 1767 qui
1431 1721 1478 1755 ad
1515 1724 1713 1757 ezrtremum

353 1779 518 1814 ”lentibus
545 1779 749 1814 obluctatus
776 1782 836 1821 est,
863 1782 1008 1824 captum
1034 1782 1132 1822 csse.)
1169 1778 1276 1821 XIV,
1302 1780 1322 1813 5
1349 1778 1552 1824 (Siesbyeus
1576 1779 1718 1815 mavult

328 1847 388 1870 sus
415 1848 514 1878 sum;
531 1836 634 1880 ferri
661 1839 781 1871 tamea
800 1848 906 1882 posse
936 1837 1081 1871 videtur
1105 1836 1359 1871 coniunctivus
1383 1836 1549 1871 modestoe
1573 1836 1714 1871 dubita—

296 1893 402 1927 iouis
427 1892 570 1937 iudea.)
597 1896 617 1929 6
643 1905 718 1927 11011
746 1896 803 1928 est
827 1914 870 1918 -—
896 1894 987 1927 mihi
1014 1893 1341 1927 crede-tantum
1367 1892 1495 1935 XVII,
1516 1894 1558 1927 1-2
1585 1905 1626 1928 ea
1647 1905 1711 1938 pa-

285 1951 360 1983 tres
374 1949 464 1994 (My.
478 1951 583 1984 1882.
610 1950 819 1986 Pronomcu
839 1951 941 1986 varie
963 1953 998 1985 et
1003 1962 1118 1995 prave
1139 1951 1178 1984 iu
1204 1949 1385 1984 codicibus
1398 1951 1575 1995 scriptum
1592 1962 1713 1986 errore

286 2006 405 2039 ortum
430 2006 574 2041 videtur
598 2019 641 2041 ea:
668 2008 840 2042 extremis
874 2008 1009 2042 litteris
1041 2007 1206 2042 nominis
1233 2007 1473 2049 Masinissae.)
1512 2009 1553 2042 13
1579 2008 1713 2042 tunicis

286 2062 430 2105 (Weiss.
457 2064 605 2107 sagulis
640 2065 780 2099 ornatis
818 2076 862 2099 eoe
899 2075 996 2109 (equo
1035 2064 1269 2099 adiiciuutur
1304 2065 1438 2099 tunicae
1476 2065 1552 2098 lato
1591 2064 1711 2106 clavo3

285 2128 391 2154 casus
415 2130 438 2153 a
459 2119 612 2155 librario
633 2122 921 2157 accommodatus
936 2123 988 2157 est
1005 2121 1053 2156 ad
1075 2121 1251 2156 ablativos
1263 2121 1528 2166 proeccdeutes.)
1566 2121 1710 2164 XVIII,

286 2176 307 2208 3
332 2175 528 2210 induratus
556 2205 563 2211 .
591 2203 598 2210 .
624 2203 631 2210 .
659 2179 773 2212 timor
801 2178 871 2223 [ae]
906 2190 950 2212 ne
991 2179 1082 2223 (My.
1108 2179 1228 2213 Multo
1251 2179 1414 2223 facilius
1446 2189 1461 2211 s
1498 2178 1537 2213 iu
1563 2189 1581 2211 r
1604 2178 1713 2213 ‘certi-

286 2233 356 2275 tur,
382 2243 491 2277 quam
517 2233 661 2269 tollitur
685 2237 754 2279 ac.)
792 2238 811 2269 7
837 2240 878 2269 ut
909 2236 1115 2280 permixtus
1143 2235 1230 2280 (My.
1247 2237 1350 2270 1882.
1378 2235 1589 2269 permixtus
1616 2234 1711 2269 uude

280 2289 446 2334 positum
462 2291 565 2335 ferri
589 2302 664 2326 uon
683 2303 789 2336 posse
821 2293 1019 2337 complures
1054 2293 1331 2334 iutellea‘eraut,
1366 2292 1460 2337 quod
1495 2292 1709 2337 requiritur,

286 2347 398 2381 latere
422 2346 464 2381 iu
488 2346 633 2390 litteris,
659 2359 737 2392 quce
761 2349 802 2383 iu
827 2349 863 2384 P
882 2352 918 2384 et
945 2350 1032 2384 aliis
1064 2349 1245 2385 codicibus
1283 2351 1369 2384 aute
1404 2350 1610 2393 permixtus
1648 2349 1710 2384 acl-

289 2403 438 2445 (ἳππων,
466 2403 517 2438 Μ.
544 2405 743 2440 Muellerus
768 2405 858 2441 Nov.
885 2418 971 2441 (11111.
991 2407 1084 2451 phil.
1107 2406 1168 2450 IC',
1193 2407 1281 2445 340;
1306 2405 1366 2441 sed
1386 2408 1422 2440 et
1444 2405 1589 2447 codices,
1615 2406 1714 2440 velut

285 2459 327 2503 P,
351 2459 393 2494 iu
418 2471 487 2505 quo
512 2463 566 2496 est
592 2464 634 2495 ut
657 2473 736 2495 rem
760 2464 976 2506 permixtus,
995 2464 1123 2508 potius
1153 2467 1283 2498 turmae
1310 2474 1416 2508 quam
1443 2464 1563 2497 turbae
1589 2465 1707 2498 osten-

284 2515 387 2560 dunt,
413 2519 448 2552 et
470 2517 564 2553 illud
588 2519 712 2563 aptius
736 2521 790 2554 est
812 2519 859 2554 ad
884 2520 1022 2555 iustam
1046 2521 1160 2555 aciem
1191 2522 1227 2555 et
1256 2520 1461 2564 confertam
1495 2519 1710 2565 significan-

283 2572 378 2608 dam.
416 2574 571 2611 Erroris
596 2576 745 2611 initium
762 2576 856 2621 fuit,
882 2578 926 2611 ut
940 2579 1028 2621 post
1050 2580 1090 2610 ut
1117 2577 1345 2612 omitteretur
1377 2580 1417 2611 tu
1442 2577 1568 2613 relicto
1592 2578 1708 2621 rmae.)
