1789 2955
235 86 314 123 100
617 81 732 116 Liber
757 80 925 116 XXVlI.
977 80 1040 124 (A.
1066 94 1101 116 u.
1129 92 1157 115 c.
1185 81 1278 126 546.)

190 210 213 245 8
233 211 340 246 metu
357 208 664 258 populationum
682 209 923 258 compulsam
941 207 1136 246 audierat.
1180 207 1279 244 Eam
1297 207 1539 246 inconditam
1559 210 1664 247 iner-

232 293 412 330 memque
422 280 720 317 multitudinem
732 281 860 330 primo
877 280 1012 318 statim
1023 282 1178 317 terrore
1190 279 1404 317 adveniens
1417 281 1522 330 cepit
1534 295 1541 327 ;
1561 294 1664 318 com-

233 354 548 401 pensaveratque
566 365 610 390 ea
627 352 775 401 praeda,
793 352 898 402 quod
916 351 1147 401 ignominiae
1164 351 1214 388 ad
1230 351 1337 388 Elim
1356 355 1562 401 acceptum
1580 354 1662 390 fue-

193 427 214 460 9
234 427 308 462 rat.
342 424 557 461 Dividenti
572 424 748 474 praedam
765 424 1024 474 captivosque
1046 423 1174 475 (fuere
1191 424 1323 460 autem
1335 427 1524 471 quattuor
1536 423 1666 460 millia

234 495 449 543 hominum,
481 496 638 545 pecoris
655 496 781 533 omnis
809 496 968 544 generis
994 494 1045 532 ad
1076 494 1207 531 millia
1230 494 1396 544 viginti)
1427 495 1590 532 nuntius
1616 508 1664 533 ex

230 567 469 605 Macedonia
486 567 606 614 venit,
625 567 802 617 Eropum
830 567 1040 617 quendam,
1064 570 1253 616 corrupto
1281 566 1382 603 arcis
1406 566 1663 616 praesidiique

232 640 433 689 praefecto,
450 639 700 687 Lychnidum
719 640 870 689 cepisse
884 654 891 686 3
907 643 1043 677 tenere
1061 641 1101 676 et
1118 638 1444 675 Dassaretiorum
1472 637 1663 687 quosdam

161 713 210 749 10
227 712 336 749 vicos
353 715 391 748 et
408 711 622 749 Dardanos
647 711 764 748 etiam
790 711 958 749 concire.
1022 709 1177 748 Omisso
1202 710 1326 758 igitur
1346 708 1526 747 Achaico
1544 712 1662 759 atque

230 783 406 821 AEtolico
431 782 551 828 bello,
579 782 730 820 relictis
747 786 878 820 tamen
910 782 1065 819 duobus
1083 781 1261 818 millibus
1279 784 1318 818 et
1335 781 1566 830 quingentis
1584 795 1663 819 om-

232 855 293 892 nis
310 854 468 904 generis
492 857 731 892 armatorum
766 868 851 892 cum
869 854 1064 904 Menippo
1090 857 1128 891 et
1151 853 1410 902 Polyphanta
1428 852 1597 890 ducibus
1615 853 1665 890 ad

167 929 210 963 11
233 926 465 977 praesidium
496 926 708 973 sociorum⁷
741 927 942 976 profectus
974 926 1023 964 ab
1054 925 1200 974 Dymis
1231 938 1302 974 per
1333 924 1530 962 Achaiam
1549 924 1663 962 Boeo-

229 998 406 1047 tiamque
425 1001 465 1035 et
487 997 679 1035 Euboeam
699 998 864 1035 decimis
883 998 1021 1035 castris
1039 996 1340 1035 Demetriadem
1358 997 1399 1033 in
1416 995 1665 1034 Thessaliam

103 1065 157 1115 33
232 1069 424 1120 pervenit.
455 1069 523 1106 Ibi
540 1069 611 1106 alii
627 1070 815 1107 maiorem
833 1069 1040 1107 afferentes
1057 1070 1273 1106 tumultum
1290 1068 1422 1105 nuntii
1441 1071 1666 1115 occurrunt,

234 1141 449 1180 Dardanos
494 1141 536 1178 in
567 1140 843 1179 Macedoniam
876 1142 1018 1179 effusos
1050 1141 1272 1179 Orestidem
1319 1140 1397 1177 iam
1442 1144 1575 1178 tenere
1622 1153 1666 1177 ac

232 1213 484 1251 descendisse
516 1213 555 1249 in
574 1212 827 1261 Argestaeum
859 1226 1057 1263 campum,
1087 1214 1311 1262 famamque
1342 1212 1448 1249 inter
1473 1211 1666 1249 barbaros

190 1287 212 1321 2
233 1286 428 1323 celebrem
462 1297 560 1331 esse,
592 1285 830 1334 Philippum
862 1285 1045 1323 occisum.
1078 1284 1346 1334 Expeditione
1377 1297 1436 1333 ea,
1468 1297 1547 1332 qua
1579 1297 1666 1321 cum

230 1356 537 1407 populatoribus
569 1357 655 1405 agri
686 1356 736 1394 ad
754 1356 965 1405 Sicyonem
996 1357 1205 1406 pugnavit,
1243 1356 1282 1392 in
1314 1356 1496 1393 arborem
1528 1355 1666 1392 illatus

229 1429 378 1478 impetu
411 1429 503 1478 equi
535 1428 584 1466 ad
617 1429 852 1466 eminentem
885 1441 1038 1466 ramum
1066 1441 1188 1465 cornu
1213 1427 1380 1465 alterum
1409 1427 1532 1476 galeae
1564 1440 1664 1476 prae-

196 1503 218 1536 3
236 1500 374 1549 fregit3
403 1500 443 1537 id
465 1500 671 1538 inventum
689 1501 737 1538 ab
761 1500 900 1537 AEtolo
926 1500 1098 1550 quodam
1115 1500 1394 1549 perlatumque
1412 1499 1453 1535 in
1470 1498 1665 1536 AEtoliam

231 1572 281 1609 ad
308 1571 605 1619 Scerdilaedum,
639 1572 701 1609 cui
732 1575 869 1609 notum
901 1575 986 1609 erat
1017 1572 1173 1620 insigne
1199 1571 1335 1619 galeae‚
1366 1571 1508 1608 famam
1542 1571 1663 1608 inter-

190 1645 208 1680 4
230 1645 321 1681 fecti
367 1644 472 1693 regis
518 1643 711 1692 vulgavit.
786 1643 886 1681 Post
928 1644 1216 1693 profectionem
1263 1656 1310 1680 ex
1357 1642 1513 1680 Achaia
1558 1643 1666 1691 regis

233 1714 438 1766 Sulpicius
471 1702 659 1763 AEginam
691 1715 816 1753 classe
832 1715 1034 1766 profectus
1051 1728 1139 1752 cum
1165 1713 1307 1752 Attalo
1331 1727 1415 1751 sese
1447 1714 1665 1752 coniunxit.

190 1789 211 1821 5
230 1787 375 1825 Achaei
407 1801 494 1825 cum
525 1787 676 1824 AEtolis
702 1787 891 1837 Eleisque
923 1787 1028 1825 haud
1060 1787 1200 1836 procul
1221 1786 1402 1823 Messene
1433 1799 1664 1836 prosperam

230 1873 403 1909 pugnam
435 1859 624 1897 fecerunt.
671 1858 837 1897 Attalus
868 1873 937 1897 rex
971 1862 1010 1896 et
1041 1859 1087 1896 P.
1116 1858 1318 1908 Sulpicius
1350 1858 1510 1907 AEginae
1534 1857 1666 1895 hiber-

234 1934 392 1969 narunt.

185 2005 206 2039 6
344 2003 468 2041 Exitu
487 2002 604 2039 huius
622 2002 716 2040 anni
740 2002 784 2040 T.
804 2002 1015 2049 Quinctius
1032 2002 1183 2052 consul,
1203 2002 1399 2039 dictatore
1417 2001 1666 2039 comitiorum

233 2075 497 2124 ludorumque
514 2074 787 2112 faciendorum
805 2088 922 2112 causa
940 2074 1046 2112 dicto
1065 2073 1273 2111 T.Manli0
1283 2073 1557 2122 Torquat0‚ex
1575 2073 1660 2110 vul-

191 2146 210 2179 7
230 2161 324 2185 nere
342 2147 512 2184 moritur
527 2161 534 2192 ;
551 2146 620 2183 alii
638 2145 815 2193 Tarenti,
832 2146 901 2184 alii
913 2146 954 2183 in
966 2146 1183 2196 Campania
1194 2148 1392 2183 mortuum
1409 2144 1596 2191 tradunt3
1615 2147 1664 2190 et,

232 2219 270 2256 id
290 2218 397 2268 quod
415 2218 524 2255 nullo
549 2220 640 2255 ante
656 2218 764 2254 bello
782 2218 995 2266 acciderat,
1013 2218 1089 2255 duo
1107 2218 1290 2256 consules
1306 2218 1390 2255 sine
1408 2216 1664 2254 memorando

234 2291 379 2340 proelio
397 2289 599 2327 interfecti
616 2290 728 2327 velut
746 2289 882 2327 orbam
900 2303 981 2327 rem
992 2290 1192 2340 publicam
1208 2287 1665 2339 reliquerant.Dictator

233 2361 412 2399 Manlius
445 2361 678 2410 magistrum
710 2362 888 2411 equitum
922 2361 963 2398 C.
993 2360 1207 2399 Servilium
1239 2361 1338 2410 (tum
1366 2360 1496 2398 aedilis
1514 2360 1662 2398 curulis

189 2434 212 2465 8
231 2435 332 2482 erat)
365 2433 479 2471 dixit.
526 2432 708 2479 Senatus,
725 2446 802 2482 quo
821 2433 886 2471 die
904 2433 1075 2483 primum
1094 2437 1153 2470 est
1169 2433 1339 2479 habitus,
1363 2431 1479 2469 ludos
1497 2444 1662 2481 magnos

229 2505 357 2542 facere
389 2505 625 2543 dictatorem
657 2504 783 2554 iussit,
817 2517 916 2554 quos
941 2504 997 2542 M.
1031 2505 1219 2541 AEmilius
1250 2508 1398 2554 praetor
1427 2504 1604 2541 urbanus
1622 2502 1665 2541 C.

232 2577 442 2623 Flaminio,
474 2577 544 2614 Cn.
562 2575 732 2613 Servilio
765 2576 997 2614 consulibus
1023 2577 1173 2613 fecerat
1203 2580 1242 2613 et
1272 2576 1314 2613 in
1347 2575 1663 2625 quinquennium

230 2651 394 2686 voverat
408 2662 414 2695 ;
430 2652 514 2685 tum
533 2648 705 2685 dictator
722 2651 761 2685 et
777 2647 870 2686 fecit
887 2648 1002 2686 ludos
1019 2652 1060 2686 et
1077 2648 1115 2685 in
1134 2647 1344 2697 insequens
1359 2647 1528 2685 lustrum
1541 2647 1662 2685 vovit.
