<?xml version="1.0" encoding="UTF-8"?>
<!DOCTYPE html PUBLIC "-//W3C//DTD XHTML 1.0 Transitional//EN"
    "http://www.w3.org/TR/xhtml1/DTD/xhtml1-transitional.dtd">
<html xmlns="http://www.w3.org/1999/xhtml" xml:lang="en" lang="en">
 <head>
  <title>
</title>
<meta http-equiv="Content-Type" content="text/html;charset=utf-8" />
  <meta name='ocr-system' content='tesseract 3.04.00' />
  <meta name='ocr-capabilities' content='ocr_page ocr_carea ocr_par ocr_line ocrx_word'/>
</head>
<body>
  <div class='ocr_page' id='page_1' title='image "./historiarumroman02livyuoft_0517.png"; bbox 0 0 1789 2955; ppageno 0'>
   <div class='ocr_carea' id='block_1_1' title="bbox 492 80 1503 126">
    <p class='ocr_par' dir='ltr' id='par_1_1' title="bbox 492 80 1503 126">
     <span class='ocr_line' id='line_1_1' title="bbox 492 80 1503 126; baseline 0.004 -9"><span class='ocrx_word' id='word_1_1' title='bbox 492 82 608 118; x_wconf 89' lang='lat' dir='ltr'>Liber</span> <span class='ocrx_word' id='word_1_2' title='bbox 632 81 778 117; x_wconf 87' lang='lat' dir='ltr'>XXIX.</span> <span class='ocrx_word' id='word_1_3' title='bbox 828 82 889 126; x_wconf 88' lang='lat' dir='ltr'>(A.</span> <span class='ocrx_word' id='word_1_4' title='bbox 916 80 981 117; x_wconf 88' lang='lat' dir='ltr'>Ch.</span> <span class='ocrx_word' id='word_1_5' title='bbox 1008 82 1100 124; x_wconf 82' lang='lat'><strong>205.)</strong></span> <span class='ocrx_word' id='word_1_6' title='bbox 1426 85 1503 121; x_wconf 87' lang='lat'>187</span> 
     </span>
    </p>
   </div>
   <div class='ocr_carea' id='block_1_2' title="bbox 75 209 1587 2710">
    <p class='ocr_par' dir='ltr' id='par_1_2' title="bbox 75 209 1583 2277">
     <span class='ocr_line' id='line_1_2' title="bbox 78 209 1503 259; baseline -0.003 -9"><span class='ocrx_word' id='word_1_7' title='bbox 78 225 233 250; x_wconf 88' lang='lat' dir='ltr'>crenses</span> <span class='ocrx_word' id='word_1_8' title='bbox 264 210 521 249; x_wconf 88' lang='lat' dir='ltr'>circumventi</span> <span class='ocrx_word' id='word_1_9' title='bbox 545 209 800 259; x_wconf 84' lang='lat' dir='ltr'>Regiumque</span> <span class='ocrx_word' id='word_1_10' title='bbox 832 209 1024 247; x_wconf 72' lang='lat' dir='ltr'>abstracti</span> <span class='ocrx_word' id='word_1_11' title='bbox 1049 210 1217 247; x_wconf 89' lang='lat' dir='ltr'>fuerant.</span> <span class='ocrx_word' id='word_1_12' title='bbox 1263 209 1312 247; x_wconf 88' lang='lat' dir='ltr'>In</span> <span class='ocrx_word' id='word_1_13' title='bbox 1337 223 1382 246; x_wconf 89' lang='lat' dir='ltr'>eo</span> <span class='ocrx_word' id='word_1_14' title='bbox 1416 223 1503 259; x_wconf 89' lang='lat' dir='ltr'>cap-</span> 
     </span>
     <span class='ocr_line' id='line_1_3' title="bbox 77 281 1505 331; baseline -0.002 -9"><span class='ocrx_word' id='word_1_15' title='bbox 77 285 250 322; x_wconf 68' lang='lat' dir='ltr'>tivorum</span> <span class='ocrx_word' id='word_1_16' title='bbox 274 296 438 321; x_wconf 89' lang='lat' dir='ltr'>numero</span> <span class='ocrx_word' id='word_1_17' title='bbox 464 282 569 319; x_wconf 85' lang='lat' dir='ltr'>fabri</span> <span class='ocrx_word' id='word_1_18' title='bbox 587 282 749 331; x_wconf 87' lang='lat' dir='ltr'>quidam</span> <span class='ocrx_word' id='word_1_19' title='bbox 783 282 905 327; x_wconf 88' lang='lat' dir='ltr'>fuere,</span> <span class='ocrx_word' id='word_1_20' title='bbox 937 282 1085 319; x_wconf 88' lang='lat' dir='ltr'>assueti</span> <span class='ocrx_word' id='word_1_21' title='bbox 1110 281 1211 319; x_wconf 83' lang='lat' dir='ltr'>forte</span> <span class='ocrx_word' id='word_1_22' title='bbox 1236 282 1342 331; x_wconf 90' lang='lat' dir='ltr'>apud</span> <span class='ocrx_word' id='word_1_23' title='bbox 1360 282 1505 319; x_wconf 87' lang='lat' dir='ltr'>Poenos</span> 
     </span>
     <span class='ocr_line' id='line_1_4' title="bbox 79 353 1551 405; baseline -0.003 -12"><span class='ocrx_word' id='word_1_24' title='bbox 79 354 260 393; x_wconf 83' lang='lat' dir='ltr'>mercede</span> <span class='ocrx_word' id='word_1_25' title='bbox 293 368 390 405; x_wconf 90' lang='lat' dir='ltr'>opus</span> <span class='ocrx_word' id='word_1_26' title='bbox 422 354 465 391; x_wconf 89' lang='lat' dir='ltr'>in</span> <span class='ocrx_word' id='word_1_27' title='bbox 506 367 595 392; x_wconf 90' lang='lat' dir='ltr'>arce</span> <span class='ocrx_word' id='word_1_28' title='bbox 626 353 846 391; x_wconf 87' lang='lat' dir='ltr'>Locrorum</span> <span class='ocrx_word' id='word_1_29' title='bbox 877 354 1018 391; x_wconf 85' lang='lat' dir='ltr'>facere.</span> <span class='ocrx_word' id='word_1_30' title='bbox 1077 353 1134 390; x_wconf 89' lang='lat' dir='ltr'>Hi</span> <span class='ocrx_word' id='word_1_31' title='bbox 1166 354 1318 403; x_wconf 90' lang='lat' dir='ltr'>cogniti</span> <span class='ocrx_word' id='word_1_32' title='bbox 1350 355 1398 391; x_wconf 89' lang='lat' dir='ltr'>ab</span> <span class='ocrx_word' id='word_1_33' title='bbox 1434 354 1510 392; x_wconf 89' lang='lat' dir='ltr'>Lo·</span> <span class='ocrx_word' id='word_1_34' title='bbox 1529 353 1551 389; x_wconf 84' lang='lat'>5</span> 
     </span>
     <span class='ocr_line' id='line_1_5' title="bbox 77 425 1505 477; baseline -0.001 -12"><span class='ocrx_word' id='word_1_35' title='bbox 77 427 276 466; x_wconf 87' lang='lat' dir='ltr'>crensium</span> <span class='ocrx_word' id='word_1_36' title='bbox 306 426 574 477; x_wconf 88' lang='lat' dir='ltr'>principibus,</span> <span class='ocrx_word' id='word_1_37' title='bbox 621 426 689 476; x_wconf 86' lang='lat' dir='ltr'>qui</span> <span class='ocrx_word' id='word_1_38' title='bbox 736 426 843 475; x_wconf 88' lang='lat' dir='ltr'>pulsi</span> <span class='ocrx_word' id='word_1_39' title='bbox 889 425 938 462; x_wconf 88' lang='lat' dir='ltr'>ab</span> <span class='ocrx_word' id='word_1_40' title='bbox 985 425 1152 463; x_wconf 84' lang='lat' dir='ltr'>adversa</span> <span class='ocrx_word' id='word_1_41' title='bbox 1196 426 1386 471; x_wconf 86' lang='lat' dir='ltr'>factione,</span> <span class='ocrx_word' id='word_1_42' title='bbox 1419 439 1505 475; x_wconf 86' lang='lat' dir='ltr'>quae</span> 
     </span>
     <span class='ocr_line' id='line_1_6' title="bbox 77 497 1543 547; baseline -0.002 -10"><span class='ocrx_word' id='word_1_43' title='bbox 77 498 303 538; x_wconf 82' lang='lat' dir='ltr'>Hannibali</span> <span class='ocrx_word' id='word_1_44' title='bbox 331 498 481 536; x_wconf 88' lang='lat' dir='ltr'>Locros</span> <span class='ocrx_word' id='word_1_45' title='bbox 511 497 754 544; x_wconf 78' lang='lat' dir='ltr'>tradiderat,</span> <span class='ocrx_word' id='word_1_46' title='bbox 784 497 957 546; x_wconf 84' lang='lat' dir='ltr'>Regium</span> <span class='ocrx_word' id='word_1_47' title='bbox 989 511 1030 534; x_wconf 87' lang='lat' dir='ltr'>se</span> <span class='ocrx_word' id='word_1_48' title='bbox 1063 497 1334 543; x_wconf 81' lang='lat' dir='ltr'>contulerant,</span> <span class='ocrx_word' id='word_1_49' title='bbox 1381 511 1502 547; x_wconf 90' lang='lat' dir='ltr'>quum</span> <span class='ocrx_word' id='word_1_50' title='bbox 1522 498 1543 533; x_wconf 87' lang='grc'>6</span> 
     </span>
     <span class='ocr_line' id='line_1_7' title="bbox 80 569 1508 621; baseline -0.002 -12"><span class='ocrx_word' id='word_1_51' title='bbox 80 574 212 609; x_wconf 86' lang='lat' dir='ltr'>cetera</span> <span class='ocrx_word' id='word_1_52' title='bbox 241 569 584 621; x_wconf 81' lang='lat' dir='ltr'>percontantibus,</span> <span class='ocrx_word' id='word_1_53' title='bbox 616 572 660 606; x_wconf 90' lang='lat' dir='ltr'>ut</span> <span class='ocrx_word' id='word_1_54' title='bbox 686 582 769 606; x_wconf 89' lang='lat' dir='ltr'>mos</span> <span class='ocrx_word' id='word_1_55' title='bbox 797 572 867 615; x_wconf 89' lang='lat' dir='ltr'>est,</span> <span class='ocrx_word' id='word_1_56' title='bbox 900 570 967 618; x_wconf 91' lang='lat' dir='ltr'>qui</span> <span class='ocrx_word' id='word_1_57' title='bbox 993 570 1063 607; x_wconf 88' lang='lat' dir='ltr'>diu</span> <span class='ocrx_word' id='word_1_58' title='bbox 1092 570 1246 616; x_wconf 82' lang='lat' dir='ltr'>absunt,</span> <span class='ocrx_word' id='word_1_59' title='bbox 1280 582 1367 618; x_wconf 85' lang='lat' dir='ltr'>quae</span> <span class='ocrx_word' id='word_1_60' title='bbox 1401 569 1508 606; x_wconf 89' lang='lat' dir='ltr'>domi</span> 
     </span>
     <span class='ocr_line' id='line_1_8' title="bbox 78 641 1507 693; baseline -0.002 -12"><span class='ocrx_word' id='word_1_61' title='bbox 78 645 302 693; x_wconf 78' lang='lat' dir='ltr'>agerentur,</span> <span class='ocrx_word' id='word_1_62' title='bbox 335 642 622 692; x_wconf 82' lang='lat' dir='ltr'>exposuissent,</span> <span class='ocrx_word' id='word_1_63' title='bbox 653 654 761 690; x_wconf 90' lang='lat' dir='ltr'>spem</span> <span class='ocrx_word' id='word_1_64' title='bbox 777 641 965 687; x_wconf 89' lang='lat' dir='ltr'>fec-erunt,</span> <span class='ocrx_word' id='word_1_65' title='bbox 997 641 1030 678; x_wconf 88' lang='lat' dir='ltr'>si</span> <span class='ocrx_word' id='word_1_66' title='bbox 1053 641 1251 691; x_wconf 85' lang='lat' dir='ltr'>redempti</span> <span class='ocrx_word' id='word_1_67' title='bbox 1277 655 1321 679; x_wconf 87' lang='lat' dir='ltr'>ac</span> <span class='ocrx_word' id='word_1_68' title='bbox 1353 642 1507 679; x_wconf 86' lang='lat' dir='ltr'>remissi</span> 
     </span>
     <span class='ocr_line' id='line_1_9' title="bbox 78 712 1508 763; baseline -0.002 -11"><span class='ocrx_word' id='word_1_69' title='bbox 78 715 219 761; x_wconf 85' lang='lat' dir='ltr'>forent,</span> <span class='ocrx_word' id='word_1_70' title='bbox 252 727 382 752; x_wconf 86' lang='lat' dir='ltr'>arcem</span> <span class='ocrx_word' id='word_1_71' title='bbox 413 727 455 751; x_wconf 88' lang='lat' dir='ltr'>se</span> <span class='ocrx_word' id='word_1_72' title='bbox 486 714 536 751; x_wconf 91' lang='lat' dir='ltr'>iis</span> <span class='ocrx_word' id='word_1_73' title='bbox 560 713 802 759; x_wconf 78' lang='lat' dir='ltr'>tradituros3</span> <span class='ocrx_word' id='word_1_74' title='bbox 834 712 893 749; x_wconf 92' lang='lat' dir='ltr'>ibi</span> <span class='ocrx_word' id='word_1_75' title='bbox 919 727 959 750; x_wconf 87' lang='lat' dir='ltr'>se</span> <span class='ocrx_word' id='word_1_76' title='bbox 992 713 1187 760; x_wconf 87' lang='lat' dir='ltr'>habitare,</span> <span class='ocrx_word' id='word_1_77' title='bbox 1209 713 1406 763; x_wconf 88' lang='lat' dir='ltr'>fidemque</span> <span class='ocrx_word' id='word_1_78' title='bbox 1430 713 1508 750; x_wconf 88' lang='lat' dir='ltr'>sibi</span> 
     </span>
     <span class='ocr_line' id='line_1_10' title="bbox 77 784 1544 835; baseline -0.003 -11"><span class='ocrx_word' id='word_1_79' title='bbox 77 800 208 824; x_wconf 85' lang='lat' dir='ltr'>rerum</span> <span class='ocrx_word' id='word_1_80' title='bbox 240 786 416 824; x_wconf 90' lang='lat' dir='ltr'>omnium</span> <span class='ocrx_word' id='word_1_81' title='bbox 462 787 566 823; x_wconf 86' lang='lat' dir='ltr'>inter</span> <span class='ocrx_word' id='word_1_82' title='bbox 599 784 948 833; x_wconf 84' lang='lat' dir='ltr'>Carthaginienses</span> <span class='ocrx_word' id='word_1_83' title='bbox 980 799 1075 823; x_wconf 88' lang='lat' dir='ltr'>esse.</span> <span class='ocrx_word' id='word_1_84' title='bbox 1137 785 1301 835; x_wconf 80' lang='lat' dir='ltr'>Itaque,</span> <span class='ocrx_word' id='word_1_85' title='bbox 1348 787 1393 822; x_wconf 91' lang='lat' dir='ltr'>ut</span> <span class='ocrx_word' id='word_1_86' title='bbox 1438 784 1544 834; x_wconf 63' lang='lat' dir='ltr'>qui?</span> 
     </span>
     <span class='ocr_line' id='line_1_11' title="bbox 76 857 1506 908; baseline -0.002 -12"><span class='ocrx_word' id='word_1_87' title='bbox 76 858 194 897; x_wconf 91' lang='lat' dir='ltr'>simul</span> <span class='ocrx_word' id='word_1_88' title='bbox 227 857 424 896; x_wconf 90' lang='lat' dir='ltr'>desiderio</span> <span class='ocrx_word' id='word_1_89' title='bbox 455 858 595 908; x_wconf 84' lang='lat' dir='ltr'>patriae</span> <span class='ocrx_word' id='word_1_90' title='bbox 626 860 887 906; x_wconf 85' lang='lat' dir='ltr'>angerentur,</span> <span class='ocrx_word' id='word_1_91' title='bbox 926 858 1041 894; x_wconf 86' lang='lat' dir='ltr'>simul</span> <span class='ocrx_word' id='word_1_92' title='bbox 1074 858 1292 908; x_wconf 85' lang='lat' dir='ltr'>cupiditate</span> <span class='ocrx_word' id='word_1_93' title='bbox 1324 857 1506 894; x_wconf 89' lang='lat' dir='ltr'>inimicos</span> 
     </span>
     <span class='ocr_line' id='line_1_12' title="bbox 75 928 1553 978; baseline -0.001 -10"><span class='ocrx_word' id='word_1_94' title='bbox 75 929 294 968; x_wconf 86' lang='lat' dir='ltr'>ulciscendi</span> <span class='ocrx_word' id='word_1_95' title='bbox 325 930 522 976; x_wconf 85' lang='lat' dir='ltr'>arderent,</span> <span class='ocrx_word' id='word_1_96' title='bbox 553 929 770 978; x_wconf 86' lang='lat' dir='ltr'>redemptis</span> <span class='ocrx_word' id='word_1_97' title='bbox 797 929 993 978; x_wconf 86' lang='lat' dir='ltr'>extemplo</span> <span class='ocrx_word' id='word_1_98' title='bbox 1019 929 1068 966; x_wconf 90' lang='lat' dir='ltr'>iis</span> <span class='ocrx_word' id='word_1_99' title='bbox 1091 929 1358 978; x_wconf 80' lang='lat' dir='ltr'>remissisque,</span> <span class='ocrx_word' id='word_1_100' title='bbox 1391 942 1511 978; x_wconf 86' lang='lat' dir='ltr'>quum</span> <span class='ocrx_word' id='word_1_101' title='bbox 1530 928 1553 964; x_wconf 79' lang='lat' dir='ltr'>S</span> 
     </span>
     <span class='ocr_line' id='line_1_13' title="bbox 77 1001 1507 1052; baseline -0.002 -11"><span class='ocrx_word' id='word_1_102' title='bbox 77 1001 257 1041; x_wconf 88' lang='lat' dir='ltr'>ordinem</span> <span class='ocrx_word' id='word_1_103' title='bbox 288 1002 452 1052; x_wconf 90' lang='lat' dir='ltr'>agendae</span> <span class='ocrx_word' id='word_1_104' title='bbox 470 1002 528 1039; x_wconf 91' lang='lat' dir='ltr'>rei</span> <span class='ocrx_word' id='word_1_105' title='bbox 545 1001 859 1048; x_wconf 89' lang='lat' dir='ltr'>composuissent</span> <span class='ocrx_word' id='word_1_106' title='bbox 882 1001 1088 1050; x_wconf 80' lang='lat' dir='ltr'>signaque,</span> <span class='ocrx_word' id='word_1_107' title='bbox 1123 1015 1209 1050; x_wconf 79' lang='lat' dir='ltr'>quae</span> <span class='ocrx_word' id='word_1_108' title='bbox 1232 1001 1371 1051; x_wconf 90' lang='lat' dir='ltr'>procul</span> <span class='ocrx_word' id='word_1_109' title='bbox 1399 1001 1507 1038; x_wconf 84' lang='lat' dir='ltr'>edita</span> 
     </span>
     <span class='ocr_line' id='line_1_14' title="bbox 80 1071 1507 1124; baseline -0.002 -12"><span class='ocrx_word' id='word_1_110' title='bbox 80 1074 348 1121; x_wconf 85' lang='lat' dir='ltr'>observarent,</span> <span class='ocrx_word' id='word_1_111' title='bbox 377 1074 455 1124; x_wconf 89' lang='lat' dir='ltr'>ipsi</span> <span class='ocrx_word' id='word_1_112' title='bbox 482 1073 531 1111; x_wconf 89' lang='lat' dir='ltr'>ad</span> <span class='ocrx_word' id='word_1_113' title='bbox 558 1072 786 1122; x_wconf 88' lang='lat' dir='ltr'>Scipionem</span> <span class='ocrx_word' id='word_1_114' title='bbox 805 1071 1021 1121; x_wconf 80' lang='lat' dir='ltr'>Syracusas</span> <span class='ocrx_word' id='word_1_115' title='bbox 1044 1073 1227 1122; x_wconf 82' lang='lat' dir='ltr'>profecti,</span> <span class='ocrx_word' id='word_1_116' title='bbox 1254 1073 1358 1122; x_wconf 79' lang='lat' dir='ltr'>apud</span> <span class='ocrx_word' id='word_1_117' title='bbox 1392 1086 1507 1122; x_wconf 89' lang='lat' dir='ltr'>quem</span> 
     </span>
     <span class='ocr_line' id='line_1_15' title="bbox 76 1144 1505 1196; baseline -0.002 -12"><span class='ocrx_word' id='word_1_118' title='bbox 76 1160 169 1196; x_wconf 90' lang='lat' dir='ltr'>pars</span> <span class='ocrx_word' id='word_1_119' title='bbox 201 1146 381 1184; x_wconf 84' lang='lat' dir='ltr'>exsulum</span> <span class='ocrx_word' id='word_1_120' title='bbox 412 1150 509 1193; x_wconf 90' lang='lat' dir='ltr'>erat,</span> <span class='ocrx_word' id='word_1_121' title='bbox 538 1146 756 1183; x_wconf 85' lang='lat' dir='ltr'>referentes</span> <span class='ocrx_word' id='word_1_122' title='bbox 788 1144 846 1181; x_wconf 91' lang='lat' dir='ltr'>ibi</span> <span class='ocrx_word' id='word_1_123' title='bbox 878 1145 1073 1194; x_wconf 89' lang='lat' dir='ltr'>promissa</span> <span class='ocrx_word' id='word_1_124' title='bbox 1106 1145 1352 1194; x_wconf 87' lang='lat' dir='ltr'>captivorum</span> <span class='ocrx_word' id='word_1_125' title='bbox 1386 1158 1505 1194; x_wconf 88' lang='lat' dir='ltr'>quum</span> 
     </span>
     <span class='ocr_line' id='line_1_16' title="bbox 79 1216 1549 1269; baseline -0.003 -12"><span class='ocrx_word' id='word_1_126' title='bbox 79 1232 189 1269; x_wconf 85' lang='lat' dir='ltr'>spem</span> <span class='ocrx_word' id='word_1_127' title='bbox 221 1219 270 1257; x_wconf 89' lang='lat' dir='ltr'>ab</span> <span class='ocrx_word' id='word_1_128' title='bbox 303 1218 442 1256; x_wconf 85' lang='lat' dir='ltr'>effectu</span> <span class='ocrx_word' id='word_1_129' title='bbox 478 1216 585 1255; x_wconf 86' lang='lat' dir='ltr'>haud</span> <span class='ocrx_word' id='word_1_130' title='bbox 624 1217 902 1254; x_wconf 86' lang='lat' dir='ltr'>abhorrentem</span> <span class='ocrx_word' id='word_1_131' title='bbox 935 1217 1088 1255; x_wconf 89' lang='lat' dir='ltr'>consuli</span> <span class='ocrx_word' id='word_1_132' title='bbox 1126 1218 1325 1263; x_wconf 82' lang='lat' dir='ltr'>fecissent,</span> <span class='ocrx_word' id='word_1_133' title='bbox 1356 1216 1508 1253; x_wconf 88' lang='lat' dir='ltr'>tribuni</span> <span class='ocrx_word' id='word_1_134' title='bbox 1528 1217 1549 1252; x_wconf 77' lang='lat'>9</span> 
     </span>
     <span class='ocr_line' id='line_1_17' title="bbox 77 1288 1508 1338; baseline -0.002 -10"><span class='ocrx_word' id='word_1_135' title='bbox 77 1291 246 1329; x_wconf 90' lang='lat' dir='ltr'>militum</span> <span class='ocrx_word' id='word_1_136' title='bbox 279 1304 366 1328; x_wconf 88' lang='lat' dir='ltr'>cum</span> <span class='ocrx_word' id='word_1_137' title='bbox 398 1291 450 1327; x_wconf 90' lang='lat' dir='ltr'>iis</span> <span class='ocrx_word' id='word_1_138' title='bbox 480 1289 537 1328; x_wconf 83' lang='lat' dir='ltr'>M.</span> <span class='ocrx_word' id='word_1_139' title='bbox 571 1288 735 1338; x_wconf 83' lang='lat' dir='ltr'>Sergius</span> <span class='ocrx_word' id='word_1_140' title='bbox 760 1292 799 1326; x_wconf 92' lang='lat' dir='ltr'>et</span> <span class='ocrx_word' id='word_1_141' title='bbox 814 1289 861 1328; x_wconf 88' lang='lat' dir='ltr'>P.</span> <span class='ocrx_word' id='word_1_142' title='bbox 879 1288 1080 1326; x_wconf 85' lang='lat' dir='ltr'>Matienus</span> <span class='ocrx_word' id='word_1_143' title='bbox 1106 1289 1226 1334; x_wconf 87' lang='lat' dir='ltr'>missi,</span> <span class='ocrx_word' id='word_1_144' title='bbox 1258 1289 1435 1338; x_wconf 88' lang='lat' dir='ltr'>iussique</span> <span class='ocrx_word' id='word_1_145' title='bbox 1459 1288 1508 1325; x_wconf 88' lang='lat' dir='ltr'>ab</span> 
     </span>
     <span class='ocr_line' id='line_1_18' title="bbox 77 1360 1507 1412; baseline -0.002 -12"><span class='ocrx_word' id='word_1_146' title='bbox 77 1362 206 1412; x_wconf 83' lang='lat' dir='ltr'>Regio</span> <span class='ocrx_word' id='word_1_147' title='bbox 236 1362 316 1400; x_wconf 89' lang='lat' dir='ltr'>tria</span> <span class='ocrx_word' id='word_1_148' title='bbox 346 1361 474 1399; x_wconf 90' lang='lat' dir='ltr'>millia</span> <span class='ocrx_word' id='word_1_149' title='bbox 505 1361 679 1398; x_wconf 89' lang='lat' dir='ltr'>militum</span> <span class='ocrx_word' id='word_1_150' title='bbox 696 1360 847 1398; x_wconf 88' lang='lat' dir='ltr'>Locros</span> <span class='ocrx_word' id='word_1_151' title='bbox 873 1361 1037 1407; x_wconf 82' lang='lat' dir='ltr'>ducere3</span> <span class='ocrx_word' id='word_1_152' title='bbox 1071 1364 1107 1397; x_wconf 85' lang='lat' dir='ltr'>et</span> <span class='ocrx_word' id='word_1_153' title='bbox 1126 1360 1173 1407; x_wconf 75' lang='lat' dir='ltr'>Q.</span> <span class='ocrx_word' id='word_1_154' title='bbox 1195 1360 1394 1398; x_wconf 84' lang='lat' dir='ltr'>Pleminio</span> <span class='ocrx_word' id='word_1_155' title='bbox 1418 1374 1507 1410; x_wconf 90' lang='lat' dir='ltr'>pro-</span> 
     </span>
     <span class='ocr_line' id='line_1_19' title="bbox 77 1432 1582 1484; baseline -0.002 -12"><span class='ocrx_word' id='word_1_156' title='bbox 77 1434 241 1484; x_wconf 85' lang='lat' dir='ltr'>praetori</span> <span class='ocrx_word' id='word_1_157' title='bbox 272 1434 477 1484; x_wconf 86' lang='lat' dir='ltr'>scriptum,</span> <span class='ocrx_word' id='word_1_158' title='bbox 507 1436 554 1470; x_wconf 89' lang='lat' dir='ltr'>ut</span> <span class='ocrx_word' id='word_1_159' title='bbox 583 1433 642 1470; x_wconf 91' lang='lat' dir='ltr'>rei</span> <span class='ocrx_word' id='word_1_160' title='bbox 671 1432 836 1482; x_wconf 86' lang='lat' dir='ltr'>agendae</span> <span class='ocrx_word' id='word_1_161' title='bbox 868 1432 1034 1470; x_wconf 86' lang='lat' dir='ltr'>adesset.</span> <span class='ocrx_word' id='word_1_162' title='bbox 1082 1432 1263 1470; x_wconf 88' lang='lat' dir='ltr'>Profecti</span> <span class='ocrx_word' id='word_1_163' title='bbox 1295 1433 1342 1469; x_wconf 88' lang='lat' dir='ltr'>ab</span> <span class='ocrx_word' id='word_1_164' title='bbox 1370 1432 1509 1481; x_wconf 85' lang='lat' dir='ltr'>Regio,</span> <span class='ocrx_word' id='word_1_165' title='bbox 1534 1433 1582 1468; x_wconf 83' lang='lat' dir='ltr'>lO</span> 
     </span>
     <span class='ocr_line' id='line_1_20' title="bbox 77 1504 1509 1555; baseline -0.002 -11"><span class='ocrx_word' id='word_1_166' title='bbox 77 1506 203 1544; x_wconf 84' lang='lat' dir='ltr'>scalas</span> <span class='ocrx_word' id='word_1_167' title='bbox 234 1506 285 1544; x_wconf 85' lang='lat' dir='ltr'>ad</span> <span class='ocrx_word' id='word_1_168' title='bbox 316 1506 465 1543; x_wconf 87' lang='lat' dir='ltr'>editam</span> <span class='ocrx_word' id='word_1_169' title='bbox 488 1504 742 1543; x_wconf 86' lang='lat' dir='ltr'>altitudinem</span> <span class='ocrx_word' id='word_1_170' title='bbox 766 1504 868 1542; x_wconf 87' lang='lat' dir='ltr'>arcis</span> <span class='ocrx_word' id='word_1_171' title='bbox 892 1505 1106 1543; x_wconf 86' lang='lat' dir='ltr'>fabricatas</span> <span class='ocrx_word' id='word_1_172' title='bbox 1130 1508 1347 1555; x_wconf 86' lang='lat' dir='ltr'>portantes,</span> <span class='ocrx_word' id='word_1_173' title='bbox 1379 1504 1509 1541; x_wconf 86' lang='lat' dir='ltr'>media</span> 
     </span>
     <span class='ocr_line' id='line_1_21' title="bbox 76 1577 1508 1626; baseline -0.002 -10"><span class='ocrx_word' id='word_1_174' title='bbox 76 1579 199 1616; x_wconf 88' lang='lat' dir='ltr'>ferme</span> <span class='ocrx_word' id='word_1_175' title='bbox 231 1582 346 1616; x_wconf 84' lang='lat' dir='ltr'>nocte</span> <span class='ocrx_word' id='word_1_176' title='bbox 392 1591 438 1615; x_wconf 84' lang='lat' dir='ltr'>ex</span> <span class='ocrx_word' id='word_1_177' title='bbox 484 1591 529 1615; x_wconf 92' lang='lat' dir='ltr'>eo</span> <span class='ocrx_word' id='word_1_178' title='bbox 569 1577 673 1624; x_wconf 90' lang='lat' dir='ltr'>loco,</span> <span class='ocrx_word' id='word_1_179' title='bbox 717 1577 823 1615; x_wconf 89' lang='lat' dir='ltr'>unde</span> <span class='ocrx_word' id='word_1_180' title='bbox 869 1580 1119 1623; x_wconf 83' lang='lat' dir='ltr'>convenerat,</span> <span class='ocrx_word' id='word_1_181' title='bbox 1157 1577 1316 1626; x_wconf 89' lang='lat' dir='ltr'>signum</span> <span class='ocrx_word' id='word_1_182' title='bbox 1364 1577 1508 1614; x_wconf 87' lang='lat' dir='ltr'>dedere</span> 
     </span>
     <span class='ocr_line' id='line_1_22' title="bbox 76 1648 1576 1700; baseline -0.002 -13"><span class='ocrx_word' id='word_1_183' title='bbox 76 1650 351 1700; x_wconf 86' lang='lat' dir='ltr'>proditoribus</span> <span class='ocrx_word' id='word_1_184' title='bbox 383 1650 504 1695; x_wconf 79' lang='lat' dir='ltr'>arcis3</span> <span class='ocrx_word' id='word_1_185' title='bbox 536 1649 607 1699; x_wconf 86' lang='lat' dir='ltr'>qui</span> <span class='ocrx_word' id='word_1_186' title='bbox 638 1650 770 1699; x_wconf 88' lang='lat' dir='ltr'>parati</span> <span class='ocrx_word' id='word_1_187' title='bbox 794 1649 1018 1699; x_wconf 87' lang='lat' dir='ltr'>intentique</span> <span class='ocrx_word' id='word_1_188' title='bbox 1050 1653 1089 1686; x_wconf 90' lang='lat' dir='ltr'>et</span> <span class='ocrx_word' id='word_1_189' title='bbox 1119 1650 1199 1699; x_wconf 88' lang='lat' dir='ltr'>ipsi</span> <span class='ocrx_word' id='word_1_190' title='bbox 1231 1649 1356 1686; x_wconf 85' lang='lat' dir='ltr'>scalas</span> <span class='ocrx_word' id='word_1_191' title='bbox 1388 1648 1438 1686; x_wconf 88' lang='lat' dir='ltr'>ad</span> <span class='ocrx_word' id='word_1_192' title='bbox 1470 1648 1509 1685; x_wconf 91' lang='lat' dir='ltr'>id</span> <span class='ocrx_word' id='word_1_193' title='bbox 1531 1649 1576 1684; x_wconf 84' lang='lat'>11</span> 
     </span>
     <span class='ocr_line' id='line_1_23' title="bbox 77 1721 1508 1773; baseline -0.002 -13"><span class='ocrx_word' id='word_1_194' title='bbox 77 1724 206 1773; x_wconf 89' lang='lat' dir='ltr'>ipsum</span> <span class='ocrx_word' id='word_1_195' title='bbox 237 1723 362 1760; x_wconf 88' lang='lat' dir='ltr'>factas</span> <span class='ocrx_word' id='word_1_196' title='bbox 394 1735 515 1772; x_wconf 88' lang='lat' dir='ltr'>quum</span> <span class='ocrx_word' id='word_1_197' title='bbox 546 1721 797 1759; x_wconf 87' lang='lat' dir='ltr'>demisissent</span> <span class='ocrx_word' id='word_1_198' title='bbox 818 1721 1082 1772; x_wconf 88' lang='lat' dir='ltr'>pluribusque</span> <span class='ocrx_word' id='word_1_199' title='bbox 1120 1721 1239 1758; x_wconf 90' lang='lat' dir='ltr'>simul</span> <span class='ocrx_word' id='word_1_200' title='bbox 1271 1721 1369 1758; x_wconf 90' lang='lat' dir='ltr'>locis</span> <span class='ocrx_word' id='word_1_201' title='bbox 1400 1734 1508 1757; x_wconf 83' lang='lat' dir='ltr'>scan-</span> 
     </span>
     <span class='ocr_line' id='line_1_24' title="bbox 80 1792 1508 1845; baseline -0.003 -12"><span class='ocrx_word' id='word_1_202' title='bbox 80 1795 218 1833; x_wconf 90' lang='lat' dir='ltr'>dentes</span> <span class='ocrx_word' id='word_1_203' title='bbox 249 1794 506 1845; x_wconf 86' lang='lat' dir='ltr'>accepissent,</span> <span class='ocrx_word' id='word_1_204' title='bbox 537 1794 768 1844; x_wconf 86' lang='lat' dir='ltr'>priusquam</span> <span class='ocrx_word' id='word_1_205' title='bbox 795 1794 944 1832; x_wconf 89' lang='lat' dir='ltr'>clamor</span> <span class='ocrx_word' id='word_1_206' title='bbox 975 1797 1166 1840; x_wconf 87' lang='lat' dir='ltr'>oreretur,</span> <span class='ocrx_word' id='word_1_207' title='bbox 1192 1793 1233 1830; x_wconf 91' lang='lat' dir='ltr'>in</span> <span class='ocrx_word' id='word_1_208' title='bbox 1257 1793 1401 1842; x_wconf 85' lang='lat' dir='ltr'>vigiles</span> <span class='ocrx_word' id='word_1_209' title='bbox 1420 1792 1508 1830; x_wconf 82' lang='lat' dir='ltr'>Poe-</span> 
     </span>
     <span class='ocr_line' id='line_1_25' title="bbox 77 1865 1506 1916; baseline -0.002 -12"><span class='ocrx_word' id='word_1_210' title='bbox 77 1880 239 1914; x_wconf 89' lang='lat' dir='ltr'>norum,</span> <span class='ocrx_word' id='word_1_211' title='bbox 283 1870 328 1904; x_wconf 92' lang='lat' dir='ltr'>ut</span> <span class='ocrx_word' id='word_1_212' title='bbox 359 1867 400 1903; x_wconf 91' lang='lat' dir='ltr'>in</span> <span class='ocrx_word' id='word_1_213' title='bbox 432 1866 542 1904; x_wconf 90' lang='lat' dir='ltr'>nullo</span> <span class='ocrx_word' id='word_1_214' title='bbox 587 1865 661 1904; x_wconf 92' lang='lat' dir='ltr'>tali</span> <span class='ocrx_word' id='word_1_215' title='bbox 692 1870 799 1903; x_wconf 89' lang='lat' dir='ltr'>metu</span> <span class='ocrx_word' id='word_1_216' title='bbox 845 1866 1016 1916; x_wconf 74' lang='lat' dir='ltr'>sopitos,</span> <span class='ocrx_word' id='word_1_217' title='bbox 1062 1866 1234 1915; x_wconf 88' lang='lat' dir='ltr'>impetus</span> <span class='ocrx_word' id='word_1_218' title='bbox 1279 1868 1338 1901; x_wconf 88' lang='lat' dir='ltr'>est</span> <span class='ocrx_word' id='word_1_219' title='bbox 1368 1866 1506 1902; x_wconf 87' lang='lat' dir='ltr'>factus.</span> 
     </span>
     <span class='ocr_line' id='line_1_26' title="bbox 79 1937 1574 1988; baseline -0.003 -11"><span class='ocrx_word' id='word_1_220' title='bbox 79 1939 259 1987; x_wconf 76' lang='lat' dir='ltr'>Quorum</span> <span class='ocrx_word' id='word_1_221' title='bbox 304 1939 475 1988; x_wconf 87' lang='lat' dir='ltr'>gemitus</span> <span class='ocrx_word' id='word_1_222' title='bbox 519 1937 648 1988; x_wconf 88' lang='lat' dir='ltr'>primo</span> <span class='ocrx_word' id='word_1_223' title='bbox 693 1937 948 1976; x_wconf 88' lang='lat' dir='ltr'>morientium</span> <span class='ocrx_word' id='word_1_224' title='bbox 994 1937 1218 1984; x_wconf 85' lang='lat' dir='ltr'>exauditus,</span> <span class='ocrx_word' id='word_1_225' title='bbox 1252 1937 1343 1974; x_wconf 91' lang='lat' dir='ltr'>dein</span> <span class='ocrx_word' id='word_1_226' title='bbox 1375 1937 1574 1974; x_wconf 80' lang='lat' dir='ltr'>subital2</span> 
     </span>
     <span class='ocr_line' id='line_1_27' title="bbox 79 2010 1509 2059; baseline -0.001 -11"><span class='ocrx_word' id='word_1_227' title='bbox 79 2011 347 2050; x_wconf 86' lang='lat' dir='ltr'>consternatio</span> <span class='ocrx_word' id='word_1_228' title='bbox 379 2024 427 2048; x_wconf 84' lang='lat' dir='ltr'>ex</span> <span class='ocrx_word' id='word_1_229' title='bbox 457 2023 594 2049; x_wconf 92' lang='lat' dir='ltr'>somno</span> <span class='ocrx_word' id='word_1_230' title='bbox 626 2013 665 2047; x_wconf 90' lang='lat' dir='ltr'>et</span> <span class='ocrx_word' id='word_1_231' title='bbox 694 2010 900 2056; x_wconf 88' lang='lat' dir='ltr'>tumultus,</span> <span class='ocrx_word' id='word_1_232' title='bbox 941 2023 1062 2059; x_wconf 89' lang='lat' dir='ltr'>quum</span> <span class='ocrx_word' id='word_1_233' title='bbox 1095 2023 1213 2047; x_wconf 88' lang='lat' dir='ltr'>causa</span> <span class='ocrx_word' id='word_1_234' title='bbox 1243 2010 1509 2059; x_wconf 88' lang='lat' dir='ltr'>ignoraretur,</span> 
     </span>
     <span class='ocr_line' id='line_1_28' title="bbox 78 2081 1583 2134; baseline -0.002 -12"><span class='ocrx_word' id='word_1_235' title='bbox 78 2086 278 2134; x_wconf 89' lang='lat' dir='ltr'>postremo</span> <span class='ocrx_word' id='word_1_236' title='bbox 310 2083 457 2120; x_wconf 90' lang='lat' dir='ltr'>certior</span> <span class='ocrx_word' id='word_1_237' title='bbox 492 2096 576 2129; x_wconf 88' lang='lat' dir='ltr'>res,</span> <span class='ocrx_word' id='word_1_238' title='bbox 623 2082 718 2120; x_wconf 90' lang='lat' dir='ltr'>aliis</span> <span class='ocrx_word' id='word_1_239' title='bbox 764 2082 1035 2120; x_wconf 86' lang='lat' dir='ltr'>excitantibus</span> <span class='ocrx_word' id='word_1_240' title='bbox 1080 2082 1190 2119; x_wconf 90' lang='lat' dir='ltr'>alios.</span> <span class='ocrx_word' id='word_1_241' title='bbox 1251 2082 1418 2132; x_wconf 86' lang='lat' dir='ltr'>Iamque</span> <span class='ocrx_word' id='word_1_242' title='bbox 1464 2081 1583 2119; x_wconf 81' lang='lat' dir='ltr'>ad13</span> 
     </span>
     <span class='ocr_line' id='line_1_29' title="bbox 79 2153 1509 2206; baseline -0.001 -14"><span class='ocrx_word' id='word_1_243' title='bbox 79 2168 186 2192; x_wconf 88' lang='lat' dir='ltr'>arma</span> <span class='ocrx_word' id='word_1_244' title='bbox 217 2168 290 2206; x_wconf 88' lang='lat' dir='ltr'>pro</span> <span class='ocrx_word' id='word_1_245' title='bbox 321 2168 362 2192; x_wconf 91' lang='lat' dir='ltr'>se</span> <span class='ocrx_word' id='word_1_246' title='bbox 393 2155 562 2204; x_wconf 90' lang='lat' dir='ltr'>quisque</span> <span class='ocrx_word' id='word_1_247' title='bbox 605 2154 791 2192; x_wconf 85' lang='lat' dir='ltr'>vocabat:</span> <span class='ocrx_word' id='word_1_248' title='bbox 837 2154 968 2192; x_wconf 86' lang='lat' dir='ltr'>hostes</span> <span class='ocrx_word' id='word_1_249' title='bbox 1015 2155 1056 2191; x_wconf 90' lang='lat' dir='ltr'>in</span> <span class='ocrx_word' id='word_1_250' title='bbox 1102 2167 1192 2191; x_wconf 87' lang='lat' dir='ltr'>arce</span> <span class='ocrx_word' id='word_1_251' title='bbox 1224 2168 1308 2192; x_wconf 88' lang='lat' dir='ltr'>esse</span> <span class='ocrx_word' id='word_1_252' title='bbox 1340 2158 1380 2191; x_wconf 90' lang='lat' dir='ltr'>et</span> <span class='ocrx_word' id='word_1_253' title='bbox 1410 2153 1509 2190; x_wconf 85' lang='lat' dir='ltr'>caedi</span> 
     </span>
     <span class='ocr_line' id='line_1_30' title="bbox 78 2226 1509 2277; baseline -0.002 -12"><span class='ocrx_word' id='word_1_254' title='bbox 78 2227 238 2276; x_wconf 79' lang='lat' dir='ltr'>vigiles3</span> <span class='ocrx_word' id='word_1_255' title='bbox 271 2227 532 2277; x_wconf 87' lang='lat' dir='ltr'>oppressique</span> <span class='ocrx_word' id='word_1_256' title='bbox 556 2227 686 2264; x_wconf 86' lang='lat' dir='ltr'>forent</span> <span class='ocrx_word' id='word_1_257' title='bbox 711 2226 884 2264; x_wconf 82' lang='lat' dir='ltr'>Romani</span> <span class='ocrx_word' id='word_1_258' title='bbox 908 2240 1157 2276; x_wconf 87' lang='lat' dir='ltr'>nequaquam</span> <span class='ocrx_word' id='word_1_259' title='bbox 1188 2239 1351 2264; x_wconf 87' lang='lat' dir='ltr'>numero</span> <span class='ocrx_word' id='word_1_260' title='bbox 1383 2239 1509 2275; x_wconf 86' lang='lat' dir='ltr'>pares,</span> 
     </span>
    </p>

    <p class='ocr_par' dir='ltr' id='par_1_3' title="bbox 79 2298 1587 2710">
     <span class='ocr_line' id='line_1_31' title="bbox 80 2298 1511 2349; baseline -0.001 -13"><span class='ocrx_word' id='word_1_261' title='bbox 80 2299 122 2336; x_wconf 89' lang='lat' dir='ltr'>ni</span> <span class='ocrx_word' id='word_1_262' title='bbox 152 2299 302 2338; x_wconf 89' lang='lat' dir='ltr'>clamor</span> <span class='ocrx_word' id='word_1_263' title='bbox 332 2298 383 2336; x_wconf 88' lang='lat' dir='ltr'>ab</span> <span class='ocrx_word' id='word_1_264' title='bbox 414 2299 478 2346; x_wconf 89' lang='lat' dir='ltr'>iis,</span> <span class='ocrx_word' id='word_1_265' title='bbox 510 2299 581 2349; x_wconf 90' lang='lat' dir='ltr'>qui</span> <span class='ocrx_word' id='word_1_266' title='bbox 613 2301 724 2336; x_wconf 78' lang='lat' dir='ltr'>extra</span> <span class='ocrx_word' id='word_1_267' title='bbox 755 2312 886 2336; x_wconf 89' lang='lat' dir='ltr'>arcem</span> <span class='ocrx_word' id='word_1_268' title='bbox 918 2303 1050 2346; x_wconf 89' lang='lat' dir='ltr'>erant,</span> <span class='ocrx_word' id='word_1_269' title='bbox 1090 2298 1273 2336; x_wconf 89' lang='lat' dir='ltr'>sublatus</span> <span class='ocrx_word' id='word_1_270' title='bbox 1304 2298 1511 2343; x_wconf 85' lang='lat' dir='ltr'>incertum,</span> 
     </span>
     <span class='ocr_line' id='line_1_32' title="bbox 79 2370 1509 2420; baseline -0.001 -12"><span class='ocrx_word' id='word_1_271' title='bbox 79 2371 184 2409; x_wconf 90' lang='lat' dir='ltr'>unde</span> <span class='ocrx_word' id='word_1_272' title='bbox 201 2370 426 2418; x_wconf 89' lang='lat' dir='ltr'>accidisset,</span> <span class='ocrx_word' id='word_1_273' title='bbox 459 2371 591 2409; x_wconf 87' lang='lat' dir='ltr'>omnia</span> <span class='ocrx_word' id='word_1_274' title='bbox 607 2384 710 2409; x_wconf 87' lang='lat' dir='ltr'>vana</span> <span class='ocrx_word' id='word_1_275' title='bbox 726 2374 895 2420; x_wconf 86' lang='lat' dir='ltr'>augente</span> <span class='ocrx_word' id='word_1_276' title='bbox 912 2374 1107 2409; x_wconf 88' lang='lat' dir='ltr'>nocturno</span> <span class='ocrx_word' id='word_1_277' title='bbox 1124 2370 1311 2417; x_wconf 74' lang='lat' dir='ltr'>tumultu,</span> <span class='ocrx_word' id='word_1_278' title='bbox 1341 2370 1509 2407; x_wconf 85' lang='lat' dir='ltr'>fecisset.</span> 
     </span>
     <span class='ocr_line' id='line_1_33' title="bbox 80 2442 1586 2494; baseline -0.001 -14"><span class='ocrx_word' id='word_1_279' title='bbox 80 2443 236 2494; x_wconf 87' lang='lat' dir='ltr'>Itaque,</span> <span class='ocrx_word' id='word_1_280' title='bbox 266 2444 375 2482; x_wconf 87' lang='lat' dir='ltr'>velut</span> <span class='ocrx_word' id='word_1_281' title='bbox 404 2444 524 2494; x_wconf 84' lang='lat' dir='ltr'>plena</span> <span class='ocrx_word' id='word_1_282' title='bbox 554 2443 634 2481; x_wconf 90' lang='lat' dir='ltr'>iam</span> <span class='ocrx_word' id='word_1_283' title='bbox 664 2443 836 2481; x_wconf 90' lang='lat' dir='ltr'>hostium</span> <span class='ocrx_word' id='word_1_284' title='bbox 883 2457 992 2490; x_wconf 86' lang='lat' dir='ltr'>arce,</span> <span class='ocrx_word' id='word_1_285' title='bbox 1022 2443 1156 2481; x_wconf 85' lang='lat' dir='ltr'>territi</span> <span class='ocrx_word' id='word_1_286' title='bbox 1186 2442 1324 2491; x_wconf 83' lang='lat' dir='ltr'>Poeni,</span> <span class='ocrx_word' id='word_1_287' title='bbox 1373 2442 1514 2479; x_wconf 90' lang='lat' dir='ltr'>omisso</span> <span class='ocrx_word' id='word_1_288' title='bbox 1537 2443 1586 2479; x_wconf 85' lang='lat'>14</span> 
     </span>
     <span class='ocr_line' id='line_1_34' title="bbox 82 2514 1511 2564; baseline -0.001 -12"><span class='ocrx_word' id='word_1_289' title='bbox 82 2516 312 2563; x_wconf 88' lang='lat' dir='ltr'>certamine,</span> <span class='ocrx_word' id='word_1_290' title='bbox 343 2516 384 2554; x_wconf 90' lang='lat' dir='ltr'>in</span> <span class='ocrx_word' id='word_1_291' title='bbox 411 2515 578 2553; x_wconf 87' lang='lat' dir='ltr'>alteram</span> <span class='ocrx_word' id='word_1_292' title='bbox 603 2528 732 2553; x_wconf 89' lang='lat' dir='ltr'>arcem</span> <span class='ocrx_word' id='word_1_293' title='bbox 765 2515 870 2564; x_wconf 90' lang='lat' dir='ltr'>(duae</span> <span class='ocrx_word' id='word_1_294' title='bbox 894 2519 987 2553; x_wconf 91' lang='lat' dir='ltr'>sunt</span> <span class='ocrx_word' id='word_1_295' title='bbox 1012 2515 1118 2553; x_wconf 82' lang='lat' dir='ltr'>haud</span> <span class='ocrx_word' id='word_1_296' title='bbox 1143 2515 1311 2552; x_wconf 89' lang='lat' dir='ltr'>multum</span> <span class='ocrx_word' id='word_1_297' title='bbox 1343 2514 1446 2551; x_wconf 89' lang='lat' dir='ltr'>inter</span> <span class='ocrx_word' id='word_1_298' title='bbox 1471 2527 1511 2551; x_wconf 87' lang='lat' dir='ltr'>se</span> 
     </span>
     <span class='ocr_line' id='line_1_35' title="bbox 83 2585 1587 2638; baseline -0.001 -14"><span class='ocrx_word' id='word_1_299' title='bbox 83 2587 293 2637; x_wconf 83' lang='lat' dir='ltr'>distantes)</span> <span class='ocrx_word' id='word_1_300' title='bbox 326 2587 569 2637; x_wconf 89' lang='lat' dir='ltr'>confugiunt.</span> <span class='ocrx_word' id='word_1_301' title='bbox 631 2586 835 2638; x_wconf 86' lang='lat' dir='ltr'>Oppidani</span> <span class='ocrx_word' id='word_1_302' title='bbox 874 2587 1013 2625; x_wconf 90' lang='lat' dir='ltr'>urbem</span> <span class='ocrx_word' id='word_1_303' title='bbox 1049 2586 1262 2632; x_wconf 86' lang='lat' dir='ltr'>habebant,</span> <span class='ocrx_word' id='word_1_304' title='bbox 1293 2586 1514 2623; x_wconf 88' lang='lat' dir='ltr'>victoribus</span> <span class='ocrx_word' id='word_1_305' title='bbox 1536 2585 1587 2622; x_wconf 84' lang='lat'>15</span> 
     </span>
     <span class='ocr_line' id='line_1_36' title="bbox 83 2658 1511 2710; baseline -0.002 -12"><span class='ocrx_word' id='word_1_306' title='bbox 83 2659 290 2710; x_wconf 88' lang='lat' dir='ltr'>praemium</span> <span class='ocrx_word' id='word_1_307' title='bbox 322 2660 364 2697; x_wconf 90' lang='lat' dir='ltr'>in</span> <span class='ocrx_word' id='word_1_308' title='bbox 394 2659 524 2698; x_wconf 88' lang='lat' dir='ltr'>medio</span> <span class='ocrx_word' id='word_1_309' title='bbox 555 2660 742 2710; x_wconf 88' lang='lat' dir='ltr'>posita1n;</span> <span class='ocrx_word' id='word_1_310' title='bbox 775 2673 823 2697; x_wconf 88' lang='lat' dir='ltr'>ex</span> <span class='ocrx_word' id='word_1_311' title='bbox 855 2659 1012 2697; x_wconf 86' lang='lat' dir='ltr'>arcibus</span> <span class='ocrx_word' id='word_1_312' title='bbox 1044 2659 1198 2697; x_wconf 87' lang='lat' dir='ltr'>duabus</span> <span class='ocrx_word' id='word_1_313' title='bbox 1230 2658 1384 2708; x_wconf 81' lang='lat' dir='ltr'>proeliis</span> <span class='ocrx_word' id='word_1_314' title='bbox 1416 2671 1511 2708; x_wconf 88' lang='lat' dir='ltr'>quo-</span> 
     </span>
    </p>
   </div>
  </div>
 </body>
</html>
