1789 2955
525 85 641 120 Liber
665 85 812 121 XXVI.
862 88 923 129 (A.
951 85 1015 120 Oh.
1040 86 1133 127 210.)
1492 88 1543 125 39

108 214 381 263 :scisceretque
405 213 533 262 plebs,
557 213 616 249 uti
640 213 794 250 senatui
821 213 869 250 de
887 212 1106 252 Satricanis
1131 213 1340 250 sententiae
1365 211 1546 249 dicendae

114 285 176 322 ius
193 289 305 322 esset.
352 284 494 334 Itaque
520 297 661 322 censeo
690 298 777 322 cum
803 284 979 322 tribunis
1004 285 1134 334 plebis
1163 284 1359 334 agendum
1388 297 1481 330 esse,
1506 285 1553 320 ut
1571 282 1621 320 11

115 369 249 394 eorum
279 369 381 393 unus
406 356 592 405 pluresve
618 355 864 404 rogationem
890 356 1020 393 ferant
1047 357 1097 394 ad
1121 357 1291 406 plebem,
1323 369 1400 405 qua
1431 355 1546 392 nobis

116 427 319 465 statuendi
343 427 392 464 de
418 427 632 477 Campanis
657 428 720 464 ius
745 427 850 464 fiat.“
901 427 946 465 L.
965 428 1119 466 Atilius
1143 429 1329 465 tribunus
1356 428 1484 477 plebis
1502 440 1551 464 ex
1571 426 1621 463 12

116 500 351 536 auctoritate
374 502 532 537 senatus
549 499 703 548 plebem
720 499 761 536 in
778 499 861 536 haec
878 500 1000 537 verba
1017 501 1192 548 rogavit:
1243 498 1413 546 „Omnes
1432 498 1545 535 Cam-

114 570 223 620 pani,
241 570 437 616 Atellani,
456 570 644 616 Calatini,
662 569 857 616 Sabatini,
877 571 944 619 qui
961 584 1002 608 se
1019 571 1260 609 dediderunt
1277 572 1316 608 in
1334 571 1546 608 arbitrium

114 641 390 691 dicionemque
415 642 555 692 populi
579 642 750 679 Romani
772 643 816 691 Q.
835 642 980 680 Fulvio
998 644 1238 691 proconsuli.
1259 643 1453 692 [quosque
1469 655 1551 679 una
1570 640 1621 678 13

113 725 242 750 secum
261 713 476 763 dedidere‚]
502 727 669 763 quaeque
695 727 774 750 una
790 727 921 751 secum
940 713 1141 759 dedidere,
1163 727 1303 763 agrum
1318 714 1547 762 urbemque,

112 783 249 822 divina
266 785 517 834 humanaque
533 785 799 834 utensiliaque
816 787 897 823 sive
914 786 1012 835 quid.
1030 787 1139 823 aliud
1157 786 1408 832 dediderunt,
1430 785 1477 821 de
1495 785 1545 823 iis

112 856 232 893 rebus
259 856 355 906 quid
381 856 469 894 fieri
494 858 642 903 velitis,
668 870 737 894 vos
768 871 876 906 rogo,
901 857 1112 904 Quirites.“
1162 858 1307 895 Plebes
1331 858 1387 895 sic
1413 857 1551 894 iussit:
1572 855 1622 892 14

120 926 263 973 „Quod
281 932 440 966 senatus
457 929 622 975 iuratus,
649 930 820 966 maxima
838 942 940 978 pars,
965 934 1133 975 censeat,
1152 930 1220 978 qui
1238 930 1405 975 adsient,
1423 928 1463 965 id
1479 941 1545 966 vo-

114 999 245 1036 lumus
268 999 566 1049 iubemusque.“
616 1000 678 1036 Ex
703 1000 775 1038 hoc
799 1000 1038 1050 plebeiscito
1063 1005 1225 1038 senatus
1250 1001 1454 1038 consultus
1471 999 1549 1049 Op·
1639 993 1697 1043 34

111 1070 189 1120 piae
207 1070 439 1121 Cluviaeque
465 1071 638 1122 primum
662 1073 766 1109 bona
791 1085 834 1109 ac
858 1072 1085 1110 libertatem
1102 1073 1294 1110 restituit:
1323 1073 1355 1109 si
1373 1086 1451 1121 qua
1467 1072 1547 1108 alia

113 1143 279 1192 praemia
308 1146 445 1193 petere
476 1144 526 1181 ab
557 1146 697 1180 senatu
728 1144 888 1189 vellent,
924 1144 1062 1181 venire
1095 1158 1160 1181 eas
1191 1144 1372 1182 Romam.
1435 1143 1590 1180 Cam-2

114 1214 230 1264 panis
260 1215 301 1252 in
331 1215 506 1253 familias
537 1215 716 1264 singulas
748 1215 908 1252 decreta
938 1216 1055 1262 facta,
1087 1229 1175 1264 quae
1200 1230 1278 1253 non
1304 1228 1434 1265 operae
1459 1227 1547 1264 pre-

112 1284 214 1322 tium
253 1290 312 1323 est
350 1287 482 1324 omnia
521 1300 772 1334 enumerare:
814 1287 981 1324 aliorum
1015 1287 1120 1324 bona
1150 1288 1408 1337 publicanda,
1448 1285 1595 1336 ipsos-3

113 1358 340 1408 liberosque
387 1372 521 1396 eorum
567 1362 607 1395 et
645 1359 835 1407 coniuges
876 1359 1104 1396 vendendas
1147 1362 1258 1396 extra
1295 1358 1411 1403 filias,
1458 1370 1547 1408 quae

111 1430 372 1480 enupsissent,
403 1432 636 1480 priusquam
662 1431 701 1466 in
725 1430 867 1480 populi
890 1430 1064 1468 Romani
1090 1433 1327 1480 potestatem
1352 1430 1546 1476 venirent,

110 1502 211 1540 alios
249 1503 290 1540 in
327 1503 489 1540 vincula
520 1502 746 1540 condendos
779 1515 824 1538 ac
857 1501 904 1538 de
936 1502 985 1539 iis
1017 1504 1215 1552 posterius
1244 1500 1594 1547 consulendum34

111 1574 281 1611 aliorum
331 1574 625 1624 Campanorum
679 1587 870 1611 summam
917 1576 1035 1612 etiam
1081 1588 1218 1611 census
1264 1574 1547 1619 distinxerunt,

115 1646 361 1695 publicanda
391 1660 516 1683 necne
546 1647 650 1683 bona
681 1649 834 1692 essent,
880 1659 1007 1695 pecua
1046 1647 1208 1695 captiva
1238 1650 1384 1696 praeter
1416 1657 1550 1694 equos,
1570 1642 1593 1680 5

112 1720 152 1754 et
183 1719 382 1767 mancipia
412 1722 556 1767 praeter
587 1718 755 1767 puberes
787 1717 904 1754 virile
936 1731 1060 1764 secus,
1102 1722 1141 1755 et
1170 1718 1311 1763 omnia,
1352 1729 1440 1766 quae
1462 1716 1545 1753 solo

111 1802 191 1827 non
217 1790 528 1837 continerentur,
552 1789 801 1827 restituenda
825 1793 1063 1827 censuerunt
1087 1790 1267 1827 dominis.
1320 1788 1546 1838 Campanos
1567 1788 1590 1824 6

113 1874 260 1906 omnes,
288 1861 512 1908 Atellanos,
538 1862 754 1908 Calatinos,
788 1859 1012 1908 Sabatinos,
1044 1864 1277 1911 extraquam
1308 1860 1378 1909 qui
1410 1871 1546 1896 eorum

113 1937 182 1970 aut
212 1933 290 1983 ipsi
320 1938 389 1971 aut
418 1937 602 1983 parentes
636 1946 770 1970 eorum
802 1933 908 1982 apud
939 1932 1071 1970 hostes
1105 1936 1248 1979 essent,
1281 1932 1431 1969 liberos
1463 1942 1547 1967 esse

115 2005 328 2051 iusserunt,
370 2006 426 2042 ita
456 2008 501 2042 ut
531 2018 645 2042 nemo
677 2018 814 2042 eorum
846 2004 944 2041 civis
975 2004 1179 2042 Romanus
1211 2007 1279 2041 aut
1310 2003 1449 2041 Latini
1479 2015 1547 2039 no·
1568 2003 1589 2040 7

115 2076 234 2113 minis
266 2080 378 2122 esset,
410 2090 508 2114 neve
540 2077 630 2126 quis
662 2090 810 2125 eorum,
844 2076 913 2125 qui
937 2075 1084 2126 Capuae
1114 2077 1265 2120 fuisset,
1298 2076 1390 2112 dum
1421 2078 1547 2124 portae

115 2148 260 2185 olausae
299 2152 440 2194 essent,
487 2150 528 2186 in
566 2149 664 2186 urbe
703 2161 849 2196 agrove
882 2147 1084 2198 Campano
1126 2148 1232 2185 intra
1265 2150 1412 2185 certam
1443 2146 1548 2183 diem

114 2224 311 2267 maneret3
357 2221 478 2267 locus,
509 2221 578 2258 ubi
608 2219 850 2266 habitarent,
881 2223 991 2257 trans
1026 2219 1215 2267 Tiberim,
1248 2220 1317 2269 qui
1347 2232 1426 2256 non
1457 2231 1548 2254 con·
1569 2218 1594 2255 8

115 2291 290 2341 tingeret
312 2291 505 2338 Tiberim,
538 2292 716 2338 daretur;
749 2292 819 2341 qui
851 2305 922 2329 nec
955 2291 1100 2341 Capuae
1132 2305 1203 2328 nec
1235 2291 1276 2328 in
1308 2291 1407 2328 urbe
1433 2289 1546 2326 Cam-

117 2376 235 2414 pana,
265 2377 352 2414 quae
384 2378 407 2401 a
438 2364 587 2413 populo
618 2363 799 2401 Romano
832 2364 1052 2410 defecisset,
1085 2376 1155 2413 per
1185 2363 1334 2400 bellum
1366 2361 1548 2406 fuissent,

116 2449 182 2474 eos
213 2436 269 2474 cis
299 2436 426 2473 Lirim
458 2448 609 2472 amnem
635 2435 803 2473 Romam
834 2449 984 2482 versus,
1015 2436 1084 2484 qui
1115 2435 1166 2472 ad
1189 2435 1390 2472 Romanos
1420 2436 1547 2470 trans·
1570 2434 1593 2470 9

117 2507 254 2553 issent,
292 2507 524 2558 priusquam
558 2506 735 2557 Capuam
766 2507 972 2544 Hannibal
1009 2507 1175 2553 veniret,
1213 2506 1270 2543 cis
1305 2505 1551 2543 Vulturnum

117 2579 355 2617 emovendos
389 2584 640 2625 censuerunt,
680 2592 728 2615 ne
760 2579 848 2628 quis
879 2591 1014 2615 eorum
1046 2577 1211 2627 propius
1243 2590 1350 2614 mare
1382 2575 1548 2626 quinde-

121 2649 197 2686 cim
221 2649 400 2687 millibus
426 2663 612 2699 passuum
637 2663 776 2697 agrum
801 2649 1060 2687 aedificiumve
1084 2648 1261 2686 haberet.
1316 2647 1395 2695 Qui
1419 2661 1554 2686 eorum
1575 2647 1625 2684 10
