1789 2955
247 59 329 97 184
627 56 744 91 Liber
767 54 914 92 XXIX.
969 56 1031 100 (A.
1057 68 1091 91 u.
1117 67 1147 90 ο.
1173 56 1267 102 549.)

241 183 307 221 Ibi
334 183 575 222 Mandonius
607 184 805 234 ceterique
836 184 1039 235 principes
1071 185 1345 235 comprehensi
1377 188 1416 222 et
1446 185 1587 222 traditi
1618 185 1669 223 ad

203 255 226 292 5
245 256 497 306 supplicium.
553 256 765 306 Hispaniae
796 256 958 306 populis
994 256 1153 294 reddita
1183 270 1282 307 pax3
1312 257 1556 307 stipendium
1587 257 1671 295 eius

242 328 335 364 anni
367 327 515 378 duplex
548 331 587 366 et
618 328 859 366 frumentum
897 341 964 366 sex
1002 341 1180 366 mensum
1220 329 1458 379 imperatum
1496 342 1669 379 sagaque

242 403 282 437 et
311 403 415 448 togae
433 401 637 448 exercitui,
669 404 707 438 et
723 400 880 438 obsides
905 399 955 438 ab
983 400 1153 450 triginta
1177 401 1297 439 ferme
1328 401 1488 451 populis
1505 401 1669 451 accepti.

199 473 221 509 6
353 472 418 510 Ita
435 472 644 523 Hispaniae
667 473 905 511 rebellantis
931 472 1105 510 tumultu
1135 473 1241 510 haud
1267 486 1409 522 magno
1437 477 1546 510 motu
1564 473 1671 511 intra

241 557 388 593 paucos
423 544 505 582 dies
538 545 692 582 concito
740 548 779 582 et
809 558 1054 594 compresso,
1099 545 1140 581 in
1171 543 1353 582 Africam
1386 546 1511 583 omnis
1541 548 1673 584 terror

201 616 387 653 7versus.
450 616 492 654 C.
522 616 674 654 Laelius
705 620 820 655 nocte
851 617 902 654 ad
932 616 1164 667 Hipponem
1184 617 1357 666 Regium
1389 631 1510 667 quum
1542 631 1671 656 acces-

249 688 384 735 sisset,
416 688 504 726 luce
536 689 666 739 prima
697 689 746 727 ad
787 689 1061 740 populandum
1093 703 1232 739 agrum
1262 690 1334 727 sub
1367 689 1492 739 signis
1524 690 1672 728 milites

197 760 221 797 8
239 760 446 810 sociosque
491 762 652 799 navales
699 762 825 801 duxit.
901 760 1097 799 Omnibus
1149 761 1259 811 pacis
1311 761 1427 799 modo
1473 762 1673 801 incuriose

241 831 464 881 agentibus,
495 847 639 883 magna
656 834 790 872 clades
815 834 945 880 illata3
978 833 1190 883 nuntiique
1221 833 1371 884 trepidi
1390 833 1672 883 Carthaginem

240 907 394 942 terrore
426 905 581 954 ingenti
619 905 877 956 complevere,
918 905 1080 943 classem
1110 905 1331 944 Romanam
1362 904 1673 956 Scipionemque

241 977 523 1027 imperatorem
554 977 608 1027 (et
638 978 741 1015 fama
771 978 912 1024 fuerat,
957 978 1037 1016 iam
1082 978 1124 1014 in
1155 977 1335 1015 Siciliam
1365 979 1672 1030 transgressum)

191 1048 453 1087 9advenisse.
528 1049 611 1088 Nec
657 1053 755 1100 quot
800 1063 920 1087 naves
961 1049 1177 1100 vidissent,
1225 1063 1294 1088 nec
1343 1053 1490 1099 quanta
1534 1064 1673 1089 manus

242 1134 358 1170 agros
391 1122 661 1172 popularetur,
694 1122 791 1159 satis
809 1123 924 1171 gnari
958 1122 1091 1160 omnia
1116 1123 1157 1159 in
1183 1122 1320 1169 maius,
1352 1126 1460 1160 metu
1490 1126 1673 1172 augente,

241 1193 502 1244 accipiebant.
563 1194 707 1245 Itaque
748 1194 875 1245 primo
917 1197 1047 1232 terror
1077 1208 1303 1244 pavorque,
1349 1195 1441 1232 dein
1486 1195 1674 1233 maestitia

168 1266 217 1302 10
236 1266 389 1304 animos
422 1266 600 1305 incessit:
632 1270 788 1304 tantum
814 1267 1015 1305 fortunam
1049 1269 1231 1314 mutasse,
1263 1270 1318 1314 ut,
1351 1266 1419 1317 qui
1451 1266 1566 1304 modo
1592 1267 1673 1317 ipsi

245 1339 465 1376 exercitum
496 1342 587 1377 ante
612 1339 755 1377 moenia
772 1339 954 1377 Romana
979 1339 1214 1376 habuissent
1244 1339 1427 1386 victores,
1459 1339 1674 1389 stratisque

240 1414 301 1449 tot
327 1412 500 1450 hostium
527 1412 770 1449 exercitibus
794 1425 927 1449 omnes
945 1411 1078 1448 Italiae
1103 1411 1273 1461 populos
1300 1415 1369 1448 aut
1391 1411 1432 1449 vi
1450 1415 1519 1449 aut
1534 1412 1673 1450 volun-

174 1484 219 1520 11
240 1487 324 1522 tate
355 1485 396 1522 in
428 1484 674 1522 deditionem
706 1483 964 1533 accepissent,
995 1484 1025 1521 ii
1054 1496 1168 1521 verso
1200 1483 1331 1521 Marte
1362 1482 1517 1521 Africae
1548 1497 1674 1534 popu-

244 1557 415 1594 lationes
446 1560 483 1594 et
515 1555 762 1593 obsidionem
795 1555 1051 1606 Carthaginis
1083 1555 1208 1593 visuri
1238 1556 1388 1602 forent,
1421 1569 1674 1606 nequaquam

171 1628 221 1665 12
239 1628 327 1678 pari
359 1628 409 1666 ad
439 1629 631 1678 patienda
664 1642 709 1666 ea
740 1628 904 1675 robore,
937 1620 980 1666 ac
1012 1628 1185 1665 Romani
1226 1627 1407 1666 fuissent.
1468 1627 1562 1665 Illis
1592 1628 1674 1665 Ro-

241 1714 397 1738 manam
428 1701 607 1751 plebem,
640 1701 725 1739 illis
756 1700 916 1739 Latium
956 1701 1203 1739 iuventutem
1233 1700 1452 1750 praebuisse
1483 1700 1674 1738 maiorem

242 1786 396 1823 semper
425 1773 814 1824 frequentioremque
845 1787 917 1823 pro
942 1776 1002 1811 tot
1028 1773 1137 1810 caesis
1157 1773 1399 1810 exercitibus
1423 1772 1672 1810 subolescen-

169 1844 220 1882 13
238 1848 336 1891 tem3
370 1859 480 1884 suam
510 1845 667 1896 plebem
699 1846 899 1884 imbellem
925 1846 965 1883 in
991 1845 1101 1892 urbe,
1133 1844 1336 1882 imbellem
1368 1844 1409 1881 in
1437 1844 1545 1894 agris
1570 1857 1673 1890 esse;

243 1917 423 1955 mercede
454 1918 588 1968 parari
612 1918 766 1955 auxilia
792 1932 839 1956 ex
864 1917 989 1964 Afris,
1019 1920 1136 1967 gente
1163 1917 1215 1955 ad
1240 1930 1395 1955 omnem
1427 1930 1563 1954 auram
1590 1916 1675 1967 spei

172 1989 222 2026 14
242 1990 380 2028 mobili
411 1993 531 2040 atque
563 1990 699 2028 infida.
761 1990 847 2027 Iam
892 2003 1025 2039 reges,
1056 1988 1278 2039 Syphacem
1309 1992 1399 2039 post
1430 1988 1674 2039 colloquium

245 2076 332 2100 cum
349 2061 537 2112 Scipione
565 2063 796 2114 alienatum,
813 2062 1065 2100 Masinissam
1096 2064 1234 2111 aperta
1258 2061 1478 2099 defectione
1501 2061 1674 2099 infestis-

173 2132 222 2171 15
242 2135 383 2172 simum
415 2134 578 2172 hostem.
638 2133 753 2173 Nihil
790 2148 958 2184 usquam
996 2134 1093 2184 spei,
1124 2134 1228 2171 nihil
1259 2134 1402 2171 auxilii
1433 2146 1529 2171 esse.
1590 2132 1674 2171 Nec

243 2206 456 2256 Magonem
488 2220 535 2244 ex
566 2206 702 2244 Gallia
742 2220 898 2244 movere
929 2206 1124 2243 tumultus
1163 2206 1375 2256 quicquam
1408 2218 1480 2243 nec
1512 2205 1673 2243 coniun-

244 2292 336 2328 gere
382 2292 464 2316 sese
510 2278 755 2325 Hannibali,
802 2281 841 2315 et
871 2277 1141 2315 Hannibalem
1186 2278 1317 2328 ipsum
1362 2277 1441 2314 iam
1489 2280 1527 2315 et
1570 2277 1675 2315 fama

130 2346 160 2394 4
248 2364 450 2388 senescere
483 2354 522 2388 et
551 2351 718 2388 viribus.
778 2350 826 2387 In
858 2350 941 2387 haec
974 2350 1156 2388 deflenda
1186 2350 1395 2400 prolapsos
1435 2348 1485 2386 ab
1523 2348 1675 2387 recenti

244 2423 383 2461 nuntio
400 2423 552 2461 animos
568 2437 704 2461 rursus
729 2426 858 2461 terror
883 2422 1035 2460 instans
1061 2422 1263 2460 revocavit
1285 2421 1335 2459 ad
1361 2420 1675 2468 consultandum,

205 2495 228 2532 2
247 2509 418 2545 quonam
450 2495 566 2533 modo
600 2495 760 2533 obviam
789 2495 1054 2545 praesentibus
1084 2493 1273 2544 periculis
1304 2493 1442 2531 iretur.
1487 2492 1673 2531 Dilectus

245 2568 391 2618 raptim
422 2567 464 2604 in
495 2567 592 2605 urbe
621 2567 806 2617 agrisque
831 2565 972 2604 haberi
989 2566 1131 2616 placet,
1156 2566 1313 2603 mittere
1340 2564 1391 2602 ad
1415 2563 1673 2603 conducenda

242 2638 438 2677 Afrorum
470 2640 634 2687 auxilia,
665 2640 819 2677 munire
849 2638 1005 2685 urbem,
1036 2638 1278 2676 frumentum
1309 2637 1547 2687 convehere,
1580 2636 1673 2682 tela,
