1789 2955
1489 27 1497 61 ί

486 76 601 111 Liber
625 75 770 111 XXIX.
819 77 880 120 (A.
907 75 970 112 Ch.
996 77 1091 121 205.)
1446 82 1523 118 189

99 218 242 255 agmen
275 218 435 243 suorum
466 205 570 254 sugae
609 204 730 242 simili
761 217 877 241 cursu
909 207 1000 242 ante
1029 208 1185 243 noctem
1217 206 1388 243 assecuti
1420 209 1522 245 sunt.

101 276 236 328 Scipio
267 280 312 314 ut
336 280 375 314 et
401 289 530 314 arcem
547 276 726 313 relictam
752 276 802 314 ab
826 276 1007 313 hostibus
1031 280 1072 314 et
1101 291 1226 315 vacua
1257 278 1362 316 vidit
1388 282 1530 324 castra,
1618 274 1643 322 8

99 352 259 387 vocatos
305 348 356 387 ad
409 348 632 386 contionem
677 348 894 386 Locrenses
948 349 1124 397 graviter
1169 350 1218 387 ob
1267 350 1526 388 defectionem

98 421 314 468 incusavit;
348 420 397 458 de
428 421 659 458 auctoribus
690 420 932 470 supplicium
972 422 1149 470 sumpsit,
1179 422 1360 472 bonaque
1392 435 1527 460 eorum
1548 424 1570 459 2

101 494 268 532 alterius
299 493 482 530 factionis
512 492 761 543 principibus
792 492 841 530 ob
873 493 1073 542 egregiam
1098 493 1217 531 fidem
1243 494 1430 532 adversus
1446 494 1526 531 Ro-

99 579 241 604 manos
273 564 477 603 concessit.
529 564 696 602 Publice
727 578 799 601 nec
829 564 923 601 dare
952 578 1024 602 nec
1054 566 1207 615 eripere
1238 580 1278 604 se
1310 567 1521 616 quicquam
1540 565 1563 602 3

98 637 368 675 Locrensibus
400 636 520 683 dixit3
551 636 720 674 Romam
751 636 957 673 mitterent
988 637 1161 685 legatos;
1209 652 1327 688 quam
1367 640 1527 675 senatus

98 721 253 759 aequum
284 709 513 755 censuisset,
546 722 631 746 eam
659 709 860 747 fortunam
891 708 1111 747 habituros.
1155 709 1266 748 Illud
1296 711 1392 748 satis
1416 711 1528 757 scire,
1547 711 1572 746 4

99 781 174 818 etsi
204 781 306 818 male
339 781 387 818 de
417 782 565 831 populo
597 781 776 818 Romano
815 781 947 817 meriti
978 785 1119 828 essent,
1152 782 1194 819 in
1225 782 1390 820 meliore
1421 785 1528 819 statu

98 852 171 890 sub
203 852 317 890 iratis
347 853 538 891 Romanis
571 853 746 900 futuros,
785 866 903 903 quam
949 853 1021 889 sub
1054 854 1191 891 amicis
1223 854 1526 904 Carthaginien-

97 925 209 963 sibus
260 925 420 963 fuerint.
494 925 587 975 Ipse
642 925 842 962 Pleminio
895 925 1027 973 legato
1073 926 1361 976 praesidioque,
1420 925 1526 975 quod
1545 925 1568 962 5

98 1010 228 1034 arcem
247 1001 418 1047 ceperat,
450 997 500 1034 ad
529 996 717 1034 tuendam
741 996 878 1034 urbem
903 997 1052 1044 relicto,
1079 1011 1167 1034 cum
1194 999 1339 1048 quibus
1366 1003 1529 1036 venerat

99 1069 235 1119 copiis,
266 1069 493 1107 Messanam
523 1070 692 1107 traiecit.

213 1141 279 1178 Ita
309 1141 477 1191 superbe
509 1146 548 1179 et
574 1141 791 1179 crudeliter
814 1140 942 1178 habiti
958 1140 1176 1178 Locrenses
1209 1141 1258 1178 ab
1277 1141 1529 1190 Carthagini·
1549 1142 1571 1179 6

101 1213 262 1250 ensibus
300 1216 392 1263 post
431 1214 691 1251 defectionem
738 1213 786 1250 ab
818 1213 1009 1250 Romanis
1040 1213 1218 1260 fuerant,
1263 1217 1308 1251 ut
1353 1214 1529 1252 modicas

98 1286 266 1323 iniurias
296 1298 376 1323 non
407 1299 519 1335 aequo
551 1287 667 1323 modo
699 1286 830 1323 animo
861 1285 958 1335 pati,
990 1285 1058 1322 sed
1089 1299 1213 1335 prope
1256 1286 1400 1323 libenti
1439 1299 1528 1336 pos-

98 1361 200 1405 sent,
231 1371 368 1395 verum
400 1359 599 1396 enimvero
624 1362 779 1396 tantum
796 1357 1020 1394 Pleminius
1045 1356 1318 1395 Hamilcarem
1349 1358 1531 1408 praesidii
1549 1359 1571 1393 7

99 1431 345 1480 praefectum,
374 1434 530 1468 tantum
561 1429 804 1480 praesidiarii
835 1429 982 1466 milites
1005 1429 1177 1467 Romani
1204 1429 1350 1467 Poenos
1383 1430 1529 1467 scelere

98 1507 217 1552 atque
249 1502 417 1540 avaritia
438 1505 738 1552 superaverunt,
763 1505 808 1539 ut
831 1515 909 1539 non
937 1502 1066 1549 armis,
1097 1502 1166 1539 sed
1192 1503 1302 1540 vitiis
1324 1502 1529 1540 videretur

99 1575 257 1612 certari.
316 1574 432 1612 Nihil
473 1575 672 1621 omnium,
717 1587 803 1624 quae
834 1574 946 1624 inopi
977 1574 1125 1611 invisas
1158 1587 1251 1623 opes
1297 1574 1576 1624 potentiorisS

98 1647 262 1693 faciunt,
293 1646 603 1696 praetermissum
633 1647 674 1684 in
706 1646 926 1696 oppidanos
954 1649 1013 1683 est
1038 1646 1087 1683 ab
1114 1647 1214 1683 duce
1246 1650 1313 1683 aut
1343 1661 1365 1684 a
1396 1647 1529 1683 militi-

99 1719 196 1765 bus,
241 1719 282 1755 in
330 1732 497 1768 corpora
542 1719 737 1768 ipsorum,
784 1719 823 1755 in
854 1719 1024 1765 liberos,
1064 1719 1106 1755 in
1138 1719 1324 1767 coniuges
1356 1719 1529 1756 infandae

100 1791 350 1828 contumeliae
382 1791 509 1829 editae.
571 1791 673 1830 Nam
705 1791 876 1828 avaritia
921 1805 969 1828 ne
1011 1804 1212 1828 sacrorum
1255 1791 1416 1840 quidem
1447 1792 1574 1840 spo-9

98 1863 265 1901 liatione
296 1863 511 1910 abstinuit;
541 1877 612 1901 nec
643 1864 722 1901 alia
753 1863 869 1900 modo
899 1863 1049 1913 templa
1079 1864 1240 1911 violata,
1270 1864 1339 1901 sed
1366 1863 1529 1900 Proser-

98 1937 202 1985 pinae
250 1936 369 1973 etiam
413 1936 554 1973 intacti
595 1936 701 1973 omni
733 1949 815 1973 aevo
853 1936 1041 1985 thesauri,
1073 1939 1340 1986 praeterquam
1371 1935 1477 1985 quod
1508 1949 1530 1972 a

99 2007 278 2056 Pyrrho,
317 2008 387 2058 qui
433 2021 523 2044 cum
569 2021 711 2056 magno
757 2008 915 2057 piaculo
963 2008 1166 2057 sacrilegii
1212 2009 1273 2046 sui
1319 2008 1529 2046 manubias

99 2080 268 2127 rettulit,
300 2080 464 2130 spoliati
503 2080 753 2118 dicebantur.
812 2080 920 2128 Ergo
952 2081 1056 2117 sicut
1100 2085 1191 2118 ante
1236 2081 1356 2130 regiae
1402 2093 1534 2127 naves,
1554 2081 1605 2117 10

99 2152 284 2189 laceratae
316 2152 554 2201 naufragiis,
595 2152 699 2189 nihil
745 2152 785 2188 in
816 2155 963 2189 terram
1009 2152 1155 2202 integri
1200 2157 1346 2203 praeter
1378 2165 1529 2190 sacram

99 2224 310 2273 pecuniam
328 2224 422 2271 deae,
456 2238 572 2274 quam
598 2225 867 2274 asportabant,
896 2225 1135 2273 extulerant,
1161 2229 1245 2262 tum
1270 2239 1427 2275 quoque
1452 2225 1530 2262 alio
1553 2225 1600 2260 11

100 2308 244 2344 genere
275 2295 399 2333 cladis
433 2296 569 2333 eadem
601 2296 669 2333 illa
699 2297 867 2346 pecunia
892 2297 1074 2334 omnibus
1105 2298 1298 2335 contactis
1329 2311 1375 2334 ea
1406 2297 1527 2334 viola-

99 2368 208 2405 tione
240 2368 382 2418 templi
413 2369 586 2405 furorem
619 2369 776 2418 obiecit,
810 2374 929 2419 atque
946 2369 1050 2406 inter
1077 2383 1116 2407 se
1141 2370 1281 2407 ducem
1305 2370 1345 2406 in
1374 2370 1525 2419 ducem,

99 2439 269 2477 militem
300 2440 342 2476 in
372 2441 537 2478 militem
565 2441 676 2479 rabie
698 2441 833 2479 hostili
855 2442 986 2478 vertit.
1033 2440 1203 2478 Summae
1229 2442 1287 2478 rei
1302 2441 1525 2479 Pleminius
1613 2437 1637 2485 9

100 2515 286 2560 praeerat;
318 2512 489 2550 militum
514 2527 606 2563 pars
633 2514 705 2551 sub
734 2528 789 2561 eo,
821 2528 938 2563 quam
963 2514 1047 2563 ipse
1075 2514 1122 2550 ab
1141 2513 1269 2562 Regio
1293 2514 1526 2561 adduxerat,

100 2596 193 2633 pars
225 2584 297 2621 sub
327 2585 501 2622 tribunis
533 2589 631 2624 erat.
692 2586 827 2636 Rapto
859 2586 1002 2635 poculo
1040 2589 1227 2634 argenteo
1260 2600 1306 2623 ex
1339 2586 1531 2636 oppidani
1550 2588 1573 2623 2

101 2654 215 2692 domo
233 2655 423 2693 Pleminii
450 2657 562 2694 miles
586 2658 752 2706 fugiens,
784 2657 1052 2707 sequentibus
1080 2670 1247 2707 quorum
1274 2660 1370 2705 erat,
1387 2658 1526 2696 obvius
