1789 2955
257 107 338 148 192
679 106 780 138 Liber
801 106 924 137 XXIV.
966 105 1021 148 (A.
1044 117 1074 138 u.
1097 117 1126 138 c.
1149 107 1243 149 540.)

186 236 237 277 16
252 243 399 286 portat.
462 237 688 274 Praedatum
722 238 818 274 inde
850 237 1037 275 Numidae
1065 238 1276 286 Maurique
1308 251 1379 287 per
1406 239 1667 275 Sallentinum

253 320 392 356 agrum
422 308 709 356 proximosque
734 308 887 356 Apuliae
913 309 1035 345 saltus
1060 308 1234 352 dimissi;
1268 309 1378 345 unde
1402 314 1544 345 ceterae
1570 320 1668 357 prae-

255 379 317 414 dae
350 378 460 414 haud
492 378 671 422 multum,
707 390 901 426 equorum
934 391 1078 427 greges
1103 379 1276 414 maxime
1300 379 1446 422 abacti,
1480 391 1502 414 e
1527 378 1668 426 quibus

254 449 308 484 ad
341 453 530 496 quattuor
561 448 682 484 millia
715 449 925 485 domanda
958 449 1158 497 equitibus
1191 449 1332 485 divisa.

151 514 194 558 21
374 519 563 561 Romani,
604 530 726 566 quum
765 519 913 555 bellurn
951 531 1210 567 nequaquam
1252 520 1597 556 contemnendum
1629 519 1671 555 in

255 588 388 625 Sicilia
421 593 611 633 oreretur,
646 601 835 636 morsque
868 589 1026 637 tyranni
1060 590 1185 626 duces
1217 589 1346 638 magis
1379 590 1573 638 impigros
1601 590 1671 626 de-

255 659 383 695 disset
415 658 676 706 Syracusanis
717 671 837 706 quam
881 671 1044 695 causam
1077 665 1145 695 aut
1177 659 1335 696 animos
1367 666 1575 705 mutasset,
1615 660 1670 696 M.

215 727 448 767 :ZMarcello
475 728 587 764 alteri
611 729 820 765 consulum
847 742 937 765 eam
961 729 1209 777 provinciam
1237 731 1474 766 decernunt.
1523 731 1673 767 Secun-

257 800 352 834 dum
370 798 608 846 Hieronymi
634 800 787 835 caedem
812 799 941 847 primo
966 800 1246 836 tumultuatum
1270 801 1311 836 in
1328 800 1539 837 Leontinis
1563 800 1673 849 apud

255 868 399 905 milites
446 869 576 905 fuerat
619 869 964 917 vociferatumque
1005 869 1205 914 ferociter,
1254 872 1551 919 parentandum
1590 870 1674 919 regi

216 939 241 979 3
257 939 455 988 sanguine
479 939 779 976 coniuratorum
806 951 909 976 esse.
958 939 1120 976 Deinde
1138 940 1330 978 libertatis
1349 941 1538 977 restitutae
1556 941 1674 977 dulce

256 1009 395 1046 auditu
435 1021 587 1046 nomen
627 1011 768 1046 crebro
810 1015 1044 1059 usurpatum
1085 1023 1250 1059 spesque
1284 1011 1390 1048 facta
1422 1024 1471 1047 ex
1502 1011 1675 1060 pecunia

255 1080 367 1129 regia
405 1080 628 1129 largitionis
661 1081 889 1128 militiaeque
923 1080 1142 1129 fungendae
1175 1082 1400 1130 potioribus
1434 1081 1603 1118 ducibus
1636 1085 1676 1117 et

256 1151 381 1187 relata
405 1151 563 1198 tyranni
590 1150 702 1187 foeda
728 1152 880 1187 scelera
906 1151 1182 1199 foedioresque
1205 1151 1396 1189 libidines
1423 1152 1530 1188 adeo
1548 1156 1676 1187 muta-

256 1233 348 1258 vere
377 1222 549 1266 animos,
583 1227 626 1257 ut
650 1222 892 1270 insepultum
918 1222 1050 1258 iacere
1077 1234 1222 1271 corpus
1247 1223 1370 1270 paulo
1395 1228 1490 1259 ante
1515 1222 1676 1259 deside-

215 1291 330 1330 4rati
362 1292 466 1340 regis
499 1297 745 1340 paterentur.
810 1292 944 1338 Quum
977 1292 1099 1329 ceteri
1132 1305 1181 1329 ex
1206 1292 1424 1329 coniuratis
1449 1293 1503 1328 ad
1529 1292 1677 1329 exerci-

258 1368 341 1398 tum
380 1363 648 1399 obtinendum
689 1363 990 1407 remansissent,
1040 1363 1283 1400 Theodotus
1322 1369 1362 1399 et
1405 1363 1516 1399 Sosis
1558 1362 1677 1411 regiis

259 1433 385 1481 equis,
427 1438 580 1481 quanto
620 1433 796 1469 maximo
837 1446 952 1471 cursu
985 1438 1186 1483 poterant,
1227 1439 1269 1470 ut
1299 1434 1464 1483 ignaros
1498 1433 1677 1470 omnium

217 1502 392 1553 5regios
418 1503 706 1552 opprimerent,
740 1504 959 1552 Syracusas
984 1505 1253 1541 contendunt.
1317 1503 1505 1540 Ceterum
1529 1516 1679 1552 praeve-

261 1580 375 1610 nerat
401 1586 485 1610 non
511 1574 619 1609 fama
645 1575 788 1618 solum,
815 1587 894 1622 qua
917 1575 1014 1611 nihil
1039 1575 1078 1611 in
1104 1575 1250 1610 talibus
1274 1575 1394 1611 rebus
1419 1579 1480 1610 est
1497 1574 1678 1616 celerius,

220 1644 336 1684 sssed
368 1645 530 1681 nuntius
564 1645 685 1681 etiam
719 1658 766 1681 ex
799 1645 918 1693 regiis
952 1645 1088 1681 servis.
1151 1645 1292 1693 Itaque
1318 1646 1613 1682 Adranodorus
1642 1650 1682 1681 et

262 1715 437 1752 Insulam
477 1720 517 1751 et
556 1727 690 1751 arcem
730 1721 770 1752 et
802 1716 892 1758 alia,
933 1727 1022 1763 quae
1054 1720 1215 1764 poterat
1247 1727 1417 1764 quaeque
1451 1719 1681 1764 opportuna

222 1785 244 1825 7
263 1791 389 1829 erant,
417 1785 615 1834 praesidiis
640 1786 827 1822 firmarat.
877 1785 1092 1834 Hexapylo
1117 1785 1361 1822 Theodotus
1387 1798 1433 1822 ac
1452 1785 1563 1822 Sosis
1589 1791 1682 1834 post

262 1857 358 1894 solis
391 1868 581 1893 occasum
615 1856 695 1892 iam
728 1857 901 1893 obscura
933 1857 1022 1892 luce
1046 1856 1205 1900 invecti,
1241 1868 1363 1904 quum
1388 1861 1594 1893 cruentam
1621 1868 1681 1891 re-

261 1927 369 1976 giam
401 1932 555 1964 vestem
587 1931 708 1975 atque
740 1927 900 1975 insigne
934 1927 1076 1975 capitis
1109 1931 1374 1970 ostentarent,
1415 1926 1579 1963 travecti
1612 1938 1683 1975 per

263 1997 446 2045 Tycham
487 1997 603 2041 simul
643 1998 698 2033 ad
736 1997 974 2041 libertatem,
1016 1997 1131 2033 simul
1164 1997 1218 2032 ad
1250 2009 1361 2033 arma
1393 2002 1601 2041 vocantes,
1643 1997 1681 2032 in

222 2067 538 2107 8Achradinam
572 2067 790 2104 convenire
822 2067 973 2104 iubent.
1037 2067 1255 2103 Multitudo
1288 2080 1381 2116 pars
1415 2067 1610 2116 procurrit
1642 2067 1682 2103 in

265 2137 362 2182 vias,
396 2150 488 2186 pars
522 2138 564 2174 in
591 2138 795 2174 vestibulis
824 2143 914 2181 stat,
948 2148 1043 2186 pars
1073 2151 1121 2173 ex
1150 2138 1266 2174 tectis
1297 2137 1563 2186 fenestrisque
1591 2149 1684 2187 pro-

224 2207 452 2257 9spectant
484 2213 536 2253 et,
571 2208 667 2256 quid
700 2208 755 2244 rei
790 2208 851 2253 sit,
885 2209 1076 2258 rogitant.
1141 2207 1291 2245 Omnia
1322 2208 1537 2244 luminibus
1562 2208 1684 2244 collu—

267 2284 360 2315 cent
391 2278 639 2328 strepituque
671 2278 782 2314 vario
816 2280 1082 2327 complentur.
1147 2279 1298 2315 Armati
1330 2278 1430 2315 locis
1452 2278 1684 2327 patentibus

267 2354 586 2397 congregantur;
620 2349 794 2385 inermes
827 2361 875 2384 ex
904 2348 1080 2397 Olympii
1108 2349 1212 2385 Iovis
1245 2349 1397 2397 templo
1431 2348 1560 2397 spolia
1589 2347 1685 2385 Gal-

267 2419 395 2455 lorum
426 2419 742 2467 Illyriorumque,
777 2420 891 2455 dono
925 2419 1022 2455 data
1055 2419 1224 2455 Hieroni
1256 2431 1281 2454 a
1313 2419 1465 2467 populo
1495 2419 1684 2455 Romano

200 2487 253 2529 10
268 2489 425 2537 fixaque
443 2490 494 2525 ab
513 2502 577 2533 eo,
606 2489 835 2533 detrahunt,
861 2494 1076 2537 precantes
1093 2489 1243 2532 Iovem,
1271 2493 1314 2524 ut
1332 2489 1471 2525 volens
1488 2488 1685 2537 propitius

145 2544 150 2550 ”
269 2560 448 2608 praebeat
471 2572 585 2597 sacra
610 2571 720 2595 arma
743 2571 817 2607 pro
842 2559 984 2607 patria,
1012 2571 1086 2607 pro
1113 2560 1234 2595 deum
1260 2558 1450 2602 delubris,
1478 2570 1552 2607 pro
1570 2558 1686 2594 liber-

202 2629 251 2668 11
269 2635 351 2666 tate
377 2642 466 2666 sese
491 2630 752 2666 armantibus.
801 2628 900 2666 Haec
927 2641 1091 2677 quoque
1116 2629 1330 2665 multitudo
1357 2628 1598 2665 stationibus
1615 2639 1686 2676 per
