1789 2955
244 128 323 169 143
659 126 764 157 Liber
783 126 910 156 xxm.
953 124 1008 167 (A.
1031 136 1060 156 u.
1083 136 1100 156 e
1133 125 1226 167 538.)

240 262 480 307 pugnarent,
515 257 631 293 facile
664 261 948 305 persuaserant
979 257 1118 301 duces,
1151 269 1224 305 pro
1258 257 1370 293 Italia
1402 263 1523 305 atque
1555 258 1652 294 urbe

239 329 428 364 Romana
453 339 525 364 eos
550 338 751 375 pugnare;
777 326 926 374 itaque,
951 327 1058 363 velut
1081 327 1225 375 quibus
1247 327 1400 364 reditus
1423 327 1464 363 in
1481 327 1651 376 patriam

241 398 281 433 z‘n
311 410 360 434 eo
390 397 620 434 discrimine
647 409 794 445 pugnae
818 402 1046 441 verteretur,
1077 398 1380 434 obstinaverant
1404 398 1546 434 animis
1570 398 1653 434 vin-

200 468 224 506 8
241 480 330 504 cere
364 473 432 504 aut
458 468 572 504 mori.
636 467 770 503 Minus
794 466 1021 515 pertinaces
1046 468 1150 504 viros
1175 468 1352 504 habebat
1376 468 1499 504 altera
1524 467 1651 512 acies;

240 550 334 574 nam
362 538 536 574 maxima
559 550 652 586 pars
678 537 849 586 Hispani
875 544 1001 581 erant,
1031 538 1097 586 qui
1121 538 1224 574 vinci
1247 538 1287 574 in
1313 538 1510 586 Hispania
1534 551 1654 586 quam

200 607 224 646 9
241 608 412 644 victores
445 608 485 644 in
518 608 672 644 Italiam
705 607 806 643 trahi
838 608 1056 644 malebant.
1125 609 1258 644 Primo
1291 608 1409 657 igitur
1441 620 1653 653 concursu,

243 690 362 727 quum
388 678 450 714 vix
474 678 555 726 pila
579 678 764 714 coniecta
789 683 938 722 essent,
964 679 1112 715 rettulit
1129 679 1278 728 pedem
1295 679 1432 715 media
1450 680 1571 724 acies,
1597 679 1655 715 in-

174 748 227 787 10
241 748 542 796 ferentibusque
568 760 611 785 se
636 760 786 797 magno
811 748 962 796 impetu
980 749 1189 793 Romanis,
1215 750 1330 785 vertit
1346 754 1471 798 terga.
1520 748 1654 785 Nihilo

241 818 403 868 segnius
438 819 478 854 z'n
513 818 701 855 cornibus
733 818 915 867 proelium
950 819 1033 855 fuit.
1102 819 1208 856 Hinc
1240 820 1402 863 Poenus,
1437 819 1528 856 hinc
1561 819 1657 856 Afer

175 889 221 927 11
242 895 367 938 urget,
402 895 441 925 et
473 889 580 925 velut
610 888 650 925 in
680 889 972 926 circumventos
995 890 1137 938 proelio
1161 890 1324 938 ancipiti
1347 894 1548 938 pugnant;
1583 890 1657 926 sed

242 972 362 1007 quum
387 959 429 996 in
452 958 631 995 medium
658 963 744 995 tota
767 959 846 994 iam
872 959 1020 996 coisset
1038 961 1225 996 Romana
1251 960 1372 1004 acies,
1399 959 1494 996 satis
1519 959 1655 996 virium

174 1028 225 1068 112
241 1030 294 1065 ad
318 1029 567 1066 dimovenda
591 1029 766 1065 hostium
792 1041 944 1066 cornua
968 1030 1119 1067 habuit.
1178 1030 1238 1067 Ita
1263 1031 1346 1067 duo
1373 1030 1530 1067 diversa
1553 1042 1658 1079 proe-

241 1100 292 1136 lia
325 1105 450 1135 erant.
515 1099 698 1147 Utroque
723 1100 910 1144 Romani,
944 1105 986 1137 ut
1014 1101 1094 1148 qui,
1128 1101 1251 1150 pulsis
1276 1101 1356 1137 iam
1380 1105 1474 1137 ante
1498 1100 1656 1144 mediis,

241 1175 280 1206 et
311 1181 480 1206 numero
514 1174 553 1205 et
584 1170 732 1206 robore
764 1170 936 1206 virorum
969 1176 1217 1219 praestarent,
1252 1172 1363 1208 haud
1391 1171 1514 1207 dubie
1540 1183 1659 1220 supe-

175 1239 226 1279 13
240 1245 342 1276 rant.
406 1239 560 1288 Magna
585 1239 642 1276 vis
661 1240 869 1276 hominum
887 1241 940 1276 ibi
960 1242 1109 1286 occisa,
1136 1246 1187 1285 et,
1214 1241 1288 1278 nisi
1308 1241 1480 1290 Hispani
1497 1242 1658 1278 vixdum

241 1315 432 1347 conserto
456 1309 600 1358 proelio
624 1314 705 1346 tam
731 1310 856 1347 effuse
882 1311 1090 1360 fugissent,
1124 1312 1315 1361 perpauci
1340 1324 1389 1348 ex
1412 1316 1499 1348 tota
1523 1323 1660 1360 super-

176 1380 229 1419 14
242 1380 411 1416 fuissent
443 1379 543 1416 acie.
619 1379 827 1427 Equestris
860 1393 997 1430 pugna
1030 1382 1137 1418 nulla
1170 1382 1394 1419 admodum
1428 1381 1512 1426 fuit,
1553 1381 1658 1430 quia,

243 1450 358 1487 simul
386 1449 620 1487 inclinatam
648 1450 825 1486 mediam
856 1452 983 1488 aciem
1009 1452 1138 1488 Mauri
1164 1451 1432 1500 Numidaeque
1460 1451 1659 1495 viderunt,

243 1521 444 1569 extemplo
470 1520 567 1568 fuga
590 1519 717 1556 effusa
740 1521 853 1557 nuda
877 1533 1042 1566 cornua,
1073 1522 1299 1570 elephantis
1323 1534 1486 1570 quoque
1510 1534 1592 1571 prae
1617 1534 1660 1558 se

174 1590 227 1630 15
242 1591 354 1635 actis,
403 1592 633 1627 deseruere.
711 1590 943 1627 Hasdrubal
988 1604 1115 1640 usque
1158 1593 1212 1628 ad
1254 1593 1434 1628 ultimum
1474 1598 1660 1629 eventum

242 1673 389 1710 pugnae
421 1665 600 1697 moratus
633 1673 655 1696 e
687 1661 824 1697 media
856 1662 970 1698 caede
1003 1674 1093 1698 cum
1125 1663 1266 1711 paucis
1299 1662 1451 1711 effugit.
1519 1661 1661 1699 Castra

177 1730 227 1770 16
244 1730 419 1768 Romani
447 1742 592 1778 cepere
622 1735 743 1778 atque
768 1730 983 1779 diripuere.
1044 1732 1104 1768 Ea
1129 1745 1279 1781 pugna,
1311 1733 1343 1770 si
1366 1745 1446 1781 qua
1470 1733 1595 1769 dubia
1620 1733 1661 1768 in

243 1801 444 1850 Hispania
466 1805 593 1844 erant,
622 1800 819 1837 Romanis
844 1802 1038 1847 adiunxit,
1068 1802 1397 1851 Hasdrubalique
1422 1815 1507 1840 non
1533 1803 1661 1840 modo

244 1872 285 1908 in
308 1872 464 1908 Italiam
487 1870 730 1907 traducendi
754 1872 964 1916 exercitus,
989 1873 1063 1909 sed
1088 1885 1140 1909 ne
1164 1873 1359 1909 manendi
1384 1872 1548 1921 quidem
1566 1873 1661 1909 satis

178 1939 227 1979 17
245 1946 331 1978 tuto
359 1941 400 1977 in
424 1940 624 1989 Hispania
649 1952 742 1989 spes
767 1940 919 1989 reliqua
944 1947 1042 1979 erat.
1108 1943 1209 1988 Quae
1233 1947 1501 1991 posteaquam
1524 1943 1662 1979 litteris

246 2011 481 2060 Scipionum
508 2010 650 2046 Romae
679 2010 839 2058 vulgata
867 2016 970 2055 sunt,
1004 2024 1090 2048 non
1117 2018 1198 2049 tam
1225 2013 1391 2050 victoria
1421 2025 1542 2060 quam
1570 2024 1663 2061 pro-

246 2080 372 2117 hibito
405 2079 672 2117 Hasdrubalis
704 2080 745 2116 in
776 2080 930 2117 Italiam
962 2082 1131 2119 transitu
1164 2084 1413 2120 laetabantur.

125 2145 187 2190 30
366 2150 473 2186 Dum
507 2150 592 2186 haec
624 2149 665 2186 in
692 2149 891 2199 Hispania
923 2157 1127 2200 geruntur,
1159 2153 1313 2189 Petelia
1343 2153 1385 2188 in
1409 2151 1571 2188 Bruttiis
1594 2151 1663 2188 ali-

248 2225 348 2268 quot
375 2226 470 2269 post
497 2220 717 2265 mensibus,
752 2232 872 2269 quam
901 2227 1036 2270 coepta
1063 2222 1291 2271 oppugnari
1314 2227 1412 2266 erat,
1446 2222 1497 2258 ab
1523 2221 1664 2257 Himil-

207 2288 234 2327 2
249 2302 354 2326 cone
377 2289 570 2338 praefecto
596 2290 837 2327 Hannibalis
863 2297 1094 2340 expugnata
1118 2297 1191 2328 est.
1240 2291 1368 2329 Multo
1394 2291 1592 2339 sanguine
1615 2302 1664 2327 ac

247 2359 476 2396 vulneribus
506 2372 555 2396 ea
581 2360 717 2397 Poenis
746 2360 913 2398 victoria
936 2361 1056 2405 stetit,
1088 2373 1164 2398 nec
1187 2361 1267 2397 ulla
1289 2361 1418 2410 magis
1443 2360 1498 2397 vis
1523 2361 1664 2397 obses-

208 2427 317 2466 3sos
358 2441 480 2477 quam
519 2429 647 2466 fames
681 2431 936 2479 expugnavit.
999 2430 1233 2479 Absumptis
1265 2431 1373 2467 enim
1405 2430 1563 2479 frugum
1594 2429 1664 2466 ali-

249 2498 394 2535 mentis
408 2499 621 2548 carnisque
634 2500 765 2537 omnis
776 2499 937 2548 generis
950 2501 1260 2549 quadrupedum
1272 2505 1395 2537 suetae
1409 2501 1662 2548 insuetaeque,

250 2574 459 2616 postremo
491 2569 610 2607 coriis
642 2570 856 2618 herbisque
889 2574 929 2605 et
960 2569 1163 2607 radicibus
1196 2575 1236 2606 et
1267 2570 1483 2607 corticibus
1514 2569 1663 2606 teneris

207 2636 237 2675 4
253 2637 478 2686 strictisque
510 2638 614 2676 foliis
641 2638 787 2683 vixere,
821 2650 896 2675 nec
921 2643 1028 2682 ante,
1063 2651 1183 2686 quam
1206 2639 1308 2676 vires
1331 2640 1385 2676 ad
1408 2639 1599 2676 standum
1621 2638 1664 2675 in
