1768 2943
530 111 634 143 Liber
660 112 753 143 XXI.
805 111 858 150 (A.
889 112 950 143 Ch.
978 112 1072 155 218.)
1455 116 1507 157 Ξῖ

88 242 331 291 ingredienti
363 244 538 291 praebet;
580 248 620 279 et
652 248 734 280 tum
768 243 871 280 forte
903 243 1095 281 imbribus
1129 251 1269 282 auctus
1302 247 1580 296 ingentem12

89 313 478 362 transgredientibus
506 314 716 350 tumultum
744 314 850 358 fecit,
882 326 1005 362 quum
1030 326 1149 362 super
1176 321 1310 353 cetera
1334 319 1510 366 trepida-

89 384 199 420 tione
230 383 309 432 ipsi
343 396 416 420 sua
449 389 570 433 atque
602 384 764 422 incertis
798 385 1041 421 clamoribus
1074 386 1340 424 turbarentur.

205 454 249 491 P.
275 453 487 492 Cornelius
521 456 663 492 consul
695 455 829 492 triduo
860 455 943 491 fere
970 460 1076 504 post,
1111 468 1231 504 quam
1257 457 1463 494 Hannibal
1488 472 1511 495 a
1575 456 1636 501 32

89 526 175 575 ripa
215 526 407 562 Rhodani
449 526 586 570 movit,
631 527 831 574 quadrato
876 526 1038 574 agmine
1082 528 1136 563 ad
1170 533 1301 564 castra
1334 529 1509 565 hostium

88 602 264 641 venerat,
298 597 448 633 nullam
482 596 705 633 dimicandi
730 609 886 633 moram
913 596 1108 642 facturus;
1144 603 1322 636 ceterum
1348 599 1414 634 ubi
1440 600 1511 635 de·
1528 602 1552 640 2

88 672 194 705 serta
217 667 468 704 munimenta
492 680 569 704 nec
595 667 712 705 facile
731 680 773 704 se
792 672 950 704 tantum
968 680 1215 716 praegressos
1234 675 1511 706 assecuturum

88 739 209 784 videt,
244 739 298 775 ad
329 751 441 775 mare
464 751 512 775 ac
536 751 661 775 naves
685 739 817 783 rediit,
852 738 973 775 tutius
998 739 1235 788 faciliusque
1260 741 1314 776 ita
1340 741 1511 777 descen—

88 810 201 846 denti
240 810 291 846 ab
325 810 492 859 Alpibus
531 809 752 846 Hannibali
793 822 1044 847 occursurus.
1123 810 1184 847 Ne
1224 817 1360 848 tamen
1399 812 1510 848 nuda
1528 811 1552 847 ἴτ’)

88 881 241 918 auxiliis
274 881 471 918 Romanis
504 880 704 929 Hispania
746 885 865 925 esset,
907 893 1028 929 quam
1067 882 1315 929 provinciam
1350 883 1512 919 sortitus

87 957 184 997 erat,
211 951 287 988 Cn.
307 952 541 1000 Scipionem
567 951 730 987 fratrem
755 963 845 987 cum
869 952 1043 988 maxima
1069 958 1183 1001 parte
1207 954 1416 1001 copiarum
1440 954 1512 989 ad-

86 1035 223 1060 versus
240 1022 542 1059 Hasdrubalem
566 1022 684 1066 misit,
711 1034 796 1059 non
822 1023 876 1058 ad
903 1024 1079 1059 tuendos
1098 1025 1385 1060 tantummodo
1404 1022 1553 1062 vete-4

86 1106 149 1131 res
182 1094 318 1131 socios
351 1094 716 1141 conciliandosque
748 1105 892 1136 novos,
928 1095 1002 1130 sed
1036 1095 1158 1130 etiam
1191 1096 1246 1131 ad
1278 1095 1510 1143 pellendum

86 1164 285 1213 Hispania
310 1163 623 1201 Hasdrubalem.
686 1164 780 1212 Ipse
813 1176 903 1200 cum
937 1166 1162 1202 admodum
1196 1165 1350 1214 exiguis
1384 1165 1511 1213 copiis
1528 1165 1553 1200 ι’)

87 1235 276 1272 Genuam
307 1235 452 1284 repetit
484 1247 549 1279 eo,
585 1235 651 1283 qui
685 1235 790 1271 circa
814 1235 973 1271 Padum
998 1242 1083 1272 erat
1111 1237 1322 1281 exercitus,
1356 1236 1511 1272 Italiam

88 1306 344 1343 defensurus.

205 1376 411 1413 Hannibal
444 1378 495 1413 ab
518 1377 716 1413 Druentia
748 1378 963 1427 campestri
996 1378 1168 1414 maxime
1201 1378 1343 1414 itinere
1370 1378 1422 1413 ad
1447 1378 1552 1415 Al-‹5

85 1461 157 1497 pes
190 1460 280 1485 eum
313 1449 424 1485 bona
455 1460 558 1496 pace
590 1448 853 1485 incolentium
887 1461 936 1485 ea
969 1449 1060 1485 loca
1083 1448 1292 1486 Gallorum
1316 1449 1510 1498 pervenit.

86 1519 203 1564 Tum,
239 1531 471 1568 quanquam
506 1518 613 1555 fama
646 1519 767 1567 prius,
803 1532 879 1568 qua
909 1520 1062 1556 incerta
1084 1521 1124 1556 in
1148 1521 1278 1557 maius
1300 1532 1396 1556 vero
1421 1519 1548 1557 ferri?

87 1591 230 1635 solent,
265 1595 471 1639 praecepta
499 1602 562 1626 res
586 1595 683 1634 erat,
718 1596 853 1627 tamen
879 1603 927 1627 ex
949 1591 1180 1639 propinquo
1207 1592 1290 1627 visa
1314 1591 1509 1627 montium

87 1662 257 1698 altitudo
291 1662 485 1709 nivesque
518 1661 616 1698 caelo
650 1673 780 1710 prope
806 1662 1007 1705 immixtae,
1041 1667 1150 1698 tecta
1171 1662 1360 1698 informia
1382 1661 1512 1709 impo-

86 1732 161 1769 sita
193 1732 371 1781 rupibus,
406 1744 557 1780 pecora
589 1732 849 1780 iumentaque
872 1733 1024 1768 torrida
1048 1732 1209 1780 frigore,
1245 1733 1430 1769 homines
1453 1732 1512 1768 in—

86 1803 193 1840 tonsi
233 1809 273 1840 et
312 1804 463 1848 inculti,
508 1803 698 1839 animalia
737 1803 998 1851 inanimaque
1032 1803 1169 1839 omnia
1200 1803 1372 1851 rigentia
1404 1803 1509 1851 gelu,

87 1879 221 1911 cetera
253 1875 337 1911 visu
372 1887 492 1923 quam
526 1875 635 1911 dictu
665 1873 851 1918 foediora,
886 1879 1078 1910 terrorem
1101 1879 1360 1910 renovarunt.
1428 1873 1551 1912 Eri-5

86 1945 274 1994 gentibus
306 1946 347 1982 in
379 1945 531 1994 primos
555 1957 703 1993 agmen
729 1945 853 1981 clivos
877 1950 1151 1993 apparuerunt
1172 1945 1429 1981 imminentes
1453 1949 1512 1980 tu-

37 2027 41 2031 ’
87 2017 216 2053 mulos
233 2016 460 2053 insidentes
477 2017 675 2060 montani,
700 2016 780 2064 qui,
801 2016 831 2052 si
850 2016 972 2052 valles
991 2016 1233 2052 occultiores
1251 2015 1510 2055 insedissent,

88 2088 215 2124 coorti
240 2088 294 2123 ad
318 2099 497 2136 pugnam
520 2092 688 2136 repente
717 2087 924 2135 ingentem
944 2087 1079 2135 fugam
1099 2091 1356 2135 stragemque
1375 2085 1512 2122 dedis-

88 2163 190 2194 sent.
245 2158 451 2195 Hannibal
477 2159 700 2195 consistere
726 2158 841 2206 signa
865 2158 997 2201 iussit;
1028 2157 1236 2205 Gallisque
1264 2158 1318 2193 ad
1343 2157 1512 2193 visenda
1529 2159 1552 2193 §vl

88 2228 177 2265 loca
209 2230 437 2278 praemissis,
471 2235 688 2278 postquam
722 2230 932 2278 comperit,
967 2229 1175 2265 transitum
1210 2241 1259 2265 ea
1292 2240 1377 2265 non
1407 2240 1510 2271 esse,

89 2304 219 2336 castra
236 2300 339 2337 inter
356 2300 603 2349 confragosa
622 2300 758 2337 omnia
777 2306 1071 2349 praeruptaque,
1097 2313 1216 2348 quam
1237 2299 1511 2336 extentissima

88 2375 224 2419 potest
246 2371 362 2416 valle,
387 2372 508 2408 locat.
558 2372 661 2407 Tum
687 2384 759 2420 per
782 2372 951 2408 eosdem
971 2370 1126 2415 Gallos,
1154 2372 1265 2406 haud
1292 2383 1390 2406 sane
1416 2370 1512 2405 mul-
1536 2368 1583 2406 l«)

90 2445 171 2476 tum
204 2441 341 2490 lingua
374 2442 634 2490 moribusque
668 2443 947 2486 abhorrentes,
982 2455 1103 2490 quum
1133 2454 1175 2478 se
1201 2440 1512 2477 immiscuissent

90 2511 300 2560 colloquiis
326 2518 626 2558 montanorum,
654 2514 839 2558 edoctus,
865 2512 1039 2549 interdiu
1066 2517 1219 2549 tantum
1240 2510 1417 2548 obsideri
1437 2511 1512 2546 sal-

89 2586 185 2626 tum,
225 2589 347 2620 nocte
379 2584 421 2620 in
454 2596 525 2620 sua
559 2597 760 2632 quemque
793 2585 917 2620 dilabi
950 2589 1069 2627 tecta,
1113 2584 1200 2619 luce
1234 2582 1359 2630 prima
1395 2581 1512 2618 subiit

91 2653 277 2695 tumulos,
312 2659 354 2690 ut
386 2667 433 2690 ex
466 2660 607 2703 aperto
643 2660 763 2703 atque
796 2654 970 2691 interdiu
999 2654 1074 2690 vim
1101 2665 1172 2701 per
1196 2652 1404 2701 angustias
1430 2652 1511 2688 fac-
