1789 2955
247 88 323 125 158
622 85 736 119 Liber
762 83 952 118 XXVIII.
1001 85 1063 128 (A.
1088 96 1123 119 u.
1149 96 1177 119 c.
1204 85 1298 128 548.)

242 213 423 249 omnibus
454 212 585 248 noxiis
618 211 875 260 innoxiisque
908 211 1110 260 stipendii,
1153 216 1237 249 tum
1269 213 1385 249 vultu
1417 226 1462 250 ac
1499 226 1679 250 sermone

195 285 217 320 2
238 285 278 320 in
319 297 454 320 omnes
495 283 653 332 placato
691 283 807 320 facile
847 283 1121 320 reconciliatis
1152 284 1328 320 militum
1360 284 1518 330 animis,
1548 284 1678 333 prius-

241 368 360 404 quam
393 358 524 392 castra
555 354 606 391 ab
635 354 881 403 Carthagine
905 359 1091 401 moveret,
1125 356 1310 393 contione
1341 355 1545 402 advocata,
1579 356 1679 392 mul-

194 428 217 464 3
238 427 291 464 tis
319 426 456 463 verbis
481 427 521 463 in
545 426 754 475 perfidiam
777 427 1060 464 rebellantium
1076 428 1305 476 regulorum
1324 428 1514 472 invectus,
1534 439 1681 475 nequa·

241 511 360 547 quam
403 497 539 534 eodem
578 498 711 535 animo
752 511 792 535 se
825 499 882 536 ire
913 499 1115 548 professus
1147 502 1208 536 est
1239 498 1289 535 ad
1319 498 1606 535 vindicandum
1639 497 1681 534 id

192 570 217 606 4
239 570 379 618 scelus,
412 583 490 618 quo
524 569 682 607 civilem
715 583 889 607 errorem
922 583 1048 619 nuper
1080 571 1291 608 sanaverit.
1352 570 1453 607 Tum
1486 583 1538 616 se,
1575 569 1682 607 haud

242 655 355 678 secus
402 654 519 690 quam
560 641 712 677 viscera
751 645 946 678 secantem
989 655 1070 688 sua,
1109 655 1196 678 cum
1238 642 1389 690 gemitu
1431 645 1469 678 et
1506 641 1682 678 lacrimis

240 713 409 761 triginta
439 713 642 749 hominum
675 713 874 763 capitibus
907 714 1090 763 expiasse
1122 717 1211 750 octo
1242 713 1415 750 millium
1441 727 1507 750 seu
1532 713 1681 762 impru-

243 784 418 822 dentiam
461 798 529 821 seu
570 797 736 830 noxam3
782 798 887 821 nunc
928 785 1020 821 laeto
1052 788 1092 821 et
1122 788 1254 822 erecto
1287 785 1418 823 animo
1450 785 1499 822 ad
1533 784 1682 822 caedem

201 857 463 905 5Ilergetum
507 856 576 894 ire.
639 856 729 894 Non
768 857 870 893 enim
913 870 978 893 eos
1017 869 1147 905 neque
1188 859 1303 894 natos
1334 857 1374 893 in
1407 856 1544 894 eadem
1575 860 1683 893 terra

242 941 313 965 nec
344 928 427 965 ulla
460 941 591 965 secum
624 929 812 965 societate
846 929 1004 965 iunctos
1037 942 1140 974 esse;
1181 941 1279 974 eam,
1317 940 1405 977 quae
1436 928 1520 965 sola
1550 928 1683 975 fuerit,

197 999 336 1038 fifidei
378 1003 498 1049 atque
539 1000 740 1047 amicitiae,
785 1001 893 1049 ipsos
932 1013 1003 1049 per
1035 1000 1161 1037 scelus
1193 1000 1361 1049 rupisse.
1422 999 1470 1036 In
1504 999 1683 1036 exercitu

243 1085 314 1108 suo
357 1085 409 1118 se,
454 1075 719 1121 praeterquam
762 1072 869 1121 quod
902 1085 1038 1109 omnes
1069 1073 1174 1109 cives
1207 1075 1276 1109 aut
1307 1072 1435 1109 socios
1467 1071 1683 1120 Latinique

243 1143 415 1180 nominis
456 1143 602 1189 videat,
635 1145 753 1181 etiam
793 1158 837 1181 eo
879 1144 1041 1189 moveri,
1075 1143 1180 1193 quod
1214 1157 1328 1180 nemo
1360 1144 1443 1180 fere
1475 1143 1527 1179 sit-
1557 1143 1683 1190 miles,

242 1215 311 1263 qui
343 1228 420 1251 non
455 1218 521 1251 aut
554 1229 576 1252 a
606 1219 750 1265 patruo
783 1229 854 1252 suo
888 1214 958 1253 Cn.
993 1215 1195 1266 Scipione,
1228 1215 1297 1265 qui
1329 1216 1483 1265 primus
1509 1214 1682 1251 Romani

242 1286 412 1324 nominis
444 1287 485 1323 in
517 1300 603 1324 eam
635 1287 882 1336 provinciam
913 1287 1080 1333 venerit,
1126 1290 1195 1324 aut
1227 1301 1249 1324 a
1279 1290 1393 1336 patre
1426 1287 1584 1323 consule
1617 1290 1685 1323 aut

199 1362 219 1395 7
241 1372 262 1394 a
294 1371 334 1395 se
367 1359 419 1395 sit
457 1371 505 1394 ex
544 1358 667 1396 Italia
709 1359 907 1396 advectus.
968 1358 1201 1408 Scipionum
1232 1359 1383 1396 nomini
1415 1359 1683 1408 auspiciisque

243 1443 378 1466 omnes
417 1434 607 1475 assuetos,
648 1443 747 1479 quos
785 1444 916 1468 secum
956 1431 995 1467 in
1033 1431 1202 1480 patriam
1245 1431 1295 1467 ad
1327 1431 1511 1467 meritum
1542 1430 1681 1467 trium-

242 1501 363 1551 phum
398 1502 594 1538 deducere
624 1502 734 1548 velit,
772 1516 871 1551 quos
903 1503 1152 1539 consulatum
1185 1503 1349 1552 petenti,
1394 1503 1506 1539 velut
1536 1501 1569 1539 si
1601 1515 1681 1538 om-

196 1575 221 1611 8
242 1574 349 1609 nium
383 1575 602 1611 communis
635 1578 778 1623 agatur
809 1573 947 1620 honos,
981 1574 1173 1611 affuturos
1197 1577 1344 1623 speret.
1392 1573 1510 1620 Quod
1536 1573 1587 1611 ad
1614 1587 1680 1610 ex·

241 1645 487 1694 peditiouem
521 1659 607 1683 eam
638 1646 819 1692 attineat,
851 1658 939 1695 quae
971 1646 1104 1693 instet,
1135 1646 1405 1683 immemorem
1438 1659 1520 1683 esse
1549 1658 1681 1683 rerum

241 1730 402 1755 suarum
449 1720 662 1765 gestarum,
710 1719 778 1768 qui
819 1718 861 1754 id
900 1717 1053 1754 bellum
1095 1719 1225 1756 ducat.
1293 1718 1481 1766 Magonis
1520 1717 1681 1754 hercule

242 1789 332 1835 sibi,
359 1789 428 1838 qui
458 1792 571 1826 extra
598 1790 733 1827 orbem
757 1793 956 1827 terrarum
974 1790 1015 1827 in
1032 1790 1311 1827 circumfusam
1330 1789 1489 1828 Oceano
1508 1790 1681 1826 insulam

243 1873 330 1897 cum
373 1861 513 1910 paucis
553 1861 775 1911 perfugerit
815 1861 994 1908 navibus,
1041 1862 1231 1899 maiorem
1273 1875 1405 1899 curam
1445 1875 1529 1899 esse
1561 1874 1681 1910 quam

196 1934 218 1969 9
238 1932 478 1980 Ilm-getum3
526 1933 676 1983 quippe
714 1933 801 1970 illic
842 1937 881 1970 et
912 1933 1051 1970 ducem
1084 1932 1453 1981 Carthaginiensem
1487 1936 1527 1969 et
1557 1945 1681 1982 quan-

239 2006 485 2053 tumcunque
509 2004 707 2041 Punicum
733 2005 964 2054 praesidium
990 2018 1086 2051 esse,
1109 2005 1175 2042 hic
1199 2006 1373 2042 latrones
1397 2006 1680 2054 latronumque

242 2075 373 2122 duces,
419 2076 564 2124 quibus
603 2079 647 2112 ut
688 2076 738 2113 ad
770 2077 1021 2126 populandos
1051 2077 1313 2114 finitimorum
1345 2090 1462 2126 agros
1492 2080 1679 2124 tectaque

242 2147 393 2184 urrnda
425 2150 464 2184 et
495 2148 689 2195 rapienda
719 2161 866 2197 pecora
897 2149 1033 2198 aliqua
1063 2149 1125 2186 vis
1157 2149 1220 2195 sit,
1251 2149 1307 2185 ita
1339 2149 1380 2185 in
1412 2149 1496 2185 acie
1528 2160 1572 2185 ac
1599 2147 1680 2195 sig-

240 2219 301 2255 nis
335 2219 492 2256 collatis
524 2219 673 2256 nullam
706 2233 808 2266 esse;
842 2221 969 2269 magis
999 2221 1212 2258 velocitate
1239 2220 1289 2257 ad
1314 2220 1450 2269 fugam
1475 2232 1593 2269 quam
1618 2232 1679 2256 ar·

167 2291 219 2329 10
240 2291 313 2327 mis
352 2291 477 2328 fretos
515 2295 765 2341 pugnaturos
805 2304 900 2329 esse.
961 2293 1105 2342 Itaque
1144 2306 1236 2340 non,
1282 2292 1389 2342 quod
1429 2292 1551 2328 ullum
1585 2289 1677 2327 inde

242 2362 465 2411 periculum
500 2366 569 2400 aut
601 2376 732 2400 semen
765 2364 926 2401 maioris
950 2365 1048 2401 belli
1074 2364 1221 2410 videat,
1247 2363 1338 2400 ideo
1365 2377 1417 2410 se,
1443 2363 1678 2412 priusquam

168 2434 214 2470 11
236 2434 443 2483 provincia
467 2434 644 2481 decedat,
671 2435 956 2484 opprimendos
978 2435 1175 2484 Ilergetes
1200 2436 1372 2481 duxisse,
1399 2434 1466 2471 sed
1492 2434 1678 2483 primum,

243 2519 289 2543 ne
321 2506 517 2556 impunita
547 2510 628 2543 tam
661 2507 854 2543 scelerata
885 2506 1056 2544 defectio
1088 2512 1199 2552 esset,
1233 2506 1388 2552 deinde,
1430 2519 1478 2542 ne
1512 2506 1604 2554 quis
1635 2505 1676 2541 in

241 2577 448 2626 provincia
487 2578 604 2615 simul
642 2579 790 2616 virtute
820 2582 931 2615 tanta
963 2581 1002 2615 et
1031 2579 1222 2615 felicitate
1254 2577 1480 2627 perdomita
1510 2577 1676 2614 relictus

171 2649 220 2685 12
240 2649 367 2686 hostis
394 2649 474 2686 dici
500 2654 644 2699 posset.
701 2649 878 2687 Proinde
906 2649 991 2687 deis
1017 2650 1117 2687 bene
1143 2650 1375 2688 iuvantibus
1402 2651 1676 2699 sequerentur,
