1789 2955
252 38 330 75 152
626 38 741 73 Liber
765 38 953 75 XXVIII.
1001 41 1065 84 (A.
1089 53 1123 75 u.
1149 52 1177 75 c.
1203 41 1297 85 548.)

173 163 224 201 12
244 163 390 204 Vocati
422 169 568 208 deinde
600 169 648 206 ad
673 168 909 214 contionem,
941 169 1010 217 qui
1036 169 1167 217 pridie
1185 171 1386 215 venerant,
1417 169 1604 206 ferociter
1635 170 1677 207 in

246 236 375 275 forum
407 241 457 278 ad
487 241 667 279 tribunal
700 240 960 289 imperatoris,
991 243 1035 277 ut
1065 241 1173 277 ultro
1203 241 1385 277 territuri
1401 241 1678 279 succlamatio-

171 307 221 344 13
238 309 367 356 nibus,
399 316 654 351 concurrunt.
716 310 847 348 Simul
894 315 934 348 et
964 312 1181 361 imperator
1219 312 1260 348 in
1290 312 1470 350 tribunal
1502 314 1679 351 escendit

246 384 284 417 et
314 382 474 422 reducti
506 385 650 423 armati
681 397 703 421 a
733 383 861 432 portis
893 383 1036 420 inermi
1066 383 1246 420 contioni
1291 397 1331 421 se
1376 385 1426 422 ab
1457 388 1570 434 tergo
1603 386 1677 422 cir-

171 449 220 486 14
239 453 531 496 cumfuderunt.
579 456 682 493 Tum
715 455 841 493 omnis
873 455 1019 493 ferocia
1046 455 1224 493 concidit
1255 459 1304 501 et,
1336 459 1381 493 ut
1411 460 1550 506 postea
1580 458 1678 495 fate-

244 523 402 571 bantur,
434 528 535 565 nihil
567 541 679 578 aeque
711 541 776 565 eos
820 528 968 564 terruit
1012 540 1133 576 quam
1164 531 1311 577 praeter
1342 541 1451 577 spem
1483 528 1609 565 robur
1639 532 1679 566 et

246 596 353 633 colos
371 598 637 649 imperatoris,
658 613 775 649 quem
793 599 975 637 affectum
995 600 1150 636 visuros
1177 599 1439 646 crediderant,
1455 601 1678 649 vultusque,

174 666 221 702 15
241 669 401 717 qualem
433 684 482 708 ne
514 672 553 708 in
586 672 670 710 acie
702 672 863 721 quidem
896 671 1058 709 aiebant
1088 671 1321 709 meminisse.
1384 670 1498 708 Sedit
1532 672 1678 708 tacitus

242 741 465 791 paulisper,
497 743 623 781 donec
655 744 882 781 nuntiatum
915 747 991 788 est,
1039 742 1231 780 deductos
1262 743 1303 779 in
1334 743 1462 780 forum
1496 747 1677 780 auctores

104 804 156 851 27
244 812 458 850 seditionis
492 819 529 851 et
559 819 700 864 parata
732 815 864 853 omnia
896 828 992 853 esse.
1032 813 1135 851 Tum
1162 815 1321 852 silentio
1353 828 1425 864 per
1456 828 1678 864 praeconem

241 884 346 921 facto
379 885 435 922 ita
465 887 606 936 coepit:

359 957 597 1007 „Nunquam
645 958 743 995 mihi
789 958 1017 995 defuturam
1065 959 1306 1004 orationem,
1349 972 1427 1007 qua
1459 959 1677 995 exercitum

198 1027 371 1065 Qmeum
403 1030 649 1079 alloquerer,
698 1030 873 1079 credidi,
922 1043 999 1067 non
1047 1044 1125 1079 quo
1171 1030 1294 1067 verba
1339 1043 1512 1079 unquam
1544 1030 1678 1079 potius

241 1113 359 1148 quam
391 1115 453 1137 res
487 1103 743 1148 exercuerim,
775 1102 841 1139 sed
882 1102 978 1151 quia
1008 1116 1133 1151 prope
1180 1116 1202 1138 a
1232 1102 1409 1151 pueritia
1455 1102 1497 1138 in
1535 1102 1678 1138 castris

196 1170 218 1206 3
238 1171 400 1209 habitus
418 1186 618 1210 assueram
638 1174 882 1210 militaribus
910 1174 1102 1222 ingeniis3
1135 1174 1241 1223 apud
1258 1187 1327 1211 vos
1344 1173 1679 1223 quemadmodum

241 1242 395 1291 loquar,
426 1257 497 1281 nec
529 1246 741 1283 consilium
787 1259 857 1282 nec
904 1247 1030 1283 oratio
1063 1246 1311 1295 suppeditat.
1359 1258 1457 1294 quos
1503 1259 1552 1282 ne
1599 1258 1677 1295 quo

197 1313 399 1351 4110111ine
431 1316 592 1364 quidem
626 1317 833 1366 appellare
866 1317 1042 1363 debeam,
1075 1318 1167 1354 scio.
1217 1316 1359 1354 Cives?
1391 1317 1460 1366 qui
1491 1331 1513 1354 a
1545 1317 1678 1367 patria

240 1390 372 1423 vestra
417 1387 612 1426 descistis,
686 1389 754 1425 An
785 1389 963 1426 milites?
994 1390 1063 1438 qui
1115 1389 1324 1438 imperium
1371 1389 1674 1438 auspiciumque

240 1458 451 1503 abnuistis,
482 1461 723 1497 sacramenti
755 1462 992 1509 religionem
1024 1461 1203 1510 rupistis.
1250 1460 1431 1497 Hostes?
1485 1460 1675 1510 Corpora,

239 1542 321 1575 ora,
350 1531 552 1576 vestitum,
584 1531 768 1568 habitum
794 1533 940 1570 civium
964 1545 1159 1581 agnosco;
1192 1533 1307 1577 facta,
1340 1532 1461 1580 dicta,
1494 1532 1674 1570 consilia.

195 1599 389 1638 5animos
419 1601 593 1640 hostium
625 1603 755 1640 video.
816 1603 925 1650 Quid
967 1604 1073 1641 enim
1114 1617 1196 1649 vos,
1228 1604 1306 1640 nisi
1339 1603 1448 1652 quod
1478 1603 1676 1651 Ilergetes

239 1686 283 1709 ac
318 1673 519 1720 Lacetani,
551 1679 619 1711 aut
652 1676 819 1724 optastis
851 1674 963 1711 aliud
995 1676 1064 1710 aut
1095 1675 1314 1725 sperastis?
1364 1674 1417 1711 Et
1447 1674 1510 1711 illi
1542 1678 1674 1711 tamen

239 1744 501 1782 Mandonium
535 1749 655 1795 atque
686 1746 918 1792 Indibilem,
964 1745 1087 1794 regiae
1126 1747 1354 1784 nobilitatis
1397 1746 1525 1792 viros,
1557 1747 1676 1783 duces

238 1817 384 1854 furoris
416 1818 540 1855 secuti
572 1821 681 1863 sunt3
713 1831 782 1855 vos
815 1818 1037 1867 auspicium
1070 1823 1108 1856 et
1148 1819 1357 1868 imperium
1398 1818 1447 1854 ad
1479 1817 1675 1855 Umbrum

194 1888 216 1923 6
238 1888 403 1925 Atrium
435 1893 475 1925 et
492 1888 683 1926 Calenum
708 1889 876 1927 Albium
908 1890 1124 1927 detulistis.
1171 1890 1328 1938 Negate
1366 1903 1435 1926 vos
1466 1889 1508 1926 id
1540 1903 1674 1927 omnes

240 1960 379 1997 fecisse
412 1964 480 1997 aut
510 1961 659 1998 factum
700 1962 885 2008 voluisse,
918 1962 1085 2008 milites3
1131 1974 1349 2011 paucorum
1381 1974 1469 1997 eum
1501 1961 1676 1998 furorem

239 2035 359 2079 atque
390 2033 600 2069 amentiam
643 2047 742 2079 esse,
781 2034 955 2071 libenter
988 2033 1144 2071 credam
1176 2032 1438 2081 negantibus;
1469 2046 1539 2070 nec
1572 2032 1676 2069 enim

240 2115 287 2140 ea
317 2107 409 2140 sunt
441 2105 663 2149 commissa,
696 2118 795 2153 quae,
827 2106 991 2153 vulgata
1039 2106 1079 2141 in
1125 2118 1281 2142 omnem
1315 2104 1545 2149 exercitum,
1591 2104 1676 2140 sine

199 2175 219 2209 7
238 2174 409 2223 piaculis
428 2175 664 2223 ingentibus
682 2176 836 2225 expiari
855 2177 1021 2225 possint.
1065 2176 1223 2213 Invitus
1242 2191 1287 2213 ea
1302 2180 1494 2226 tanquam
1511 2175 1677 2212 vulnera

197 2247 221 2282 8
239 2247 412 2294 attingo;
431 2246 501 2283 sed
517 2247 595 2283 nisi
612 2250 719 2284 tacta
735 2251 987 2297 tractataque
1003 2249 1138 2286 sanari
1156 2262 1234 2285 non
1251 2251 1428 2298 possunt.
1466 2246 1678 2295 Equidem,

239 2318 367 2366 pulsis
385 2317 586 2367 Hispania
605 2318 1016 2366 Carthaginiensibus,
1042 2320 1197 2356 nullum
1215 2319 1345 2357 locum
1362 2322 1448 2356 tota
1458 2318 1676 2368 provincia,

240 2390 372 2426 nullos
390 2390 568 2427 homines
586 2390 797 2427 credebam
815 2403 910 2435 esse,
929 2390 1000 2426 ubi
1018 2391 1104 2428 vita
1121 2392 1251 2428 invisa
1275 2394 1378 2427 esset
1405 2403 1509 2435 mea3
1534 2389 1589 2426 sic
1616 2402 1678 2425 me

241 2474 320 2497 non
337 2462 464 2498 solum
483 2462 675 2499 adversus
693 2462 821 2499 socios
838 2474 1055 2509 gesseram,
1083 2461 1153 2498 sed
1171 2462 1291 2499 etiam
1310 2461 1502 2498 adversus
1519 2460 1676 2506 hostes3

192 2533 275 2568 9in
308 2532 446 2569 castris
494 2547 541 2570 en
589 2534 687 2570 meis
734 2532 947 2585 (quantum
988 2533 1122 2582 opinio
1156 2533 1342 2581 fefellitl)
1389 2533 1493 2568 fama
1534 2532 1675 2569 mortis

166 2604 217 2641 10
235 2616 329 2640 meae
360 2616 439 2640 non
471 2611 634 2654 accepta
664 2606 801 2651 solum,
835 2604 902 2641 sed
935 2605 1055 2643 etiam
1081 2608 1313 2654 exspectata
1343 2613 1413 2641 est.
1459 2604 1548 2641 Non
1568 2603 1678 2652 quod
