1789 2955
511 79 628 114 Liber
651 78 819 114 XXVII.
869 80 931 123 (A.
958 79 1024 115 Ch.
1052 81 1143 122 ⁶209.)
1491 82 1541 119 75

106 207 358 258 Agathyrna,
395 206 499 244 sicut
529 210 620 244 ante
651 206 801 243 dictum
832 209 903 255 est,
937 220 985 243 ex
1015 205 1159 244 Sicilia
1188 207 1387 253 traducta,
1427 210 1542 256 rapto

105 280 243 318 vivere
272 278 476 316 hominum
500 281 768 323 assuetorum;
801 278 932 315 additi
957 282 1071 315 erant
1087 278 1338 315 Bruttiorum
1364 278 1543 315 indidem

107 351 295 401 perfugae,
340 353 380 387 et
417 349 584 387 audacia
622 352 662 386 et
700 349 876 386 audendi
909 350 1041 387 omnia
1072 350 1382 388 necessitatibus
1414 363 1543 399 pareS.

106 422 223 460 Hanc
253 434 411 458 manum
437 421 488 458 ad
511 421 719 458 Bruttium
743 421 915 470 primum
941 434 1078 469 agrum
1105 421 1430 471 depopulandum
1456 421 1547 458 duci
1567 423 1590 457 6

108 494 237 541 iussit,
262 494 356 531 inde
380 493 430 530 ad
448 492 684 531 Cauloniam
706 493 846 529 urbem
872 494 1192 542 oppugnandam.
1237 493 1442 543 Imperata
1466 505 1545 529 non

107 566 277 615 impigre
307 565 446 611 solum,
489 565 558 603 sed
591 565 711 602 etiam
743 564 858 602 avide
890 565 1079 612 exsecuti,
1119 565 1286 615 direptis
1317 564 1544 613 fugatisque

108 637 331 674 cultoribus
363 637 463 686 agri,
494 650 645 674 summa
675 637 714 673 vi
746 636 884 673 urbem
913 637 1210 686 oppugnabant.
1256 636 1483 682 Marcellus,
1507 638 1547 672 et
1567 638 1589 672 7

109 708 282 746 consulis
312 708 458 746 litteris
490 709 644 746 excitus
676 712 715 745 et
745 707 841 757 quia
870 708 928 744 ita
959 708 1174 745 induxerat
1199 709 1238 745 in
1263 708 1448 754 animum,
1479 721 1545 744 ne-

107 780 253 817 minem
287 780 427 817 ducem
447 780 673 817 Romanum
704 784 785 817 tam
816 793 950 828 parem
974 780 1197 817 Hannibali
1229 793 1347 829 quam
1379 793 1419 816 se
1451 792 1545 824 esse,

107 852 178 889 ubi
208 851 381 901 primum
412 852 455 888 in
486 852 594 900 agris
625 851 764 901 pabuli
797 852 912 901 copia
943 851 1033 897 fuit,
1067 866 1114 888 ex
1139 852 1318 889 hibernis
1345 851 1546 901 profectus

109 924 160 961 ad
186 922 404 961 Canusium
430 923 655 961 Hannibali
680 924 863 960 occurrit.
926 923 1185 961 Sollicitabat
1210 924 1258 960 ad
1286 922 1547 960 defectionem
1568 924 1592 959 8

109 995 332 1033 Canusinos
364 995 530 1041 Poenus3
575 998 749 1032 ceterum
780 998 825 1032 ut
855 995 1178 1044 appropinquare
1210 995 1443 1032 Marcellum
1478 1006 1544 1031 au-

110 1067 224 1113 divit,
270 1070 401 1104 castra
441 1066 535 1104 inde
575 1067 710 1104 movit.
772 1066 928 1116 Aperta
969 1071 1054 1104 erat
1084 1068 1208 1116 regio,
1256 1068 1339 1104 sine
1370 1066 1464 1103 ullis
1496 1065 1546 1102 ad

110 1139 280 1176 insidias
311 1138 498 1185 latebris;
542 1139 678 1188 itaque
720 1138 761 1175 in
794 1139 882 1176 loca
913 1139 1086 1176 saltuosa
1118 1139 1257 1176 cedere
1290 1138 1384 1175 inde
1416 1137 1546 1187 coepit.

109 1210 328 1249 Marcellus
359 1210 542 1259 vestigiis
576 1210 753 1248 instabat
784 1213 993 1259 castraque
1034 1211 1174 1248 castris
1214 1211 1454 1255 conferebat,
1500 1212 1550 1254 et,
1571 1211 1593 1246 9

111 1296 231 1332 opere
262 1283 451 1332 perfecto,
484 1282 682 1331 extemplo
713 1282 756 1318 in
788 1283 911 1319 aciem
940 1282 1116 1331 legiones
1141 1283 1345 1319 educebat.
1392 1281 1547 1318 Hauni-

109 1354 176 1392 bal
213 1354 419 1391 turmatim
458 1367 530 1403 per
570 1355 724 1403 equites
765 1354 1299 1405 peditumque-iaculatores
1330 1354 1435 1390 levia
1467 1366 1547 1390 cer-

109 1426 262 1463 tamina
295 1438 440 1472 serens,
473 1439 607 1462 casum
637 1426 833 1463 universae
864 1439 1009 1475 pugnae
1041 1439 1119 1463 non
1144 1425 1410 1463 necessarium
1434 1424 1548 1461 duce-

111 1497 193 1535 bat.
252 1496 420 1534 Tractus
448 1500 508 1534 est
530 1500 663 1534 tamen
688 1496 737 1533 ad
762 1496 816 1542 id,
842 1497 947 1546 quod
971 1497 1141 1543 vitabat,
1167 1502 1378 1536 certamen.
1424 1496 1551 1534 Nocte
1575 1497 1626 1533 10

112 1581 375 1618 praegressum
415 1569 640 1617 assequitur
678 1568 776 1605 locis
808 1569 940 1618 planis
972 1582 1016 1606 ac
1047 1569 1280 1618 patentibus
1311 1568 1548 1613 Marcellus3

115 1643 247 1678 castra
277 1639 369 1676 inde
399 1643 623 1689 ponentem,
653 1640 868 1689 pugnando
899 1641 1077 1689 undique
1100 1642 1141 1677 in
1168 1642 1397 1686 munitores,
1425 1640 1550 1689 operi-

112 1712 187 1749 bus
213 1711 409 1761 prohibet.
471 1711 536 1748 Ita
567 1712 682 1760 signa
714 1712 858 1749 collata
890 1715 1190 1761 pugnatumque
1221 1712 1319 1750 totis
1351 1711 1478 1760 copiis
1502 1714 1551 1756 et,

116 1797 239 1833 quum
270 1784 349 1821 iam
379 1797 459 1820 nox
492 1784 670 1830 instaret,
714 1783 847 1820 Marte
887 1797 999 1833 aequo
1032 1784 1249 1820 discessum
1282 1787 1350 1820 est.
1414 1783 1553 1820 Castra

116 1856 263 1904 exiguo
303 1855 495 1892 distantia
533 1856 662 1904 spatio
693 1855 839 1904 raptim
872 1860 962 1892 ante
994 1858 1148 1893 noctem
1180 1855 1416 1905 permunita.
1477 1854 1553 1891 Po·
1577 1858 1622 1894 11

114 1930 221 1965 stero
254 1927 318 1964 die
349 1927 437 1964 luce
467 1927 599 1976 prima
629 1927 847 1963 Marcellus
879 1928 919 1964 in
951 1927 1075 1964 aciem
1107 1928 1240 1976 copias
1280 1927 1439 1973 eduxit3
1481 1940 1551 1963 nec

119 1998 328 2036 Hannibal
359 1998 600 2036 detrectavit
631 2002 842 2044 certamen,
884 1999 1021 2036 multis
1052 2000 1186 2036 verbis
1218 1999 1450 2036 adhortatus
1481 1998 1551 2034 mi-

116 2070 228 2116 lites,
273 2073 319 2106 ut
362 2083 554 2108 memores
599 2070 865 2107 Trasumenni
910 2070 1216 2120 Cannarumque
1262 2070 1551 2108 contunderent

117 2142 309 2179 ferociam
339 2142 485 2179 hostis:
525 2155 668 2191 urgere
699 2145 818 2191 atque
848 2142 997 2179 instare
1030 2156 1139 2188 eum,
1180 2156 1258 2179 non
1289 2143 1366 2179 iter
1398 2141 1554 2191 quietos
1574 2144 1623 2178 12

119 2213 261 2260 facere,
306 2227 385 2250 non
422 2216 551 2250 castra
590 2226 736 2262 ponere
778 2213 874 2262 pati,
920 2228 997 2251 non
1039 2214 1238 2263 respirare
1279 2217 1349 2251 aut
1389 2214 1552 2250 circum-

118 2285 291 2334 spicere3
335 2284 515 2334 quotidie
555 2284 673 2322 simul
713 2285 903 2321 orientem
944 2286 1067 2322 solem
1106 2289 1145 2322 et
1177 2286 1399 2323 Romanam
1431 2285 1553 2321 aciem

121 2356 166 2393 in
211 2356 360 2406 campis
405 2356 618 2393 videndam
664 2369 767 2403 esse3
809 2356 838 2393 si
881 2369 959 2393 uno
999 2357 1141 2405 proelio
1181 2357 1284 2394 haud
1326 2358 1554 2393 incruentus

119 2427 249 2474 abeat,
289 2428 466 2477 quietius
499 2428 641 2465 deinde
672 2428 1011 2477 tranquilliusque
1045 2442 1133 2464 eum
1165 2429 1417 2465 bellaturum.
1479 2428 1555 2465 His
1576 2428 1627 2464 1⁷3

120 2498 273 2536 irritati
305 2498 668 2546 adhortationibus,
700 2499 897 2548 simulque
928 2499 1049 2536 taedio
1076 2500 1234 2536 feroeiae
1260 2500 1432 2536 hostium
1459 2513 1554 2548 quo-

120 2569 220 2607 tidie
237 2570 472 2608 instantium
491 2571 861 2620 lacessentiumque,
888 2571 1034 2607 acriter
1050 2572 1235 2620 proelium
1254 2572 1401 2608 ineunt.
1450 2572 1553 2619 Pug-

122 2644 260 2679 natum
301 2643 471 2691 amplius
515 2643 668 2680 duabus
706 2642 813 2679 horis
845 2646 914 2678 est.
977 2641 1128 2679 Cedere
1160 2643 1252 2679 inde
1285 2643 1334 2680 ab
1366 2643 1558 2680 Romanis
1582 2644 1630 2680 14
