1789 2955
580 122 684 153 Liber
709 123 816 153 xxv.
858 120 912 163 (A.
941 122 1002 153 ch.
1035 121 1130 163 21⁴2.)
1474 122 1562 164 265

142 256 315 304 pabant;
361 258 536 291 ceterum
576 264 710 300 neque
742 252 939 289 transilire
971 265 1046 290 nec
1079 253 1208 289 moliri
1242 265 1367 289 onera
1400 253 1561 290 obiecta

143 337 221 362 nec
252 325 409 362 caedere
442 323 609 372 stipatas
642 322 807 359 clitellas
839 322 1018 370 ipsisque
1051 324 1216 359 obrutas
1249 324 1415 360 sarcinis
1444 323 1561 360 facile

144 399 241 432 erat.
304 394 534 431 Trudentes
560 392 726 429 sudibus
752 404 872 440 quum
897 393 1049 429 amoliti
1076 394 1236 430 obiecta
1255 405 1380 430 onera
1399 394 1560 430 armatis
1578 391 1627 431 11

144 465 356 502 dedissent
387 464 504 508 viam,
539 463 797 512 pluribusque
829 463 938 499 idem
971 463 1150 511 partibus
1178 464 1302 507 fieret,
1338 469 1457 512 capta
1482 464 1562 500 iam

144 536 323 584 undique
356 539 487 572 castra
520 539 647 570 erant.
710 533 834 569 Pauci
867 545 890 569 a
923 534 1054 569 multis
1079 534 1332 582 perculsique
1358 547 1381 570 a
1405 534 1562 571 victori·
1579 532 1633 572 12

143 607 218 642 bus
243 604 392 654 passim
418 604 700 647 caedebantur;
727 615 877 651 magna
902 615 994 651 pars
1021 609 1157 640 tamen
1176 605 1356 649 militum,
1383 617 1503 653 quum
1522 605 1562 640 in

143 675 393 726 propinquas
432 673 646 722 refugisset
677 673 808 716 silvas,
849 673 889 709 in
923 679 1054 710 castra
1086 674 1129 710 P.
1164 675 1377 723 Scipionis,
1419 675 1563 722 quibus

144 746 208 783 Ti.
227 745 419 782 Fonteius
443 745 600 793 legatus
618 748 800 792 praeerat,
827 743 1101 792 perfugerunt.
1152 744 1227 781 Cn.
1247 745 1479 794 Scipionem
1498 745 1562 781 alii
1581 742 1633 782 13

143 817 185 853 in
223 816 375 853 tumulo
413 814 542 864 primo
582 814 734 863 impetu
767 814 940 850 hostium
977 826 1123 851 caesum
1157 816 1333 859 tradunt,
1376 815 1441 851 alii
1474 828 1562 852 cum

143 886 284 936 paucis
322 886 362 922 in
403 885 674 935 propinquam
713 884 852 921 castris
890 885 1025 920 turrim
1058 884 1303 933 perfugisse;
1345 886 1448 922 hanc
1481 886 1563 934 igni

145 957 434 994 circumdatam
460 961 580 1004 atque
604 955 659 991 ita
685 955 833 991 exustis
859 954 1024 998 foribus,
1050 967 1150 1002 quas
1175 955 1282 991 nulla
1300 956 1428 992 moliri
1446 962 1564 1005 potu-

145 1033 260 1064 erant
276 1026 325 1071 vi,
351 1032 525 1075 captam,
545 1038 769 1074 omnesque
786 1026 892 1062 intus
911 1037 1001 1062 curn
1019 1025 1108 1074 ipso
1126 1026 1370 1074 imperatore
1390 1027 1563 1063 occisos.

144 1099 266 1135 Anno
300 1102 460 1142 octavo,
493 1102 710 1146 postquam
743 1097 783 1132 in
816 1095 1056 1144 Hispaniam
1090 1102 1267 1140 venerat,
1303 1096 1378 1133 Cn.
1413 1097 1562 1145 Scipio,
1581 1094 1635 1134 14

144 1167 460 1204 undetricesimo
487 1168 553 1203 die
577 1172 671 1216 post
694 1166 823 1202 fratris
848 1170 1019 1202 mortem
1039 1173 1100 1203 est
1117 1167 1364 1203 interfectus.
1413 1167 1564 1204 Luctus

146 1251 194 1274 ex
218 1243 348 1275 morte
373 1250 514 1274 eorum
541 1250 626 1274 non
644 1238 786 1274 Romae
803 1237 932 1273 maior
950 1249 1070 1284 quam
1089 1250 1160 1285 per
1177 1242 1303 1273 totam
1323 1237 1564 1285 Hispaniam

145 1308 237 1352 fuit;
271 1308 367 1356 quin
399 1309 510 1356 apud
543 1307 648 1344 cives
681 1312 836 1356 partem
869 1307 1022 1343 doloris
1056 1313 1095 1343 et
1128 1308 1324 1344 exercitus
1357 1308 1492 1344 amissi
1526 1313 1565 1343 et
1582 1304 1635 1345 15

144 1378 320 1414 alienata
345 1377 553 1427 provincia
579 1383 619 1414 et
642 1378 804 1427 publica
829 1378 1015 1414 trahebat
1041 1378 1199 1421 clades;
1226 1378 1434 1425 Hispaniae
1452 1378 1564 1426 ipsos
1582 1375 1634 1415 16

145 1449 339 1497 lugebant
362 1449 735 1496 desiderabantque
760 1450 899 1490 duces,
927 1447 1097 1485 Gnaeum
1116 1449 1259 1497 magis,
1285 1449 1397 1495 quod
1415 1448 1564 1484 diutius

145 1518 360 1568 praefuerat
397 1519 445 1556 iis
477 1519 665 1568 priorque
699 1525 738 1555 et
771 1519 948 1556 favorem
983 1523 1253 1566 occupaverat
1286 1523 1325 1554 et
1358 1518 1563 1567 specimen

146 1588 304 1625 iustitiae
336 1590 695 1638 temperantiaeque
727 1590 924 1626 Romanae
956 1589 1106 1637 primus
1140 1589 1325 1624 dederat.

266 1658 399 1704 Quum
433 1659 555 1695 deleti
588 1659 783 1696 exercitus
816 1660 1054 1708 amissaeque
1080 1659 1288 1707 Hispaniae
1321 1660 1562 1704 viderentur,
1626 1654 1686 1698 37

146 1729 203 1765 vir
234 1741 337 1766 unus
369 1742 432 1766 res
464 1729 644 1778 perditas
673 1730 854 1767 restituit.
919 1730 1016 1766 Erat
1044 1731 1084 1766 z'n
1113 1730 1288 1767 exercitu
1315 1730 1361 1767 L.
1390 1727 1606 1767 Marcius?

147 1799 313 1848 Septimi
346 1799 460 1843 filius,
495 1813 619 1848 eques
644 1801 866 1845 Romanus,
901 1801 1071 1848 impiger
1102 1800 1256 1836 iuvenis
1289 1800 1493 1848 animique
1526 1805 1566 1837 et

147 1869 298 1918 ingenii
331 1869 538 1918 aliquanto
572 1883 691 1919 quam
724 1883 798 1920 pro
832 1870 1006 1915 fortuna,
1040 1870 1080 1906 in
1106 1883 1185 1918 qua
1209 1876 1294 1906 erat
1316 1876 1448 1915 natus,
1483 1884 1566 1907 ma—

147 1940 256 1977 ioris.
318 1941 383 1976 Ad
416 1952 612 1977 summam
645 1941 826 1978 indolem
861 1946 1087 1977 accesserat
1113 1940 1187 1977 Cn.
1214 1940 1414 1989 Scipionis
1447 1938 1606 1979 disci-3

147 2010 271 2059 plina,
312 2012 384 2047 sub
428 2023 506 2059 qua
539 2024 610 2060 per
642 2016 703 2048 tot
734 2024 866 2048 annos
900 2024 1041 2048 omnes
1075 2011 1222 2047 militiae
1256 2017 1362 2048 artes
1395 2013 1567 2049 edoctus

149 2080 290 2118 fuerat.
353 2081 411 2125 Is,
452 2086 492 2117 et
523 2094 572 2117 ex
605 2081 699 2130 fuga
732 2082 911 2118 collectis
943 2082 1132 2118 militibus
1165 2087 1204 2118 et
1237 2082 1479 2130 quibusdam
1514 2081 1609 2120 de4

148 2151 345 2200 praesidiis
385 2152 586 2196 deductis,
627 2153 737 2188 haud
777 2153 1125 2188 contemnendum
1164 2153 1381 2189 exercitum
1416 2152 1567 2189 fecerat

148 2221 411 2270 iunxeratque
430 2234 519 2258 cum
539 2222 602 2258 Ti.
621 2222 810 2267 Fonteio,
835 2223 878 2259 P.
898 2223 1098 2272 Scipionis
1116 2223 1265 2271 legato.
1311 2223 1391 2258 Sed
1411 2228 1565 2259 tantum
1581 2221 1607 2261 5

148 2292 330 2342 praestitit
346 2305 471 2341 eques
490 2293 699 2329 Romanus
717 2292 956 2329 auctoritate
973 2292 1076 2330 inter
1093 2294 1236 2330 milites
1255 2298 1377 2341 atque
1395 2293 1565 2336 honore,

149 2367 205 2405 ut,
239 2363 378 2399 castris
404 2363 501 2399 citra
525 2362 720 2399 Hiberum
746 2364 1016 2409 communitis,
1052 2377 1173 2412 quum
1200 2365 1345 2400 ducem
1371 2364 1566 2399 exercitus

151 2432 322 2470 comitiis
360 2433 594 2469 militaribus
627 2434 752 2470 creari
784 2434 1015 2482 placuisset,
1059 2435 1278 2470 subeuntes
1311 2434 1375 2469 alii
1408 2433 1494 2469 aliis
1526 2432 1607 2473 inss

152 2503 378 2539 custodiam
403 2504 492 2540 valli
510 2504 802 2552 stationesque,
828 2505 961 2541 donee
980 2517 1051 2553 per
1069 2516 1212 2541 omnes
1231 2504 1462 2551 suffragium
1480 2503 1566 2547 iret,

151 2573 205 2608 ad
237 2572 282 2610 L.
317 2573 512 2610 Marcium
553 2574 685 2611 cuncti
718 2587 913 2611 summam
946 2574 1101 2623 imperii
1135 2574 1362 2610 detulerint.
1434 2572 1605 2613 Omne7
