1789 2955
538 77 654 112 Liber
677 76 801 111 XXX.
852 78 912 120 (A.
940 76 1004 111 Ch.
1029 77 1127 120 202.)
1466 79 1542 116 261

236 205 440 243 Hannibal
481 218 568 242 cum
599 205 736 255 paucis
768 205 972 254 equitibus
1010 205 1114 242 inter
1144 204 1360 241 tumultum
1392 203 1592 252 elapsus4

115 277 409 314 Hadrumetum
456 276 650 326 perfugit,
696 276 829 314 omnia
860 279 898 313 et
938 277 978 314 in
1010 276 1153 326 proelio
1188 275 1241 325 [et
1272 278 1363 312 ante
1396 275 1549 324 aciem],

117 349 352 399 priusquam
385 348 596 386 excederet
636 361 792 398 pugna,
831 351 1039 398 expertus,
1081 350 1121 384 et
1151 347 1396 384 confessione
1428 345 1590 383 etiam5

119 419 325 470 Scipionis
343 420 597 469 omniumque
620 420 842 469 peritorum
870 419 1024 456 militiae
1050 419 1159 456 illam
1184 418 1341 455 laudem
1369 418 1550 468 adeptus,

118 493 316 542 singulari
346 495 430 529 arte
462 492 585 529 aciem
619 505 663 529 eo
695 491 758 528 die
789 492 1041 528 instruxisse:
1084 491 1317 540 elephantos
1349 490 1389 526 in
1420 489 1591 539 primass

118 564 259 610 fronte,
293 576 460 613 quorum
487 563 676 601 fortuitus
704 564 874 613 impetus
906 566 1025 612 atque
1054 562 1319 600 intolerabilis
1350 561 1411 598 vis
1436 561 1552 609 signa

119 635 232 685 sequi
274 638 312 673 et
350 648 509 672 servare
550 635 732 680 ordines,
765 635 805 672 in
845 648 923 683 quo
965 635 1181 684 plurimum
1221 633 1306 683 spei
1344 635 1550 682 ponerent,

119 707 322 746 Romanos
340 707 621 757 prohiberent;
651 706 796 744 deinde
813 706 1030 744 auxiliares
1048 709 1139 743 ante
1158 704 1552 753 Carthaginiensium
1573 705 1594 740 7

120 780 256 826 aciem,
282 792 330 816 ne
354 779 532 816 homines
558 779 676 816 mixti
707 792 753 815 ex
788 778 1011 815 colluvione
1036 778 1209 815 omnium
1236 777 1426 825 gentium,
1454 789 1553 825 quos

119 864 197 889 non
213 850 313 888 fides
329 853 496 897 teneret,
522 850 591 888 sed
619 863 779 897 merces,
807 850 977 887 liberum
1004 854 1207 899 receptum
1224 849 1329 897 fugae
1347 848 1551 893 haberent,

120 923 237 960 simul
253 922 423 972 primum
441 923 624 960 ardorem
643 927 762 972 atque
780 923 972 971 impetum
999 921 1170 958 hostium
1191 920 1438 969 excipientes
1464 920 1552 956 fati·
1571 919 1596 956 8

120 998 265 1045 garent
280 1009 336 1041 ac,
368 996 401 1032 si
418 995 519 1032 nihil
546 994 667 1042 aliud,
692 994 928 1032 vulneribus
957 994 1037 1031 suis
1063 993 1211 1029 ferrum
1237 991 1412 1029 hostium
1437 991 1553 1028 hebe-

119 1070 257 1105 tarent
273 1081 280 1114 ;
294 1072 389 1113 tum,
407 1067 477 1104 ubi
495 1068 623 1104 omnis
641 1080 728 1116 spes
746 1069 858 1112 esset,
876 1066 1023 1102 milites
1042 1064 1394 1113 Carthaginienses
1412 1063 1552 1100 Afros-
1572 1063 1595 1099 9

120 1151 209 1188 que,
227 1143 284 1186 ut,
300 1139 484 1176 omnibus
501 1139 619 1176 rebus
637 1139 728 1176 aliis
745 1151 871 1188 pares,
889 1151 945 1183 eo,
972 1136 1080 1186 quod
1095 1135 1246 1184 integri
1271 1149 1359 1172 cum
1377 1136 1490 1172 fessis
1509 1148 1553 1172 ac

119 1211 263 1248 sauciis
280 1214 518 1260 pugnarent,
536 1211 761 1260 superiores
788 1212 937 1255 essent,
969 1208 1135 1245 Italicos
1159 1208 1372 1245 intervallo
1397 1220 1555 1256 quoque

122 1281 364 1332 diremptos,
398 1283 580 1328 incertos,
599 1282 696 1320 socii
713 1296 762 1320 an
787 1283 918 1319 hostes
943 1283 1083 1326 essent,
1102 1280 1141 1317 in
1164 1282 1405 1329 postremam
1430 1279 1556 1316 aciem

122 1357 348 1391 summotos.
409 1354 499 1391 Hoc
539 1354 646 1391 edito
678 1354 789 1391 velut
818 1353 958 1390 ultimo
993 1352 1157 1390 virtutis
1189 1365 1319 1400 opere,
1351 1351 1555 1388 Hannibal
1576 1350 1626 1387 10

122 1439 242 1476 quum
274 1425 565 1463 Hadrumetum
607 1426 840 1474 refugisset,
880 1425 1112 1473 accitusque
1151 1423 1243 1460 inde
1276 1422 1557 1471 Carthaginem

123 1502 236 1535 sexto
269 1511 315 1535 ac
345 1498 546 1535 tricesimo
570 1501 660 1547 post
684 1511 799 1543 anno,
832 1510 949 1547 quam
975 1509 1075 1546 puer
1106 1494 1198 1532 inde
1230 1495 1431 1544 profectus
1463 1497 1558 1541 erat,

122 1569 304 1616 redisset,
336 1571 463 1607 fassus
494 1570 533 1606 in
567 1570 678 1606 curia
709 1573 777 1614 est,
808 1582 886 1605 non
924 1568 1068 1617 proelio
1111 1566 1228 1604 modo
1260 1580 1321 1612 se,
1353 1567 1420 1603 secl
1452 1566 1558 1603 bello
1579 1564 1624 1601 11

121 1643 284 1689 victum,
314 1655 385 1679 nec
416 1655 524 1690 spem
553 1641 694 1678 salutis
719 1640 815 1677 alibi
842 1653 958 1689 quam
991 1640 1031 1676 in
1058 1652 1153 1688 pace
1186 1638 1437 1688 impetranda
1461 1651 1558 1675 esse.

237 1712 392 1763 Scipio,
438 1713 645 1750 confestim
684 1727 706 1750 a
747 1712 888 1761 proelio
929 1711 1170 1761 expugnatis
1201 1710 1374 1747 hostium
1417 1709 1557 1746 castris
1645 1704 1700 1752 36

125 1785 382 1835 direptisque,
409 1798 495 1823 cum
524 1784 681 1833 ingenti
707 1784 842 1834 praeda
869 1783 917 1820 ad
936 1796 1042 1821 mare
1060 1796 1104 1820 ac
1122 1795 1241 1820 naves
1259 1781 1393 1831 rediit,
1421 1781 1561 1819 nuntio
1579 1782 1602 1817 2

124 1857 260 1904 allato,
291 1857 338 1894 P.
369 1857 586 1894 Lentulum
619 1870 707 1894 cum
740 1856 1032 1906 quinquaginta
1055 1854 1249 1901 rostratis,
1282 1857 1437 1891 centum
1469 1866 1559 1890 one-

123 1929 261 1976 rariis,
295 1942 382 1966 cum
429 1929 535 1966 omni
576 1942 720 1978 genere
760 1932 999 1965 commeatus
1039 1926 1088 1964 ad
1129 1926 1291 1964 Uticam
1332 1926 1558 1963 accessisse.

123 2000 432 2040 Admovendum
478 2000 602 2049 igitur
641 2000 821 2049 undique
861 2002 1055 2036 terrorem
1097 1998 1288 2048 perculsae
1322 1997 1600 2046 Carthagini3

124 2076 246 2120 ratus,
273 2073 393 2111 misso
412 2072 537 2109 Laelio
555 2071 723 2109 Romam
750 2085 837 2108 cum
862 2071 1044 2108 victoriae
1071 2071 1225 2117 nuntio,
1252 2069 1321 2108 Cn.
1348 2068 1559 2107 Octavium

125 2145 310 2183 terrestri
342 2144 487 2181 itinere
518 2144 662 2180 ducere
694 2144 872 2192 legiones
899 2142 1186 2192 Carthaginem
1217 2142 1347 2187 iubet3
1380 2141 1477 2190 ipse,
1509 2140 1559 2177 ad

125 2230 236 2254 suam
282 2220 455 2254 veterem
501 2229 604 2253 nova
640 2215 805 2252 Lentuli
852 2215 976 2252 classe
1016 2215 1224 2259 adiuncta,
1269 2213 1472 2263 profectus
1510 2212 1559 2250 ab

126 2288 247 2326 Utica
277 2292 436 2338 portum
470 2287 730 2336 Carthaginis
762 2287 872 2336 petit.
933 2286 1054 2323 Haud
1086 2286 1225 2335 procul
1259 2286 1406 2330 aberat,
1440 2283 1602 2333 quum4

125 2361 258 2399 velata
288 2360 428 2398 infulis
460 2360 659 2409 ramisque
692 2359 789 2397 oleae
815 2358 1207 2406 Carthaginiensium
1235 2357 1412 2394 occurrit
1435 2355 1561 2393 navis.

126 2432 277 2471 Decem
309 2432 433 2481 legati
472 2435 605 2478 erant,
651 2431 855 2480 principes
895 2430 1091 2475 civitatis,
1137 2433 1297 2466 auctore
1330 2426 1561 2464 Hannibale

127 2504 237 2542 missi
269 2504 319 2542 ad
351 2503 561 2554 petendam
594 2516 741 2553 pacem.
803 2502 883 2550 Qui
927 2514 1049 2550 quum
1083 2500 1132 2538 ad
1163 2501 1331 2550 puppim
1364 2498 1602 2549 praetoriae5

126 2576 239 2614 navis
270 2576 528 2614 accessissent
568 2575 793 2614 velamenta
833 2573 1057 2623 supplicum
1091 2573 1364 2622 porrigentes,
1405 2574 1561 2608 orantes

128 2647 468 2698 implorantesque
499 2646 620 2684 fidem
654 2660 698 2683 ac
729 2644 1048 2684 misericordiam
1085 2642 1298 2693 Scipionis,
1330 2643 1482 2680 nullum
1518 2642 1566 2679 iis
1585 2642 1607 2677 6
