1789 2955
553 103 656 135 Liber
682 104 789 135 xxv.
832 104 887 146 (A.
917 105 978 136 Ch.
1007 104 1100 147 212.)
1456 108 1540 149 235

117 234 323 271 maritimis
355 235 648 272 commeatibus
681 236 928 284 propiusque
959 237 1140 286 inopiam
1164 243 1278 274 erant
1301 238 1538 275 obsidentes

115 316 236 353 quam
269 305 439 342 obsessi.
501 305 720 349 Hannibal,
755 307 990 343 convocatis
1015 307 1262 356 principibus
1286 307 1529 351 Tarentinis,
1557 308 1609 348 12

117 387 260 412 omnes
277 380 498 424 praesentes
516 375 774 412 difficultates
789 377 992 425 exposuit:
1014 390 1146 426 neque
1159 378 1262 414 arcis
1277 383 1359 413 tam
1375 378 1537 414 munitae

115 446 399 495 expugnandae
428 457 594 483 cernere
622 446 726 482 viam
757 458 890 494 neque
917 446 958 483 in
988 448 1205 484 obsidione
1229 447 1444 496 quicquam
1468 448 1537 484 ha-

114 516 211 552 bere
244 516 343 565 spei,
378 517 512 553 donec
540 517 640 553 mari
670 517 809 552 hostes
838 516 1061 565 potiantur;
1097 518 1210 566 quod
1240 518 1271 554 si
1295 530 1420 555 naves
1443 518 1534 562 sint,
1554 518 1606 558 13

115 586 260 634 quibus
283 591 534 624 commeatus
556 586 691 623 invehi
713 587 940 635 prohibeat,
966 589 1169 637 extemplo
1188 594 1257 624 aut
1274 588 1535 625 abscessuros

114 661 184 693 aut
216 656 427 693 dedituros
450 669 492 693 se
515 657 668 693 hostes.
731 657 1068 694 Assentiebantur
1090 658 1321 702 Tarentini;
1358 664 1535 695 ceterum
1554 658 1607 698 14

112 726 163 771 ei,
181 726 248 774 qui
266 726 477 763 consilium
495 726 666 771 afferret,
692 739 813 776 opem
831 739 994 776 quoque
1012 728 1052 764 in
1071 741 1162 765 eam
1180 741 1264 765 rem
1282 728 1535 765 afferendam

112 797 336 834 censebant
375 809 478 834 esse.
541 797 713 834 Punicas
752 797 859 833 enim
897 810 1022 835 naves
1061 811 1109 834 ex
1142 799 1275 836 Sicilia
1308 800 1458 836 accitas
1491 799 1534 835 id
1552 798 1605 839 15

111 879 234 917 posse
253 867 406 912 facere3
430 880 536 912 suas,
556 880 645 916 quae
664 868 753 904 sinu
771 868 918 917 exiguo
936 869 1042 905 intus
1060 869 1223 906 inclusae
1242 876 1391 913 essent,
1411 882 1533 917 quum

111 939 283 975 claustra
300 943 440 988 portus
458 938 585 975 hostis
603 939 783 983 haberet,
809 939 1157 986 quemadmodum
1174 940 1272 975 inde
1290 940 1331 976 in
1349 947 1531 988 apertum

110 1021 220 1045 mare
234 1007 449 1045 evasuras?
471 1008 709 1044 ‹Evadenw›
726 1009 854 1056 inquit
866 1008 1084 1046 Hannibal.
1125 1009 1288 1053 «Multa,
1309 1010 1532 1058 quaeimpe·
1550 1010 1600 1049 16

110 1080 196 1115 dita
212 1084 356 1115 natura
373 1084 478 1124 sunt,
498 1079 668 1116 consilio
688 1079 968 1127 expediuntur.
1019 1079 1170 1116 Urbem
1188 1080 1229 1116 in
1247 1092 1394 1129 campo
1414 1080 1530 1116 sitam

111 1150 287 1194 habetis3
313 1150 445 1198 planae
469 1156 510 1185 et
534 1150 630 1186 satis
654 1149 744 1186 latae
768 1150 840 1186 viae
858 1155 1000 1198 patent
1016 1150 1057 1186 in
1076 1162 1219 1187 omnes
1238 1157 1387 1199 partes.
1437 1151 1528 1194 Via,
1548 1151 1597 1190 17

109 1232 198 1268 quae
215 1232 238 1256 e
255 1225 374 1269 portu
385 1232 456 1269 per
469 1220 645 1256 mediam
658 1220 796 1255 urbem
811 1221 865 1256 ad
878 1232 988 1256 mare
1002 1222 1236 1258 transmissa
1250 1227 1323 1265 est,
1344 1221 1528 1270 plaustris

107 1291 365 1328 transveham
381 1302 506 1327 naves
523 1291 634 1326 haud
651 1302 801 1338 magna
818 1291 937 1334 mole,
958 1296 998 1327 et
1014 1303 1124 1327 mare
1142 1297 1323 1328 nostrum
1342 1292 1427 1336 erit,
1448 1304 1528 1340 quo

107 1373 215 1398 nunc
239 1361 377 1398 hostes
400 1361 620 1410 potiuntur,
645 1366 685 1396 et
707 1361 813 1397 illinc
838 1361 949 1405 mari,
976 1362 1067 1399 hinc
1093 1367 1197 1398 terra
1215 1362 1528 1399 circumsedebi-

106 1444 195 1468 mus
227 1443 380 1475 arcem;
422 1432 547 1468 immo
580 1431 690 1468 brevi
722 1437 790 1467 aut
822 1432 1000 1468 relictam
1034 1433 1084 1468 ab
1119 1433 1303 1469 hostibus
1337 1438 1405 1468 aut
1437 1445 1526 1469 cum

105 1502 203 1551 ipsis
225 1503 408 1539 hostibus
431 1502 676 1551 capiemus.»
734 1501 833 1538 Haec
857 1503 987 1538 oratio
1010 1514 1096 1538 non
1119 1515 1233 1550 spem
1256 1504 1384 1539 modo
1409 1503 1528 1539 effec-
1546 1503 1596 1543 13

106 1578 182 1617 tus,
206 1573 281 1609 sed
302 1572 510 1621 ingentem
533 1573 654 1608 etiam
676 1571 791 1608 ducis
814 1572 1125 1609 admirationem
1149 1573 1256 1609 fecit.
1306 1573 1528 1610 Contracta

107 1643 310 1691 extemplo
333 1643 513 1691 undique
535 1643 713 1691 plaustra
733 1643 951 1691 iunctaque
973 1643 1076 1679 inter
1099 1655 1155 1687 se,
1189 1649 1228 1679 et
1251 1644 1450 1680 machinae
1474 1645 1527 1680 ad

106 1713 396 1750 subducendas
429 1726 552 1750 naves
585 1714 776 1755 admotae,
811 1713 1088 1761 munitumque
1120 1714 1206 1758 iter,
1242 1726 1322 1761 quo
1347 1714 1526 1750 faciliora

106 1784 283 1833 plaustra
313 1784 525 1831 minorque
555 1784 684 1820 moles
711 1784 753 1819 in
782 1783 950 1820 transitu
981 1790 1100 1820 esset.
1156 1784 1339 1820 Iumenta
1368 1785 1529 1821 inde-et
1546 1783 1598 1824 19

108 1853 294 1890 homines
326 1854 522 1890 contracti
555 1860 596 1890 et
627 1866 731 1903 opus
754 1854 922 1903 impigre
945 1860 1141 1902 coeptum;
1175 1866 1411 1903 paucosque
1435 1862 1528 1903 post

106 1924 194 1962 dies
227 1925 366 1961 classis
397 1925 590 1962 instructa
623 1937 670 1962 ac
703 1930 845 1974 parata
877 1924 1182 1961 circumvehitur
1215 1937 1349 1961 arcem
1372 1932 1412 1961 et
1434 1931 1527 1961 ante

107 2007 154 2031 os
176 1995 307 2043 ipsum
328 2001 469 2044 portus
492 2007 665 2032 ancoras
687 1996 793 2032 iacit.
854 1995 975 2032 Hunc
998 2001 1144 2032 statum
1168 2008 1299 2032 rerum
1322 1995 1528 2032 Hannibal
1543 1995 1599 2036 20

106 2065 274 2102 Tarenti
290 2066 489 2114 relinquit,
514 2078 720 2114 regressus
738 2067 824 2115 ipse
842 2066 883 2102 in
901 2066 1083 2102 hiberna.
1140 2065 1329 2102 Ceterum
1348 2066 1527 2103 defectio

106 2135 419 2172 Tarentinorum
450 2141 582 2172 utrum
613 2136 746 2184 priore
779 2148 889 2172 anno
923 2148 974 2172 an
1008 2136 1086 2172 hoc
1110 2136 1216 2172 facta
1240 2136 1301 2181 sit,
1335 2137 1375 2173 in
1399 2138 1527 2173 diver-

106 2217 193 2241 sum
233 2210 419 2242 auctores
457 2206 636 2249 trahunt;
677 2207 811 2254 plures
844 2206 1137 2255 propioresque
1171 2212 1289 2243 aetate
1323 2206 1527 2243 memoriae

105 2287 236 2311 rerum
269 2275 347 2312 hoc
380 2288 490 2312 anno
525 2276 673 2313 factam
707 2277 884 2313 tradunt.

224 2346 365 2383 Romae
389 2347 577 2383 consules
599 2352 873 2396 praetoresque
891 2359 1019 2395 usque
1037 2348 1092 2383 ad
1106 2353 1200 2383 ante
1219 2348 1328 2384 diem
1348 2349 1531 2396 quintum
1596 2344 1639 2388 12

107 2417 301 2453 calendas
322 2416 454 2454 Maias
475 2416 631 2454 Latinae
653 2423 888 2461 tenuerunt;
913 2429 963 2453 eo
987 2418 1067 2461 die,
1092 2423 1324 2466 perpetrato
1349 2430 1464 2454 sacro
1487 2418 1528 2454 in
1543 2417 1569 2456 2

107 2493 260 2531 monte,
301 2487 343 2523 in
382 2499 475 2524 suas
508 2488 678 2536 quisque
710 2488 939 2536 provincias
971 2487 1291 2536 proficiscuntur.
1370 2489 1527 2537 Religio

107 2557 260 2593 deinde
284 2569 391 2594 nova
417 2558 579 2594 obiecta
603 2563 664 2595 est
687 2570 735 2594 ex
760 2558 1003 2594 carminibus
1027 2558 1258 2594 Marcianis.
1314 2558 1440 2595 Vates
1465 2558 1527 2595 hie
1543 2558 1569 2595 3

107 2626 282 2663 Marcius
314 2627 473 2664 illustris
507 2627 649 2672 suerat,
685 2634 729 2664 et'
757 2640 880 2676 quum
908 2629 1151 2676 conquisitio
1181 2628 1314 2677 priore
1341 2641 1451 2665 anno
1480 2641 1529 2665 ex
