1789 2955
257 84 336 121 128
635 78 751 113 Liber
775 77 965 113 xxvffl.
1015 79 1075 121 (A.
1102 89 1137 112 u.
1163 89 1192 112 ο.
1216 78 1310 121 547.)

256 207 396 245 insulae
419 206 515 244 urbs
538 209 607 252 est,
630 209 762 244 tamen
785 205 884 244 adeo
911 209 998 243 arto
1023 205 1332 243 interscinditur
1355 205 1470 252 freto,
1502 209 1547 244 ut
1569 210 1691 256 ponte

256 278 477 317 continenti
513 279 702 327 iungatur
740 280 928 327 terraque
970 276 1123 315 aditum
1163 277 1387 315 faciliorem
1427 291 1544 327 quam
1590 279 1691 316 mari

215 351 413 390 3habeat.
475 350 608 400 Igitur
639 349 857 399 Philippus
889 362 911 386 a
942 347 1204 386 Demetriade
1236 347 1476 396 Scotussam,
1519 349 1612 387 inde
1643 349 1692 388 de

256 423 378 461 tertia
408 422 549 471 vigilia
579 422 792 471 profectus,
824 421 980 458 deiecto
1011 419 1202 469 praesidio
1234 420 1411 470 fusisque
1431 420 1591 469 AEtoHs,
1623 422 1693 472 qui

255 494 401 532 saltum
446 493 804 543 Thermopylarum
850 492 1096 539 insidebant,
1152 505 1273 541 quum
1327 492 1507 542 trepidos
1559 494 1694 532 hostes

254 566 494 604 Heracleam
521 565 788 615 compulisset,
814 565 897 614 ipse
928 577 1008 602 uno
1040 563 1105 601 die
1136 563 1326 601 Phocidis
1357 563 1535 602 Elatiam
1566 565 1695 604 millia

210 638 428 687 4a1nplius
466 637 675 686 sexaginta
715 636 929 674 contendit.
999 635 1154 673 Eodem
1195 636 1316 673 ferme
1353 635 1420 673 die
1457 637 1507 674 ab
1549 637 1694 676 Attalo

254 723 348 759 rege
387 708 656 759 Opuntiorum
687 709 785 746 urbs
818 712 934 758 capta
965 707 1242 757 diripiebatur.
1319 707 1579 747 Ooncesserat
1608 723 1694 748 eam

255 782 341 830 regi
370 781 547 831 praedam
576 780 791 830 Sulpicius,
823 781 916 830 quia
949 779 1096 818 Oreum
1127 793 1275 829 paucos
1307 783 1399 818 ante
1431 780 1516 818 dies
1548 781 1597 818 ab
1613 781 1694 820 Ro-

211 853 370 891 5mano
415 853 556 900 milite,
601 852 835 902 expertibus
881 852 1018 901 regiis,
1062 851 1263 901 direptum
1301 851 1444 890 fuerat.
1514 852 1697 891 Romana

257 926 396 963 classis
436 924 581 962 Oreum
623 938 706 962 sese
744 927 960 975 receperat,
1005 926 1046 960 et
1076 923 1253 973 Attalus,
1302 924 1462 972 ignarus
1501 924 1696 964 adventus

256 997 455 1047 Philippi,
502 998 684 1047 pecuniis
724 1011 746 1034 a
782 996 1036 1047 principibus
1076 995 1284 1044 exigendis
1324 996 1481 1034 terebat
1525 1000 1694 1048 tempus‚

216 1071 239 1107 6
259 1070 438 1119 adeoque
468 1069 685 1119 improvisa
715 1082 778 1106 res
809 1069 898 1115 suit,
929 1071 984 1115 ut,
1017 1067 1096 1106 nisi
1121 1067 1371 1106 Cretensium
1398 1069 1562 1117 quidam
1595 1070 1697 1107 forte

258 1141 495 1191 pabulatum
536 1142 585 1178 ab
626 1142 724 1178 urbe
756 1140 915 1189 longius
946 1140 1148 1190 progressi
1179 1153 1320 1189 agmen
1351 1140 1524 1178 hostium
1554 1141 1698 1191 procul

216 1214 567 1264 Vconspexissent,
613 1214 785 1263 opprimi
827 1212 1015 1262 potuerit.
1077 1211 1243 1249 Attalus
1280 1212 1444 1250 inermis
1487 1216 1607 1262 atque
1639 1213 1697 1250 in-

257 1286 498 1336 compositus
540 1299 657 1323 cursu
695 1285 816 1323 effuso
850 1298 957 1322 mare
990 1297 1034 1322 ac
1066 1297 1187 1322 naves
1216 1285 1330 1334 petit,
1372 1289 1410 1322 et
1441 1285 1699 1323 molientibus

256 1358 305 1396 ab
343 1361 452 1395 terra
491 1371 613 1396 naves
644 1357 860 1407 Philippus
899 1356 1133 1406 supervenit
1170 1357 1464 1406 tumultumque
1496 1357 1618 1394 etiam
1650 1370 1698 1394 ex

217 1429 367 1467 8terra
396 1430 570 1468 nauticis
601 1430 788 1480 praebuit.
849 1429 951 1466 Inde
980 1427 1182 1478 Opuntem
1213 1428 1346 1475 rediit,
1379 1429 1472 1466 deos
1503 1428 1698 1467 homines-

259 1515 335 1551 que
367 1515 567 1548 accusanS,
599 1501 705 1551 quod
735 1504 857 1538 tantae
889 1500 948 1538 rei
979 1501 1179 1538 fortunam
1213 1514 1260 1537 ex
1293 1500 1419 1538 oculis
1450 1514 1577 1551 prope
1608 1515 1699 1552 rap—

217 1573 339 1611 9tam
364 1574 570 1611 amisisset.
617 1572 787 1622 Opuntii
818 1585 977 1622 quoque
1009 1572 1059 1609 ab
1094 1572 1230 1609 eadem
1263 1573 1323 1610 ira
1354 1572 1553 1622 increpiti,
1582 1573 1700 1622 quod,

258 1658 379 1695 quum
410 1646 569 1683 trahere
602 1645 853 1682 obsidionem
885 1645 926 1680 in
958 1644 1170 1682 adventum
1202 1657 1317 1681 suum
1343 1645 1580 1695 potuissent,
1611 1645 1699 1683 viso

258 1718 392 1755 statim
428 1718 541 1755 hoste
579 1730 705 1767 prope
744 1717 785 1754 in
825 1717 1093 1754 voluntariam
1125 1716 1370 1754 deditionem
1403 1720 1699 1755 concessissent.

189 1789 238 1825 10
258 1788 501 1839 Compositis
525 1790 632 1827 circa
656 1788 857 1839 Opuntem
881 1772 1000 1826 rebus
1026 1786 1252 1840 Toronenl)
1284 1792 1343 1826 est
1372 1789 1585 1838 profectus,
1647 1788 1700 1826 Et-

257 1860 424 1899 Attalus
454 1861 586 1911 primo
618 1860 778 1907 Oreum,
817 1860 921 1907 inde,
961 1874 1083 1910 quum
1113 1861 1220 1898 fama
1251 1860 1473 1908 accidisset,
1513 1860 1700 1907 Prusian,

259 1933 463 1981 Bithyniae
479 1946 627 1982 regem,
640 1932 682 1969 in
697 1932 796 1970 fines
812 1933 925 1981 regni
942 1933 1005 1969 sui
1021 1935 1327 1981 transgressum,
1340 1933 1496 1970 omissis
1505 1932 1700 1970 Romanis

194 2005 240 2042 11
261 2005 380 2043 rebus
397 2008 516 2054 atque
535 2005 712 2042 AEtolico
730 2004 839 2042 bello
858 2004 898 2041 in
917 2003 1058 2042 Asiam
1075 2004 1251 2042 traiecit.
1297 2004 1351 2041 Et
1368 2003 1573 2055 Sulpicius
1584 2004 1698 2054 AEgi-

258 2090 350 2114 nam
375 2077 540 2114 classem
564 2077 727 2126 recepit,
760 2076 866 2113 unde
897 2077 1014 2114 initio
1045 2077 1151 2114 veris
1182 2077 1385 2126 profectus
1417 2079 1514 2115 erat.
1576 2075 1700 2114 Haud

260 2149 410 2186 maiore
445 2150 670 2195 certamine,
702 2161 821 2198 quam
847 2147 1047 2198 Opuntem
1072 2148 1239 2186 Attalus
1271 2151 1448 2198 ceperat,
1479 2147 1700 2198 Philippus

190 2220 240 2259 12
258 2219 443 2259 Toronen
484 2219 600 2270 cepit.
661 2219 901 2258 Incolebant
942 2219 1082 2258 urbem
1127 2234 1210 2258 eam
1252 2220 1413 2271 profugi
1460 2220 1509 2258 ab
1550 2219 1700 2258 Thebis

259 2292 526 2339 Phthioticis3
560 2292 658 2329 urbe
691 2305 761 2329 sua
793 2295 912 2342 capta
942 2306 964 2329 a
994 2293 1186 2342 Philippo
1218 2305 1339 2342 quum
1369 2292 1410 2329 in
1442 2292 1560 2329 fidem
1584 2292 1697 2330 AEto-

259 2364 389 2401 lorum
435 2364 724 2414 perfugissent,
769 2363 901 2401 sedem
948 2364 997 2402 iis
1043 2364 1172 2402 AEtoli
1220 2377 1305 2402 eam
1351 2363 1545 2401 dederant
1587 2363 1698 2401 urbis

191 2435 242 2473 13
259 2439 423 2474 vastatae
462 2449 506 2473 ac
549 2436 715 2473 desertae
746 2436 881 2485 priore
913 2436 1088 2474 eiusdem
1121 2435 1306 2486 Philippi
1337 2435 1454 2474 bello.
1515 2435 1615 2473 Tum
1648 2436 1698 2473 ab

295 2604 325 2647 ¹)
351 2603 481 2639 Livius
506 2604 566 2639 hic
591 2606 628 2638 et
653 2603 750 2638 infra
775 2602 1046 2643 Thronium,
1073 2602 1174 2647 quod
1194 2602 1403 2637 Locrorum
1430 2602 1610 2647 oppidum
1630 2605 1697 2643 est,

351 2660 546 2695 nomina-re
574 2660 712 2695 debuit.
