<?xml version="1.0" encoding="UTF-8"?>
<!DOCTYPE html PUBLIC "-//W3C//DTD XHTML 1.0 Transitional//EN"
    "http://www.w3.org/TR/xhtml1/DTD/xhtml1-transitional.dtd">
<html xmlns="http://www.w3.org/1999/xhtml" xml:lang="en" lang="en">
 <head>
  <title>
</title>
<meta http-equiv="Content-Type" content="text/html;charset=utf-8" />
  <meta name='ocr-system' content='tesseract 3.04.00' />
  <meta name='ocr-capabilities' content='ocr_page ocr_carea ocr_par ocr_line ocrx_word'/>
</head>
<body>
  <div class='ocr_page' id='page_1' title='image "./historiarumroman02livyuoft_0012.png"; bbox 0 0 1768 2943; ppageno 0'>
   <div class='ocr_carea' id='block_1_1' title="bbox 918 109 968 140">
    <p class='ocr_par' dir='ltr' id='par_1_1' title="bbox 918 109 968 140">
     <span class='ocr_line' id='line_1_1' title="bbox 918 109 968 140; baseline 0 0"><span class='ocrx_word' id='word_1_1' title='bbox 918 109 968 140; x_wconf 91' lang='lat' dir='ltr'>VI</span> 
     </span>
    </p>
   </div>
   <div class='ocr_carea' id='block_1_2' title="bbox 234 225 1678 2668">
    <p class='ocr_par' dir='ltr' id='par_1_2' title="bbox 234 225 1678 2668">
     <span class='ocr_line' id='line_1_2' title="bbox 238 225 1653 269; baseline 0.002 -13"><span class='ocrx_word' id='word_1_2' title='bbox 238 231 270 256; x_wconf 76' lang='lat' dir='ltr'><em>et</em></span> <span class='ocrx_word' id='word_1_3' title='bbox 301 227 445 256; x_wconf 81' lang='lat' dir='ltr'><em>debebat</em></span> <span class='ocrx_word' id='word_1_4' title='bbox 469 226 542 257; x_wconf 87' lang='lat' dir='ltr'>seni</span> <span class='ocrx_word' id='word_1_5' title='bbox 567 225 701 268; x_wconf 80' lang='lat' dir='ltr'><em>scribi.)</em></span> <span class='ocrx_word' id='word_1_6' title='bbox 738 226 847 265; x_wconf 91' lang='lat' dir='ltr'>XXX,</span> <span class='ocrx_word' id='word_1_7' title='bbox 880 225 901 259; x_wconf 80' lang='lat'><strong>2</strong></span> <span class='ocrx_word' id='word_1_8' title='bbox 932 226 1060 268; x_wconf 85' lang='lat' dir='ltr'>(terrae,</span> <span class='ocrx_word' id='word_1_9' title='bbox 1093 236 1176 268; x_wconf 89' lang='lat' dir='ltr'>quas</span> <span class='ocrx_word' id='word_1_10' title='bbox 1208 226 1279 257; x_wconf 88' lang='lat' dir='ltr'>Cm.</span> <span class='ocrx_word' id='word_1_11' title='bbox 1306 229 1338 260; x_wconf 86' lang='grc'>2.</span> <span class='ocrx_word' id='word_1_12' title='bbox 1377 228 1410 258; x_wconf 90' lang='lat' dir='ltr'><em>P</em></span> <span class='ocrx_word' id='word_1_13' title='bbox 1432 233 1653 269; x_wconf 83' lang='lat' dir='ltr'>terrasequas,</span> 
     </span>
     <span class='ocr_line' id='line_1_3' title="bbox 237 284 1651 327; baseline 0.001 -13"><span class='ocrx_word' id='word_1_14' title='bbox 237 285 351 314; x_wconf 85' lang='lat' dir='ltr'><em>Drak.</em></span> <span class='ocrx_word' id='word_1_15' title='bbox 379 291 474 315; x_wconf 88' lang='lat' dir='ltr'>terrae</span> <span class='ocrx_word' id='word_1_16' title='bbox 501 295 549 315; x_wconf 88' lang='lat' dir='ltr'>eae</span> <span class='ocrx_word' id='word_1_17' title='bbox 575 284 671 327; x_wconf 91' lang='lat' dir='ltr'>quas)</span> <span class='ocrx_word' id='word_1_18' title='bbox 700 284 719 317; x_wconf 83' lang='lat'>7</span> <span class='ocrx_word' id='word_1_19' title='bbox 744 284 896 326; x_wconf 89' lang='lat' dir='ltr'>(pervias</span> <span class='ocrx_word' id='word_1_20' title='bbox 922 286 1036 316; x_wconf 88' lang='lat' dir='ltr'>fauces</span> <span class='ocrx_word' id='word_1_21' title='bbox 1063 295 1137 316; x_wconf 89' lang='lat' dir='ltr'>esse</span> <span class='ocrx_word' id='word_1_22' title='bbox 1156 285 1294 316; x_wconf 85' lang='lat' dir='ltr'><em>Heerw.</em></span> <span class='ocrx_word' id='word_1_23' title='bbox 1322 289 1356 315; x_wconf 86' lang='lat' dir='ltr'><em>et</em></span> <span class='ocrx_word' id='word_1_24' title='bbox 1372 284 1520 316; x_wconf 77' lang='lat' dir='ltr'><em>Forchh.</em></span> <span class='ocrx_word' id='word_1_25' title='bbox 1545 284 1651 316; x_wconf 87' lang='lat' dir='ltr'><em>Codd.</em></span> 
     </span>
     <span class='ocr_line' id='line_1_4' title="bbox 236 341 1653 386; baseline 0.001 -13"><span class='ocrx_word' id='word_1_26' title='bbox 236 343 368 382; x_wconf 86' lang='lat' dir='ltr'>pervias</span> <span class='ocrx_word' id='word_1_27' title='bbox 393 343 509 384; x_wconf 81' lang='lat' dir='ltr'>paucis</span> <span class='ocrx_word' id='word_1_28' title='bbox 536 353 609 373; x_wconf 86' lang='lat' dir='ltr'>esse</span> <span class='ocrx_word' id='word_1_29' title='bbox 637 343 853 375; x_wconf 85' lang='lat' dir='ltr'>exercitibus.</span> <span class='ocrx_word' id='word_1_30' title='bbox 881 345 995 375; x_wconf 82' lang='lat' dir='ltr'><em>Drak.</em></span> <span class='ocrx_word' id='word_1_31' title='bbox 1020 354 1113 385; x_wconf 90' lang='lat' dir='ltr'><strong>perv.</strong></span> <span class='ocrx_word' id='word_1_32' title='bbox 1133 343 1250 384; x_wconf 88' lang='lat' dir='ltr'>paucis</span> <span class='ocrx_word' id='word_1_33' title='bbox 1269 353 1353 381; x_wconf 86' lang='lat' dir='ltr'>esse,</span> <span class='ocrx_word' id='word_1_34' title='bbox 1380 353 1490 374; x_wconf 80' lang='lat' dir='ltr'>exerc.</span> <span class='ocrx_word' id='word_1_35' title='bbox 1510 343 1618 374; x_wconf 88' lang='lat' dir='ltr'>invias</span> <span class='ocrx_word' id='word_1_36' title='bbox 1628 341 1653 386; x_wconf 69' lang='grc' dir='ltr'>Ρ)</span> 
     </span>
     <span class='ocr_line' id='line_1_5' title="bbox 237 399 1653 443; baseline 0 -12"><span class='ocrx_word' id='word_1_37' title='bbox 237 401 363 439; x_wconf 78' lang='lat' dir='ltr'>XXXI,</span> <span class='ocrx_word' id='word_1_38' title='bbox 390 400 411 434; x_wconf 88' lang='grc'>4</span> <span class='ocrx_word' id='word_1_39' title='bbox 439 400 506 443; x_wconf 86' lang='lat' dir='ltr'>(Ibi</span> <span class='ocrx_word' id='word_1_40' title='bbox 532 402 625 432; x_wconf 74' lang='lat' dir='ltr'>Isara</span> <span class='ocrx_word' id='word_1_41' title='bbox 656 401 754 432; x_wconf 82' lang='lat' dir='ltr'><em>Cluv.</em></span> <span class='ocrx_word' id='word_1_42' title='bbox 781 402 825 432; x_wconf 95' lang='lat' dir='ltr'><em>M</em></span> <span class='ocrx_word' id='word_1_43' title='bbox 847 402 1007 440; x_wconf 72' lang='lat' dir='ltr'>ibisarar,</span> <span class='ocrx_word' id='word_1_44' title='bbox 1040 401 1075 439; x_wconf 90' lang='lat' dir='ltr'>C,</span> <span class='ocrx_word' id='word_1_45' title='bbox 1102 403 1216 432; x_wconf 85' lang='lat' dir='ltr'><em>Drak.</em></span> <span class='ocrx_word' id='word_1_46' title='bbox 1244 402 1297 433; x_wconf 89' lang='lat' dir='ltr'>Ibi</span> <span class='ocrx_word' id='word_1_47' title='bbox 1314 399 1417 443; x_wconf 87' lang='lat' dir='ltr'>Arar)</span> <span class='ocrx_word' id='word_1_48' title='bbox 1444 400 1486 434; x_wconf 95' lang='grc'>11</span> <span class='ocrx_word' id='word_1_49' title='bbox 1514 399 1653 443; x_wconf 83' lang='lat' dir='ltr'><em>(Admo-</em></span> 
     </span>
     <span class='ocr_line' id='line_1_6' title="bbox 237 460 1653 503; baseline 0 -13"><span class='ocrx_word' id='word_1_50' title='bbox 237 461 318 490; x_wconf 84' lang='lat' dir='ltr'>dum</span> <span class='ocrx_word' id='word_1_51' title='bbox 344 461 432 490; x_wconf 87' lang='lat' dir='ltr'><em>dure</em></span> <span class='ocrx_word' id='word_1_52' title='bbox 457 461 695 500; x_wconf 76' lang='lat' dir='ltr'><em>interponitur</em></span> <span class='ocrx_word' id='word_1_53' title='bbox 717 461 950 500; x_wconf 78' lang='lat' dir='ltr'><em>parenthesis.</em></span> <span class='ocrx_word' id='word_1_54' title='bbox 987 461 1229 503; x_wconf 87' lang='lat' dir='ltr'><em>Woelfflinus:</em></span> <span class='ocrx_word' id='word_1_55' title='bbox 1254 470 1429 501; x_wconf 89' lang='lat' dir='ltr'>novosque</span> <span class='ocrx_word' id='word_1_56' title='bbox 1448 460 1558 500; x_wconf 88' lang='lat' dir='ltr'>gignit</span> <span class='ocrx_word' id='word_1_57' title='bbox 1575 469 1653 500; x_wconf 87' lang='lat' dir='ltr'>gur-</span> 
     </span>
     <span class='ocr_line' id='line_1_7' title="bbox 236 517 1654 561; baseline 0.001 -13"><span class='ocrx_word' id='word_1_58' title='bbox 236 518 333 558; x_wconf 60' lang='lat' dir='ltr'>gites</span> <span class='ocrx_word' id='word_1_59' title='bbox 368 524 400 549; x_wconf 86' lang='lat' dir='ltr'>et</span> <span class='ocrx_word' id='word_1_60' title='bbox 431 519 476 550; x_wconf 93' lang='lat' dir='ltr'>ob</span> <span class='ocrx_word' id='word_1_61' title='bbox 505 542 579 556; x_wconf 89' lang='lat'><em>...‚</em></span> <span class='ocrx_word' id='word_1_62' title='bbox 606 518 788 558; x_wconf 79' lang='lat' dir='ltr'><em>probabili</em></span> <span class='ocrx_word' id='word_1_63' title='bbox 817 520 990 550; x_wconf 82' lang='lat' dir='ltr'><em>orationis</em></span> <span class='ocrx_word' id='word_1_64' title='bbox 1013 518 1170 561; x_wconf 85' lang='lat' dir='ltr'><em>forma.)</em></span> <span class='ocrx_word' id='word_1_65' title='bbox 1222 519 1365 557; x_wconf 87' lang='grc' dir='ltr'>ΧΧΧΙΙ,</span> <span class='ocrx_word' id='word_1_66' title='bbox 1399 517 1420 551; x_wconf 80' lang='grc'><em>2</em></span> <span class='ocrx_word' id='word_1_67' title='bbox 1454 528 1654 559; x_wconf 88' lang='lat' dir='ltr'>progressos</span> 
     </span>
     <span class='ocr_line' id='line_1_8' title="bbox 236 575 1654 620; baseline 0 -13"><span class='ocrx_word' id='word_1_68' title='bbox 236 575 377 619; x_wconf 73' lang='lat' dir='ltr'>(Grofz.)</span> <span class='ocrx_word' id='word_1_69' title='bbox 412 576 455 609; x_wconf 72' lang='lat'>12</span> <span class='ocrx_word' id='word_1_70' title='bbox 488 578 669 618; x_wconf 84' lang='lat' dir='ltr'>degressos</span> <span class='ocrx_word' id='word_1_71' title='bbox 701 576 827 618; x_wconf 81' lang='lat' dir='ltr'><em>(Codd.</em></span> <span class='ocrx_word' id='word_1_72' title='bbox 867 577 902 615; x_wconf 92' lang='lat' dir='ltr'>C,</span> <span class='ocrx_word' id='word_1_73' title='bbox 936 578 987 615; x_wconf 93' lang='lat' dir='ltr'>M,</span> <span class='ocrx_word' id='word_1_74' title='bbox 1021 578 1099 620; x_wconf 81' lang='lat' dir='ltr'><em>alii)</em></span> <span class='ocrx_word' id='word_1_75' title='bbox 1138 577 1300 615; x_wconf 88' lang='lat' dir='ltr'>XXXIII,</span> <span class='ocrx_word' id='word_1_76' title='bbox 1332 577 1353 610; x_wconf 88' lang='grc'>4</span> <span class='ocrx_word' id='word_1_77' title='bbox 1387 577 1531 608; x_wconf 89' lang='lat' dir='ltr'>diversis</span> <span class='ocrx_word' id='word_1_78' title='bbox 1564 577 1654 618; x_wconf 90' lang='lat' dir='ltr'>rupi-</span> 
     </span>
     <span class='ocr_line' id='line_1_9' title="bbox 237 634 1653 678; baseline 0.001 -13"><span class='ocrx_word' id='word_1_79' title='bbox 237 635 298 665; x_wconf 84' lang='lat' dir='ltr'>bus</span> <span class='ocrx_word' id='word_1_80' title='bbox 331 635 422 666; x_wconf 86' lang='lat' dir='ltr'>iuxta</span> <span class='ocrx_word' id='word_1_81' title='bbox 454 636 487 666; x_wconf 87' lang='lat' dir='ltr'>in</span> <span class='ocrx_word' id='word_1_82' title='bbox 521 636 592 666; x_wconf 89' lang='lat' dir='ltr'>vias</span> <span class='ocrx_word' id='word_1_83' title='bbox 618 647 635 666; x_wconf 86' lang='lat' dir='ltr'><em>e</em></span> <span class='ocrx_word' id='word_1_84' title='bbox 661 636 746 666; x_wconf 83' lang='lat' dir='ltr'><em>coni.</em></span> <span class='ocrx_word' id='word_1_85' title='bbox 782 635 933 678; x_wconf 84' lang='lat' dir='ltr'><em>Woelffl.</em></span> <span class='ocrx_word' id='word_1_86' title='bbox 962 634 1053 677; x_wconf 78' lang='lat' dir='ltr'><em>(Mg.</em></span> <span class='ocrx_word' id='word_1_87' title='bbox 1083 639 1185 674; x_wconf 82' lang='lat'>1880,</span> <span class='ocrx_word' id='word_1_88' title='bbox 1213 636 1344 666; x_wconf 86' lang='lat' dir='ltr'><em>additis</em></span> <span class='ocrx_word' id='word_1_89' title='bbox 1369 637 1418 666; x_wconf 90' lang='lat' dir='ltr'>ad</span> <span class='ocrx_word' id='word_1_90' title='bbox 1441 635 1653 675; x_wconf 83' lang='lat' dir='ltr'><em>scripturam</em></span> 
     </span>
     <span class='ocr_line' id='line_1_10' title="bbox 237 693 1653 735; baseline 0.001 -12"><span class='ocrx_word' id='word_1_91' title='bbox 237 695 332 724; x_wconf 63' lang='lat' dir='ltr'><em>codd.</em></span> <span class='ocrx_word' id='word_1_92' title='bbox 367 695 503 725; x_wconf 86' lang='lat' dir='ltr'><em>duabus</em></span> <span class='ocrx_word' id='word_1_93' title='bbox 537 694 665 725; x_wconf 85' lang='lat' dir='ltr'><em>litteris</em></span> <span class='ocrx_word' id='word_1_94' title='bbox 696 693 740 724; x_wconf 90' lang='lat' dir='ltr'>di.</span> <span class='ocrx_word' id='word_1_95' title='bbox 794 694 1027 735; x_wconf 79' lang='lat' dir='ltr'><em>Significatur</em></span> <span class='ocrx_word' id='word_1_96' title='bbox 1059 695 1186 725; x_wconf 79' lang='lat' dir='ltr'>milites</span> <span class='ocrx_word' id='word_1_97' title='bbox 1213 699 1282 734; x_wconf 84' lang='lat' dir='ltr'>per</span> <span class='ocrx_word' id='word_1_98' title='bbox 1307 695 1380 724; x_wconf 86' lang='lat' dir='ltr'><em>loca</em></span> <span class='ocrx_word' id='word_1_99' title='bbox 1406 695 1446 724; x_wconf 85' lang='lat' dir='ltr'>ob</span> <span class='ocrx_word' id='word_1_100' title='bbox 1472 698 1579 734; x_wconf 85' lang='lat' dir='ltr'><em>rupes</em></span> <span class='ocrx_word' id='word_1_101' title='bbox 1603 695 1653 724; x_wconf 82' lang='lat' dir='ltr'>di-</span> 
     </span>
     <span class='ocr_line' id='line_1_11' title="bbox 236 752 1652 794; baseline 0.001 -12"><span class='ocrx_word' id='word_1_102' title='bbox 236 763 358 783; x_wconf 71' lang='lat' dir='ltr'><em>versas</em></span> <span class='ocrx_word' id='word_1_103' title='bbox 383 763 451 783; x_wconf 88' lang='lat' dir='ltr'>non</span> <span class='ocrx_word' id='word_1_104' title='bbox 478 753 593 784; x_wconf 85' lang='lat' dir='ltr'><em>minus</em></span> <span class='ocrx_word' id='word_1_105' title='bbox 617 753 715 783; x_wconf 83' lang='lat' dir='ltr'><em>invia</em></span> <span class='ocrx_word' id='word_1_106' title='bbox 742 763 846 794; x_wconf 88' lang='lat' dir='ltr'>quam</span> <span class='ocrx_word' id='word_1_107' title='bbox 872 753 974 783; x_wconf 84' lang='lat' dir='ltr'><em>devia</em></span> <span class='ocrx_word' id='word_1_108' title='bbox 1000 754 1206 790; x_wconf 79' lang='lat' dir='ltr'>decurrisse,</span> <span class='ocrx_word' id='word_1_109' title='bbox 1233 752 1356 783; x_wconf 86' lang='lat' dir='ltr'><em>ordine</em></span> <span class='ocrx_word' id='word_1_110' title='bbox 1373 754 1559 783; x_wconf 79' lang='lat' dir='ltr'><em>verborum</em></span> <span class='ocrx_word' id='word_1_111' title='bbox 1577 763 1652 783; x_wconf 87' lang='lat' dir='ltr'>con·</span> 
     </span>
     <span class='ocr_line' id='line_1_12' title="bbox 237 811 1656 852; baseline 0 -12"><span class='ocrx_word' id='word_1_112' title='bbox 237 815 337 848; x_wconf 81' lang='lat' dir='ltr'><em>torto,</em></span> <span class='ocrx_word' id='word_1_113' title='bbox 369 812 431 842; x_wconf 87' lang='lat' dir='ltr'>sed</span> <span class='ocrx_word' id='word_1_114' title='bbox 460 812 611 842; x_wconf 85' lang='lat' dir='ltr'><em>Liviano</em></span> <span class='ocrx_word' id='word_1_115' title='bbox 644 816 678 842; x_wconf 89' lang='lat' dir='ltr'><em>et</em></span> <span class='ocrx_word' id='word_1_116' title='bbox 708 823 729 842; x_wconf 92' lang='lat' dir='ltr'>a</span> <span class='ocrx_word' id='word_1_117' title='bbox 761 822 828 852; x_wconf 85' lang='lat' dir='ltr'>quo</span> <span class='ocrx_word' id='word_1_118' title='bbox 859 822 902 842; x_wconf 90' lang='lat' dir='ltr'><em>ne</em></span> <span class='ocrx_word' id='word_1_119' title='bbox 928 813 996 842; x_wconf 86' lang='lat' dir='ltr'><em>alii</em></span> <span class='ocrx_word' id='word_1_120' title='bbox 1019 813 1158 852; x_wconf 86' lang='lat' dir='ltr'><em>quidem</em></span> <span class='ocrx_word' id='word_1_121' title='bbox 1186 811 1372 851; x_wconf 66' lang='lat' dir='ltr'><em>scripwres</em></span> <span class='ocrx_word' id='word_1_122' title='bbox 1397 811 1656 846; x_wconf 87' lang='lat' dir='ltr'><em>abstinuerint,-</em></span> 
     </span>
     <span class='ocr_line' id='line_1_13' title="bbox 236 868 1678 911; baseline 0.001 -12"><span class='ocrx_word' id='word_1_123' title='bbox 236 879 267 899; x_wconf 75' lang='lat' dir='ltr'>v.</span> <span class='ocrx_word' id='word_1_124' title='bbox 294 870 382 900; x_wconf 81' lang='lat' dir='ltr'><em>Adv.</em></span> <span class='ocrx_word' id='word_1_125' title='bbox 416 869 502 900; x_wconf 84' lang='lat' dir='ltr'><em>Crit.</em></span> <span class='ocrx_word' id='word_1_126' title='bbox 530 871 573 901; x_wconf 89' lang='lat' dir='ltr'>Il</span> <span class='ocrx_word' id='word_1_127' title='bbox 601 875 636 910; x_wconf 79' lang='lat' dir='ltr'>p.</span> <span class='ocrx_word' id='word_1_128' title='bbox 663 873 754 905; x_wconf 77' lang='lat'><strong><em>514,·</em></strong></span> <span class='ocrx_word' id='word_1_129' title='bbox 791 871 871 900; x_wconf 88' lang='lat' dir='ltr'><em>add.</em></span> <span class='ocrx_word' id='word_1_130' title='bbox 898 870 976 900; x_wconf 77' lang='lat' dir='ltr'><em>Lz&#39;v.</em></span> <span class='ocrx_word' id='word_1_131' title='bbox 1004 870 1080 908; x_wconf 89' lang='lat' dir='ltr'>XL,</span> <span class='ocrx_word' id='word_1_132' title='bbox 1114 873 1146 907; x_wconf 87' lang='lat'>9,</span> <span class='ocrx_word' id='word_1_133' title='bbox 1181 873 1225 903; x_wconf 86' lang='grc'>12</span> <span class='ocrx_word' id='word_1_134' title='bbox 1251 873 1285 899; x_wconf 84' lang='lat' dir='ltr'><em>et</em></span> <span class='ocrx_word' id='word_1_135' title='bbox 1311 869 1391 900; x_wconf 81' lang='lat' dir='ltr'><em>Sen.</em></span> <span class='ocrx_word' id='word_1_136' title='bbox 1417 870 1459 899; x_wconf 87' lang='lat' dir='ltr'><em>de</em></span> <span class='ocrx_word' id='word_1_137' title='bbox 1491 868 1595 900; x_wconf 85' lang='lat' dir='ltr'><em>Clem.</em></span> <span class='ocrx_word' id='word_1_138' title='bbox 1622 870 1652 907; x_wconf 86' lang='lat' dir='ltr'>J,</span> <span class='ocrx_word' id='word_1_139' title='bbox 1676 909 1678 911; x_wconf 66' lang='lat'>‚</span> 
     </span>
     <span class='ocr_line' id='line_1_14' title="bbox 238 915 1655 970; baseline -0.002 -10"><span class='ocrx_word' id='word_1_140' title='bbox 238 930 291 964; x_wconf 77' lang='lat'>18,</span> <span class='ocrx_word' id='word_1_141' title='bbox 319 930 350 960; x_wconf 76' lang='lat'>3.</span> <span class='ocrx_word' id='word_1_142' title='bbox 411 915 480 959; x_wconf 66' lang='lat' dir='ltr'>Via}</span> <span class='ocrx_word' id='word_1_143' title='bbox 513 940 624 970; x_wconf 85' lang='lat' dir='ltr'><em>neque</em></span> <span class='ocrx_word' id='word_1_144' title='bbox 648 929 730 959; x_wconf 80' lang='lat' dir='ltr'><em>ulloe</em></span> <span class='ocrx_word' id='word_1_145' title='bbox 755 929 791 959; x_wconf 83' lang='lat' dir='ltr'><em>in</em></span> <span class='ocrx_word' id='word_1_146' title='bbox 816 929 960 959; x_wconf 88' lang='lat' dir='ltr'><em>summis</em></span> <span class='ocrx_word' id='word_1_147' title='bbox 985 928 1129 968; x_wconf 76' lang='lat' dir='ltr'><em>Alpium</em></span> <span class='ocrx_word' id='word_1_148' title='bbox 1157 928 1391 958; x_wconf 83' lang='lat' dir='ltr'><em>cacuminibus</em></span> <span class='ocrx_word' id='word_1_149' title='bbox 1417 931 1522 958; x_wconf 85' lang='lat' dir='ltr'><em>erant</em></span> <span class='ocrx_word' id='word_1_150' title='bbox 1545 938 1655 969; x_wconf 85' lang='lat' dir='ltr'><em>neque</em></span> 
     </span>
     <span class='ocr_line' id='line_1_15' title="bbox 236 985 1654 1029; baseline 0.001 -14"><span class='ocrx_word' id='word_1_151' title='bbox 236 987 298 1016; x_wconf 68' lang='lat' dir='ltr'>7¹2⁷oe</span> <span class='ocrx_word' id='word_1_152' title='bbox 336 989 370 1016; x_wconf 80' lang='lat' dir='ltr'><em>et</em></span> <span class='ocrx_word' id='word_1_153' title='bbox 405 988 506 1017; x_wconf 84' lang='lat' dir='ltr'><em>devia</em></span> <span class='ocrx_word' id='word_1_154' title='bbox 538 991 630 1018; x_wconf 87' lang='lat' dir='ltr'><em>recte</em></span> <span class='ocrx_word' id='word_1_155' title='bbox 661 988 842 1018; x_wconf 85' lang='lat' dir='ltr'>contraria</span> <span class='ocrx_word' id='word_1_156' title='bbox 872 985 1085 1029; x_wconf 75' lang='lat' dir='ltr'>ponuntur.)</span> <span class='ocrx_word' id='word_1_157' title='bbox 1137 987 1158 1019; x_wconf 78' lang='grc'>5</span> <span class='ocrx_word' id='word_1_158' title='bbox 1189 985 1333 1028; x_wconf 85' lang='lat' dir='ltr'>(primus</span> <span class='ocrx_word' id='word_1_159' title='bbox 1373 986 1495 1026; x_wconf 78' lang='lat' dir='ltr'><em>Unger</em></span> <span class='ocrx_word' id='word_1_160' title='bbox 1526 986 1654 1016; x_wconf 77' lang='lat' dir='ltr'><em>Philol.</em></span> 
     </span>
     <span class='ocr_line' id='line_1_16' title="bbox 236 1044 1653 1087; baseline -0.001 -12"><span class='ocrx_word' id='word_1_161' title='bbox 236 1045 387 1075; x_wconf 86' lang='lat' dir='ltr'>XXXV</span> <span class='ocrx_word' id='word_1_162' title='bbox 409 1050 445 1085; x_wconf 83' lang='lat' dir='ltr'>p.</span> <span class='ocrx_word' id='word_1_163' title='bbox 480 1049 557 1080; x_wconf 88' lang='lat'><em>567.</em></span> <span class='ocrx_word' id='word_1_164' title='bbox 603 1045 720 1083; x_wconf 84' lang='lat' dir='ltr'>Codd.,</span> <span class='ocrx_word' id='word_1_165' title='bbox 753 1047 868 1076; x_wconf 85' lang='lat' dir='ltr'>Drak.</span> <span class='ocrx_word' id='word_1_166' title='bbox 901 1044 1010 1087; x_wconf 83' lang='lat' dir='ltr'>prius)</span> <span class='ocrx_word' id='word_1_167' title='bbox 1043 1045 1085 1077; x_wconf 88' lang='lat'>11</span> <span class='ocrx_word' id='word_1_168' title='bbox 1120 1044 1271 1087; x_wconf 87' lang='lat' dir='ltr'>(captivo</span> <span class='ocrx_word' id='word_1_169' title='bbox 1303 1044 1381 1075; x_wconf 91' lang='lat' dir='ltr'>cibo</span> <span class='ocrx_word' id='word_1_170' title='bbox 1414 1054 1453 1074; x_wconf 91' lang='lat' dir='ltr'>ac</span> <span class='ocrx_word' id='word_1_171' title='bbox 1480 1044 1653 1085; x_wconf 72' lang='lat' dir='ltr'><em>Heusing.</em></span> 
     </span>
     <span class='ocr_line' id='line_1_17' title="bbox 241 1101 1653 1145; baseline -0.001 -11"><span class='ocrx_word' id='word_1_172' title='bbox 241 1103 346 1134; x_wconf 79' lang='lat' dir='ltr'><em>codd.</em></span> <span class='ocrx_word' id='word_1_173' title='bbox 375 1104 510 1145; x_wconf 88' lang='lat' dir='ltr'>captivo</span> <span class='ocrx_word' id='word_1_174' title='bbox 535 1115 584 1136; x_wconf 88' lang='lat' dir='ltr'>ac.</span> <span class='ocrx_word' id='word_1_175' title='bbox 612 1106 726 1136; x_wconf 83' lang='lat' dir='ltr'><em>Drak.</em></span> <span class='ocrx_word' id='word_1_176' title='bbox 755 1105 967 1145; x_wconf 81' lang='lat' dir='ltr'>captivorum</span> <span class='ocrx_word' id='word_1_177' title='bbox 993 1102 1190 1145; x_wconf 85' lang='lat' dir='ltr'>pecoribus)</span> <span class='ocrx_word' id='word_1_178' title='bbox 1227 1105 1230 1145; x_wconf 53' lang='lat' dir='ltr'><strong>f</strong></span> <span class='ocrx_word' id='word_1_179' title='bbox 1267 1101 1299 1145; x_wconf 92' lang='lat' dir='ltr'>(a</span> <span class='ocrx_word' id='word_1_180' title='bbox 1325 1103 1495 1133; x_wconf 89' lang='lat' dir='ltr'>montanis</span> <span class='ocrx_word' id='word_1_181' title='bbox 1523 1103 1653 1133; x_wconf 85' lang='lat' dir='ltr'><em>Bauer.</em></span> 
     </span>
     <span class='ocr_line' id='line_1_18' title="bbox 241 1159 1654 1205; baseline 0 -13"><span class='ocrx_word' id='word_1_182' title='bbox 241 1161 358 1200; x_wconf 82' lang='lat' dir='ltr'>Codd.,</span> <span class='ocrx_word' id='word_1_183' title='bbox 385 1164 499 1194; x_wconf 87' lang='lat' dir='ltr'><em>Drak.</em></span> <span class='ocrx_word' id='word_1_184' title='bbox 522 1164 805 1204; x_wconf 76' lang='lat' dir='ltr'><em>proepositionem</em></span> <span class='ocrx_word' id='word_1_185' title='bbox 831 1161 912 1205; x_wconf 87' lang='lat' dir='ltr'><em>om.)</em></span> <span class='ocrx_word' id='word_1_186' title='bbox 962 1163 1121 1200; x_wconf 85' lang='lat' dir='ltr'>XXXIV,</span> <span class='ocrx_word' id='word_1_187' title='bbox 1147 1162 1168 1195; x_wconf 90' lang='lat'>4</span> <span class='ocrx_word' id='word_1_188' title='bbox 1195 1173 1258 1193; x_wconf 89' lang='lat' dir='ltr'>nec</span> <span class='ocrx_word' id='word_1_189' title='bbox 1285 1161 1517 1202; x_wconf 88' lang='lat' dir='ltr'>aspernandos</span> <span class='ocrx_word' id='word_1_190' title='bbox 1535 1159 1592 1203; x_wconf 89' lang='lat' dir='ltr'>(C.</span> <span class='ocrx_word' id='word_1_191' title='bbox 1611 1162 1654 1192; x_wconf 94' lang='lat' dir='ltr'><em>M</em></span> 
     </span>
     <span class='ocr_line' id='line_1_19' title="bbox 236 1219 1653 1262; baseline 0.002 -12"><span class='ocrx_word' id='word_1_192' title='bbox 236 1222 451 1261; x_wconf 83' lang='lat' dir='ltr'>asperandos.</span> <span class='ocrx_word' id='word_1_193' title='bbox 503 1223 559 1253; x_wconf 91' lang='lat' dir='ltr'><em>De</em></span> <span class='ocrx_word' id='word_1_194' title='bbox 589 1223 706 1253; x_wconf 78' lang='lat' dir='ltr'><em>verbis</em></span> <span class='ocrx_word' id='word_1_195' title='bbox 737 1224 865 1252; x_wconf 82' lang='lat' dir='ltr'><em>rectius</em></span> <span class='ocrx_word' id='word_1_196' title='bbox 900 1223 1131 1262; x_wconf 76' lang='lat' dir='ltr'><em>interpunctis</em></span> <span class='ocrx_word' id='word_1_197' title='bbox 1156 1233 1187 1252; x_wconf 68' lang='lat' dir='ltr'>v.</span> <span class='ocrx_word' id='word_1_198' title='bbox 1214 1222 1293 1252; x_wconf 90' lang='lat' dir='ltr'>Em.</span> <span class='ocrx_word' id='word_1_199' title='bbox 1321 1219 1418 1261; x_wconf 80' lang='lat'><em>267.)</em></span> <span class='ocrx_word' id='word_1_200' title='bbox 1466 1219 1488 1253; x_wconf 82' lang='lat'>5</span> <span class='ocrx_word' id='word_1_201' title='bbox 1514 1220 1653 1250; x_wconf 84' lang='lat' dir='ltr'>Circum-</span> 
     </span>
     <span class='ocr_line' id='line_1_20' title="bbox 237 1278 1653 1323; baseline -0.001 -14"><span class='ocrx_word' id='word_1_202' title='bbox 237 1285 395 1319; x_wconf 83' lang='lat' dir='ltr'>spectans</span> <span class='ocrx_word' id='word_1_203' title='bbox 420 1281 533 1311; x_wconf 90' lang='lat' dir='ltr'>omnia</span> <span class='ocrx_word' id='word_1_204' title='bbox 558 1280 789 1321; x_wconf 88' lang='lat' dir='ltr'>sollicitusque</span> <span class='ocrx_word' id='word_1_205' title='bbox 817 1292 834 1311; x_wconf 86' lang='lat' dir='ltr'><em>e</em></span> <span class='ocrx_word' id='word_1_206' title='bbox 859 1281 942 1314; x_wconf 85' lang='lat' dir='ltr'><em>coni.</em></span> <span class='ocrx_word' id='word_1_207' title='bbox 978 1281 1129 1323; x_wconf 63' lang='lat' dir='ltr'><em>Woeiffl.</em></span> <span class='ocrx_word' id='word_1_208' title='bbox 1163 1279 1270 1321; x_wconf 87' lang='lat' dir='ltr'><em>(Edd.</em></span> <span class='ocrx_word' id='word_1_209' title='bbox 1289 1283 1369 1310; x_wconf 80' lang='lat' dir='ltr'><em>vett.</em></span> <span class='ocrx_word' id='word_1_210' title='bbox 1395 1278 1510 1316; x_wconf 87' lang='lat' dir='ltr'><em>Codd.,</em></span> <span class='ocrx_word' id='word_1_211' title='bbox 1538 1279 1653 1309; x_wconf 85' lang='lat' dir='ltr'><em>Drak.</em></span> 
     </span>
     <span class='ocr_line' id='line_1_21' title="bbox 236 1336 1652 1380; baseline 0 -12"><span class='ocrx_word' id='word_1_212' title='bbox 236 1338 524 1379; x_wconf 84' lang='lat' dir='ltr'>circumspectans</span> <span class='ocrx_word' id='word_1_213' title='bbox 550 1339 780 1380; x_wconf 87' lang='lat' dir='ltr'>sollicitusque</span> <span class='ocrx_word' id='word_1_214' title='bbox 807 1338 946 1380; x_wconf 85' lang='lat' dir='ltr'>omnia.)</span> <span class='ocrx_word' id='word_1_215' title='bbox 995 1339 1016 1372; x_wconf 84' lang='lat'>9</span> <span class='ocrx_word' id='word_1_216' title='bbox 1042 1338 1246 1380; x_wconf 85' lang='lat' dir='ltr'>(interrupto</span> <span class='ocrx_word' id='word_1_217' title='bbox 1269 1340 1369 1369; x_wconf 86' lang='lat' dir='ltr'><em>Glar.</em></span> <span class='ocrx_word' id='word_1_218' title='bbox 1395 1336 1500 1368; x_wconf 83' lang='lat' dir='ltr'><em>Codd.</em></span> <span class='ocrx_word' id='word_1_219' title='bbox 1520 1341 1652 1377; x_wconf 86' lang='lat' dir='ltr'>erupto,</span> 
     </span>
     <span class='ocr_line' id='line_1_22' title="bbox 234 1396 1652 1438; baseline -0.001 -11"><span class='ocrx_word' id='word_1_220' title='bbox 234 1398 279 1427; x_wconf 82' lang='lat' dir='ltr'><em>M</em></span> <span class='ocrx_word' id='word_1_221' title='bbox 301 1407 318 1428; x_wconf 90' lang='lat' dir='ltr'><em>e</em></span> <span class='ocrx_word' id='word_1_222' title='bbox 344 1403 451 1438; x_wconf 88' lang='lat' dir='ltr'>rapto,</span> <span class='ocrx_word' id='word_1_223' title='bbox 487 1408 591 1428; x_wconf 88' lang='lat' dir='ltr'><em>erasa</em></span> <span class='ocrx_word' id='word_1_224' title='bbox 625 1398 745 1428; x_wconf 83' lang='lat' dir='ltr'><em>littera</em></span> <span class='ocrx_word' id='word_1_225' title='bbox 771 1402 853 1428; x_wconf 86' lang='lat' dir='ltr'><em>ante</em></span> <span class='ocrx_word' id='word_1_226' title='bbox 880 1409 897 1428; x_wconf 86' lang='lat' dir='ltr'><em>e</em></span> <span class='ocrx_word' id='word_1_227' title='bbox 925 1402 958 1428; x_wconf 86' lang='lat' dir='ltr'><em>et</em></span> <span class='ocrx_word' id='word_1_228' title='bbox 977 1402 1061 1438; x_wconf 85' lang='lat' dir='ltr'>post</span> <span class='ocrx_word' id='word_1_229' title='bbox 1085 1398 1129 1428; x_wconf 85' lang='lat' dir='ltr'><em>id.</em></span> <span class='ocrx_word' id='word_1_230' title='bbox 1153 1399 1267 1428; x_wconf 84' lang='lat' dir='ltr'><em>Drak.</em></span> <span class='ocrx_word' id='word_1_231' title='bbox 1295 1397 1472 1438; x_wconf 76' lang='lat' dir='ltr'>perrupto)</span> <span class='ocrx_word' id='word_1_232' title='bbox 1510 1396 1652 1433; x_wconf 90' lang='lat' dir='ltr'>XXXV,</span> 
     </span>
     <span class='ocr_line' id='line_1_23' title="bbox 234 1454 1652 1499; baseline -0.002 -11"><span class='ocrx_word' id='word_1_233' title='bbox 234 1454 255 1488; x_wconf 83' lang='lat'>3</span> <span class='ocrx_word' id='word_1_234' title='bbox 282 1455 476 1496; x_wconf 84' lang='lat' dir='ltr'>praecipites</span> <span class='ocrx_word' id='word_1_235' title='bbox 501 1456 572 1487; x_wconf 85' lang='lat' dir='ltr'>vias</span> <span class='ocrx_word' id='word_1_236' title='bbox 599 1454 736 1499; x_wconf 83' lang='lat' dir='ltr'><em>(Crev.)</em></span> <span class='ocrx_word' id='word_1_237' title='bbox 761 1457 782 1489; x_wconf 87' lang='lat'>9</span> <span class='ocrx_word' id='word_1_238' title='bbox 807 1456 880 1497; x_wconf 78' lang='lat' dir='ltr'>(De</span> <span class='ocrx_word' id='word_1_239' title='bbox 906 1456 1077 1487; x_wconf 87' lang='lat' dir='ltr'><em>orationis</em></span> <span class='ocrx_word' id='word_1_240' title='bbox 1093 1457 1223 1498; x_wconf 88' lang='lat' dir='ltr'>forma</span> <span class='ocrx_word' id='word_1_241' title='bbox 1251 1457 1287 1486; x_wconf 88' lang='lat' dir='ltr'><em>in</em></span> <span class='ocrx_word' id='word_1_242' title='bbox 1313 1457 1386 1486; x_wconf 84' lang='lat' dir='ltr'><em>lzis:</em></span> <span class='ocrx_word' id='word_1_243' title='bbox 1413 1460 1560 1485; x_wconf 89' lang='lat' dir='ltr'>ostentat</span> <span class='ocrx_word' id='word_1_244' title='bbox 1587 1477 1594 1484; x_wconf 94' lang='lat'><em>.</em></span> <span class='ocrx_word' id='word_1_245' title='bbox 1615 1478 1621 1485; x_wconf 94' lang='lat'><em>.</em></span> <span class='ocrx_word' id='word_1_246' title='bbox 1645 1478 1652 1485; x_wconf 85' lang='lat'><em>.</em></span> 
     </span>
     <span class='ocr_line' id='line_1_24' title="bbox 235 1512 1652 1557; baseline -0.001 -13"><span class='ocrx_word' id='word_1_247' title='bbox 235 1514 430 1555; x_wconf 86' lang='lat' dir='ltr'>moeniaque</span> <span class='ocrx_word' id='word_1_248' title='bbox 461 1525 494 1548; x_wconf 86' lang='lat' dir='ltr'>v.</span> <span class='ocrx_word' id='word_1_249' title='bbox 521 1515 600 1546; x_wconf 91' lang='lat' dir='ltr'>Em.</span> <span class='ocrx_word' id='word_1_250' title='bbox 629 1516 723 1557; x_wconf 77' lang='lat'><em>544.)</em></span> <span class='ocrx_word' id='word_1_251' title='bbox 764 1514 806 1547; x_wconf 77' lang='lat'>12</span> <span class='ocrx_word' id='word_1_252' title='bbox 839 1513 942 1557; x_wconf 85' lang='lat' dir='ltr'>(affixi</span> <span class='ocrx_word' id='word_1_253' title='bbox 965 1519 1048 1555; x_wconf 84' lang='lat' dir='ltr'><em>post</em></span> <span class='ocrx_word' id='word_1_254' title='bbox 1072 1516 1187 1545; x_wconf 85' lang='lat' dir='ltr'><em>Drak.</em></span> <span class='ocrx_word' id='word_1_255' title='bbox 1214 1515 1290 1555; x_wconf 74' lang='lat' dir='ltr'>Mg.</span> <span class='ocrx_word' id='word_1_256' title='bbox 1318 1514 1396 1544; x_wconf 89' lang='lat' dir='ltr'>Em.</span> <span class='ocrx_word' id='word_1_257' title='bbox 1417 1516 1497 1547; x_wconf 87' lang='grc'><em>268.</em></span> <span class='ocrx_word' id='word_1_258' title='bbox 1536 1512 1652 1551; x_wconf 86' lang='lat' dir='ltr'><em>Codd.,</em></span> 
     </span>
     <span class='ocr_line' id='line_1_25' title="bbox 235 1571 1651 1616; baseline 0 -14"><span class='ocrx_word' id='word_1_259' title='bbox 235 1573 348 1603; x_wconf 84' lang='lat' dir='ltr'><em>Drak.</em></span> <span class='ocrx_word' id='word_1_260' title='bbox 377 1572 510 1615; x_wconf 88' lang='lat' dir='ltr'>afflicti)</span> <span class='ocrx_word' id='word_1_261' title='bbox 539 1572 542 1616; x_wconf 69' lang='grc' dir='ltr'>ἱ</span> <span class='ocrx_word' id='word_1_262' title='bbox 571 1573 605 1604; x_wconf 82' lang='grc' dir='ltr'>ἰη</span> <span class='ocrx_word' id='word_1_263' title='bbox 630 1573 786 1604; x_wconf 87' lang='lat' dir='ltr'>homines</span> <span class='ocrx_word' id='word_1_264' title='bbox 813 1573 1006 1604; x_wconf 83' lang='lat' dir='ltr'>occiderent</span> <span class='ocrx_word' id='word_1_265' title='bbox 1032 1573 1122 1616; x_wconf 68' lang='lat' dir='ltr'>(zldg.</span> <span class='ocrx_word' id='word_1_266' title='bbox 1145 1573 1224 1604; x_wconf 83' lang='lat' dir='ltr'><em>Em.</em></span> <span class='ocrx_word' id='word_1_267' title='bbox 1245 1576 1327 1614; x_wconf 76' lang='lat'><strong><em>267)</em></strong></span> <span class='ocrx_word' id='word_1_268' title='bbox 1354 1572 1513 1610; x_wconf 86' lang='lat' dir='ltr'>XXXVI,</span> <span class='ocrx_word' id='word_1_269' title='bbox 1541 1571 1562 1605; x_wconf 86' lang='lat'>5</span> <span class='ocrx_word' id='word_1_270' title='bbox 1587 1571 1651 1614; x_wconf 78' lang='lat' dir='ltr'>(in—</span> 
     </span>
     <span class='ocr_line' id='line_1_26' title="bbox 235 1631 1652 1674; baseline 0 -12"><span class='ocrx_word' id='word_1_271' title='bbox 235 1631 479 1672; x_wconf 86' lang='lat' dir='ltr'>exsuperabilis</span> <span class='ocrx_word' id='word_1_272' title='bbox 512 1636 582 1672; x_wconf 83' lang='lat' dir='ltr'>pro</span> <span class='ocrx_word' id='word_1_273' title='bbox 620 1631 857 1673; x_wconf 87' lang='lat' dir='ltr'>insuperabilis</span> <span class='ocrx_word' id='word_1_274' title='bbox 901 1631 1067 1674; x_wconf 83' lang='lat' dir='ltr'><em>Woelsfl.)</em></span> <span class='ocrx_word' id='word_1_275' title='bbox 1108 1631 1126 1664; x_wconf 80' lang='grc'>7</span> <span class='ocrx_word' id='word_1_276' title='bbox 1165 1636 1237 1662; x_wconf 89' lang='lat' dir='ltr'>erat</span> <span class='ocrx_word' id='word_1_277' title='bbox 1271 1631 1326 1662; x_wconf 87' lang='lat' dir='ltr'>via</span> <span class='ocrx_word' id='word_1_278' title='bbox 1356 1631 1487 1662; x_wconf 86' lang='lat' dir='ltr'>lubrica</span> <span class='ocrx_word' id='word_1_279' title='bbox 1518 1643 1535 1662; x_wconf 84' lang='lat' dir='ltr'><em>e</em></span> <span class='ocrx_word' id='word_1_280' title='bbox 1567 1631 1652 1662; x_wconf 85' lang='lat' dir='ltr'><em>coni.</em></span> 
     </span>
     <span class='ocr_line' id='line_1_27' title="bbox 237 1689 1652 1733; baseline 0 -13"><span class='ocrx_word' id='word_1_281' title='bbox 237 1691 391 1730; x_wconf 78' lang='lat' dir='ltr'>Sauppii</span> <span class='ocrx_word' id='word_1_282' title='bbox 420 1689 510 1732; x_wconf 75' lang='lat' dir='ltr'>(Mg.</span> <span class='ocrx_word' id='word_1_283' title='bbox 544 1691 622 1721; x_wconf 88' lang='lat' dir='ltr'>Em.</span> <span class='ocrx_word' id='word_1_284' title='bbox 654 1693 724 1724; x_wconf 87' lang='grc'>268</span> <span class='ocrx_word' id='word_1_285' title='bbox 757 1689 805 1732; x_wconf 88' lang='lat' dir='ltr'>n.)</span> <span class='ocrx_word' id='word_1_286' title='bbox 847 1689 849 1728; x_wconf 63' lang='grc'>1</span> <span class='ocrx_word' id='word_1_287' title='bbox 892 1689 1011 1733; x_wconf 88' lang='lat' dir='ltr'>(pedes</span> <span class='ocrx_word' id='word_1_288' title='bbox 1045 1690 1181 1721; x_wconf 83' lang='lat' dir='ltr'>fallente</span> <span class='ocrx_word' id='word_1_289' title='bbox 1214 1691 1326 1720; x_wconf 85' lang='lat' dir='ltr'><em>Drak.</em></span> <span class='ocrx_word' id='word_1_290' title='bbox 1361 1689 1465 1721; x_wconf 80' lang='lat' dir='ltr'><em>Codd.</em></span> <span class='ocrx_word' id='word_1_291' title='bbox 1502 1689 1590 1730; x_wconf 88' lang='lat' dir='ltr'>pede</span> <span class='ocrx_word' id='word_1_292' title='bbox 1616 1699 1652 1720; x_wconf 91' lang='lat' dir='ltr'>se</span> 
     </span>
     <span class='ocr_line' id='line_1_28' title="bbox 234 1747 1653 1791; baseline 0 -12"><span class='ocrx_word' id='word_1_293' title='bbox 234 1748 385 1791; x_wconf 82' lang='lat' dir='ltr'>fallente)</span> <span class='ocrx_word' id='word_1_294' title='bbox 413 1748 435 1782; x_wconf 89' lang='grc'>8</span> <span class='ocrx_word' id='word_1_295' title='bbox 462 1747 579 1791; x_wconf 87' lang='lat' dir='ltr'>(etiam</span> <span class='ocrx_word' id='word_1_296' title='bbox 615 1750 731 1780; x_wconf 81' lang='lat' dir='ltr'><em>Weiss.</em></span> <span class='ocrx_word' id='word_1_297' title='bbox 765 1749 793 1780; x_wconf 91' lang='lat' dir='ltr'><em>C</em></span> <span class='ocrx_word' id='word_1_298' title='bbox 817 1750 918 1780; x_wconf 87' lang='lat' dir='ltr'>etiam</span> <span class='ocrx_word' id='word_1_299' title='bbox 945 1754 1070 1780; x_wconf 88' lang='lat' dir='ltr'>tamen.</span> <span class='ocrx_word' id='word_1_300' title='bbox 1104 1749 1150 1779; x_wconf 93' lang='lat' dir='ltr'><em>M</em></span> <span class='ocrx_word' id='word_1_301' title='bbox 1171 1749 1272 1779; x_wconf 86' lang='lat' dir='ltr'>etiam</span> <span class='ocrx_word' id='word_1_302' title='bbox 1298 1754 1375 1779; x_wconf 80' lang='lat' dir='ltr'>tam.</span> <span class='ocrx_word' id='word_1_303' title='bbox 1411 1750 1524 1780; x_wconf 84' lang='lat' dir='ltr'><em>Drak.</em></span> <span class='ocrx_word' id='word_1_304' title='bbox 1552 1749 1653 1780; x_wconf 87' lang='lat' dir='ltr'>etiam</span> 
     </span>
     <span class='ocr_line' id='line_1_29' title="bbox 235 1805 1653 1849; baseline 0 -11"><span class='ocrx_word' id='word_1_305' title='bbox 235 1807 319 1849; x_wconf 87' lang='lat' dir='ltr'>tum)</span> <span class='ocrx_word' id='word_1_306' title='bbox 356 1806 359 1849; x_wconf 61' lang='grc' dir='ltr'>ᾗ</span> <span class='ocrx_word' id='word_1_307' title='bbox 394 1807 618 1849; x_wconf 89' lang='lat' dir='ltr'>(connitendo</span> <span class='ocrx_word' id='word_1_308' title='bbox 649 1808 732 1838; x_wconf 87' lang='lat' dir='ltr'><em>Tan.</em></span> <span class='ocrx_word' id='word_1_309' title='bbox 765 1808 891 1839; x_wconf 81' lang='lat' dir='ltr'><em>Faber.</em></span> <span class='ocrx_word' id='word_1_310' title='bbox 932 1807 1049 1846; x_wconf 86' lang='lat' dir='ltr'><em>Codd.,</em></span> <span class='ocrx_word' id='word_1_311' title='bbox 1082 1809 1196 1838; x_wconf 84' lang='lat' dir='ltr'><em>Drak.</em></span> <span class='ocrx_word' id='word_1_312' title='bbox 1226 1805 1450 1849; x_wconf 85' lang='lat' dir='ltr'>continendo)</span> <span class='ocrx_word' id='word_1_313' title='bbox 1476 1807 1653 1845; x_wconf 90' lang='lat' dir='ltr'>XXXVII,</span> 
     </span>
     <span class='ocr_line' id='line_1_30' title="bbox 235 1864 1654 1909; baseline -0.001 -11"><span class='ocrx_word' id='word_1_314' title='bbox 235 1864 257 1898; x_wconf 71' lang='grc' dir='ltr'>ἶ)</span> <span class='ocrx_word' id='word_1_315' title='bbox 289 1866 394 1896; x_wconf 82' lang='lat' dir='ltr'>valles</span> <span class='ocrx_word' id='word_1_316' title='bbox 425 1866 628 1907; x_wconf 78' lang='lat' dir='ltr'>apricosque</span> <span class='ocrx_word' id='word_1_317' title='bbox 653 1867 818 1908; x_wconf 89' lang='lat' dir='ltr'>quosdam</span> <span class='ocrx_word' id='word_1_318' title='bbox 847 1866 952 1897; x_wconf 82' lang='lat' dir='ltr'>colles</span> <span class='ocrx_word' id='word_1_319' title='bbox 979 1864 1068 1909; x_wconf 72' lang='lat' dir='ltr'>(Mg.</span> <span class='ocrx_word' id='word_1_320' title='bbox 1096 1866 1174 1896; x_wconf 89' lang='lat' dir='ltr'>Em.</span> <span class='ocrx_word' id='word_1_321' title='bbox 1203 1868 1281 1899; x_wconf 83' lang='lat'>268.</span> <span class='ocrx_word' id='word_1_322' title='bbox 1321 1866 1367 1896; x_wconf 94' lang='lat' dir='ltr'><em>M</em></span> <span class='ocrx_word' id='word_1_323' title='bbox 1388 1865 1496 1896; x_wconf 82' lang='lat' dir='ltr'>valles</span> <span class='ocrx_word' id='word_1_324' title='bbox 1521 1866 1654 1907; x_wconf 88' lang='lat' dir='ltr'>apricos</span> 
     </span>
     <span class='ocr_line' id='line_1_31' title="bbox 235 1923 1655 1966; baseline 0.001 -12"><span class='ocrx_word' id='word_1_325' title='bbox 235 1923 398 1964; x_wconf 89' lang='lat' dir='ltr'>quosdam</span> <span class='ocrx_word' id='word_1_326' title='bbox 425 1924 539 1963; x_wconf 85' lang='lat' dir='ltr'>colles,</span> <span class='ocrx_word' id='word_1_327' title='bbox 579 1924 606 1956; x_wconf 91' lang='lat' dir='ltr'><em>C</em></span> <span class='ocrx_word' id='word_1_328' title='bbox 629 1925 735 1956; x_wconf 81' lang='lat' dir='ltr'>valles</span> <span class='ocrx_word' id='word_1_329' title='bbox 762 1925 897 1966; x_wconf 89' lang='lat' dir='ltr'>apricos</span> <span class='ocrx_word' id='word_1_330' title='bbox 923 1935 1002 1965; x_wconf 87' lang='lat' dir='ltr'>qum</span> <span class='ocrx_word' id='word_1_331' title='bbox 1029 1925 1146 1961; x_wconf 87' lang='lat' dir='ltr'>colles,</span> <span class='ocrx_word' id='word_1_332' title='bbox 1173 1924 1285 1955; x_wconf 87' lang='lat' dir='ltr'><em>erasis</em></span> <span class='ocrx_word' id='word_1_333' title='bbox 1311 1924 1440 1955; x_wconf 87' lang='lat' dir='ltr'><em>litteris</em></span> <span class='ocrx_word' id='word_1_334' title='bbox 1464 1926 1571 1966; x_wconf 89' lang='lat' dir='ltr'><em>quasi</em></span> <span class='ocrx_word' id='word_1_335' title='bbox 1593 1926 1655 1955; x_wconf 84' lang='lat' dir='ltr'><em>tri-</em></span> 
     </span>
     <span class='ocr_line' id='line_1_32' title="bbox 235 1980 1653 2026; baseline 0.001 -14"><span class='ocrx_word' id='word_1_336' title='bbox 235 1984 298 2013; x_wconf 87' lang='lat' dir='ltr'><em>bus</em></span> <span class='ocrx_word' id='word_1_337' title='bbox 323 1986 405 2012; x_wconf 87' lang='lat' dir='ltr'><em>ante</em></span> <span class='ocrx_word' id='word_1_338' title='bbox 430 1993 519 2023; x_wconf 88' lang='lat' dir='ltr'>qum.</span> <span class='ocrx_word' id='word_1_339' title='bbox 570 1984 684 2014; x_wconf 84' lang='lat' dir='ltr'><em>Drak.</em></span> <span class='ocrx_word' id='word_1_340' title='bbox 713 1983 817 2014; x_wconf 90' lang='lat' dir='ltr'>valles</span> <span class='ocrx_word' id='word_1_341' title='bbox 844 1988 876 2014; x_wconf 88' lang='lat' dir='ltr'>et</span> <span class='ocrx_word' id='word_1_342' title='bbox 903 1983 1036 2024; x_wconf 84' lang='lat' dir='ltr'>apricos</span> <span class='ocrx_word' id='word_1_343' title='bbox 1062 1983 1227 2023; x_wconf 88' lang='lat' dir='ltr'>quosdam</span> <span class='ocrx_word' id='word_1_344' title='bbox 1255 1980 1299 2024; x_wconf 91' lang='lat' dir='ltr'>c.)</span> <span class='ocrx_word' id='word_1_345' title='bbox 1329 1982 1332 2026; x_wconf 53' lang='grc' dir='ltr'>ᾗ</span> <span class='ocrx_word' id='word_1_346' title='bbox 1362 1984 1520 2024; x_wconf 86' lang='lat' dir='ltr'>rivosque</span> <span class='ocrx_word' id='word_1_347' title='bbox 1546 1993 1653 2024; x_wconf 89' lang='lat' dir='ltr'>prope</span> 
     </span>
     <span class='ocr_line' id='line_1_33' title="bbox 236 2039 1655 2084; baseline 0.002 -13"><span class='ocrx_word' id='word_1_348' title='bbox 236 2041 324 2082; x_wconf 72' lang='lat' dir='ltr'>(Mg.</span> <span class='ocrx_word' id='word_1_349' title='bbox 351 2042 429 2072; x_wconf 83' lang='lat' dir='ltr'><em>Em.</em></span> <span class='ocrx_word' id='word_1_350' title='bbox 457 2039 540 2083; x_wconf 90' lang='grc'>269)</span> <span class='ocrx_word' id='word_1_351' title='bbox 574 2041 594 2074; x_wconf 86' lang='grc'>6</span> <span class='ocrx_word' id='word_1_352' title='bbox 627 2040 707 2084; x_wconf 90' lang='lat' dir='ltr'>(iam</span> <span class='ocrx_word' id='word_1_353' title='bbox 740 2047 772 2072; x_wconf 88' lang='lat' dir='ltr'>et</span> <span class='ocrx_word' id='word_1_354' title='bbox 804 2042 888 2072; x_wconf 91' lang='lat' dir='ltr'>locis</span> <span class='ocrx_word' id='word_1_355' title='bbox 921 2040 1020 2072; x_wconf 80' lang='lat' dir='ltr'><em>Crev.</em></span> <span class='ocrx_word' id='word_1_356' title='bbox 1050 2046 1118 2081; x_wconf 81' lang='lat' dir='ltr'>pro</span> <span class='ocrx_word' id='word_1_357' title='bbox 1153 2042 1253 2072; x_wconf 85' lang='lat' dir='ltr'>etiam</span> <span class='ocrx_word' id='word_1_358' title='bbox 1279 2040 1380 2084; x_wconf 87' lang='lat' dir='ltr'>locis)</span> <span class='ocrx_word' id='word_1_359' title='bbox 1406 2042 1601 2080; x_wconf 87' lang='lat' dir='ltr'>XXXVIII,</span> <span class='ocrx_word' id='word_1_360' title='bbox 1633 2042 1655 2075; x_wconf 87' lang='lat'><strong>3</strong></span> 
     </span>
     <span class='ocr_line' id='line_1_34' title="bbox 235 2099 1653 2143; baseline 0.001 -13"><span class='ocrx_word' id='word_1_361' title='bbox 235 2099 382 2130; x_wconf 81' lang='lat' dir='ltr'>maxime</span> <span class='ocrx_word' id='word_1_362' title='bbox 415 2111 468 2130; x_wconf 89' lang='lat' dir='ltr'>me</span> <span class='ocrx_word' id='word_1_363' title='bbox 493 2106 611 2131; x_wconf 84' lang='lat' dir='ltr'>auctor</span> <span class='ocrx_word' id='word_1_364' title='bbox 635 2099 847 2143; x_wconf 80' lang='lat' dir='ltr'><em>(Pronomen</em></span> <span class='ocrx_word' id='word_1_365' title='bbox 873 2101 988 2131; x_wconf 79' lang='lat' dir='ltr'><em>Drak.</em></span> <span class='ocrx_word' id='word_1_366' title='bbox 1015 2101 1215 2131; x_wconf 86' lang='lat' dir='ltr'><em>addendum</em></span> <span class='ocrx_word' id='word_1_367' title='bbox 1241 2101 1390 2138; x_wconf 82' lang='lat' dir='ltr'><em>coniecit,</em></span> <span class='ocrx_word' id='word_1_368' title='bbox 1422 2112 1522 2142; x_wconf 87' lang='lat' dir='ltr'><em>quem</em></span> <span class='ocrx_word' id='word_1_369' title='bbox 1549 2105 1653 2132; x_wconf 87' lang='lat' dir='ltr'>antea</span> 
     </span>
     <span class='ocr_line' id='line_1_35' title="bbox 235 2158 1651 2202; baseline 0.001 -14"><span class='ocrx_word' id='word_1_370' title='bbox 235 2163 307 2198; x_wconf 64' lang='lat' dir='ltr'><em>ipse</em></span> <span class='ocrx_word' id='word_1_371' title='bbox 330 2162 466 2189; x_wconf 83' lang='lat' dir='ltr'><em>secutus</em></span> <span class='ocrx_word' id='word_1_372' title='bbox 492 2170 600 2197; x_wconf 90' lang='lat' dir='ltr'><em>eram,</em></span> <span class='ocrx_word' id='word_1_373' title='bbox 627 2161 689 2190; x_wconf 86' lang='lat' dir='ltr'>sed</span> <span class='ocrx_word' id='word_1_374' title='bbox 712 2160 779 2190; x_wconf 78' lang='lat' dir='ltr'><em>vid.</em></span> <span class='ocrx_word' id='word_1_375' title='bbox 807 2159 887 2190; x_wconf 92' lang='lat' dir='ltr'>Em.</span> <span class='ocrx_word' id='word_1_376' title='bbox 914 2159 991 2190; x_wconf 81' lang='lat' dir='ltr'><em>Lz&#39;v.</em></span> <span class='ocrx_word' id='word_1_377' title='bbox 1020 2158 1102 2202; x_wconf 83' lang='lat'><strong><em>153)</em></strong></span> <span class='ocrx_word' id='word_1_378' title='bbox 1127 2159 1148 2192; x_wconf 85' lang='lat'>5</span> <span class='ocrx_word' id='word_1_379' title='bbox 1166 2159 1302 2190; x_wconf 89' lang='lat' dir='ltr'>Taurini</span> <span class='ocrx_word' id='word_1_380' title='bbox 1322 2169 1404 2190; x_wconf 90' lang='lat' dir='ltr'>sane</span> <span class='ocrx_word' id='word_1_381' title='bbox 1425 2159 1515 2190; x_wconf 90' lang='lat' dir='ltr'>Galli</span> <span class='ocrx_word' id='word_1_382' title='bbox 1533 2170 1550 2190; x_wconf 89' lang='lat' dir='ltr'><em>e</em></span> <span class='ocrx_word' id='word_1_383' title='bbox 1567 2160 1651 2190; x_wconf 87' lang='lat' dir='ltr'><em>coni.</em></span> 
     </span>
     <span class='ocr_line' id='line_1_36' title="bbox 235 2215 1656 2259; baseline 0.001 -13"><span class='ocrx_word' id='word_1_384' title='bbox 235 2216 412 2247; x_wconf 78' lang='lat' dir='ltr'><em>Harantii</em></span> <span class='ocrx_word' id='word_1_385' title='bbox 435 2215 525 2259; x_wconf 73' lang='lat' dir='ltr'><em>(Mg.</em></span> <span class='ocrx_word' id='word_1_386' title='bbox 552 2218 631 2248; x_wconf 91' lang='lat' dir='ltr'>Em.</span> <span class='ocrx_word' id='word_1_387' title='bbox 659 2221 738 2252; x_wconf 81' lang='lat'>269.</span> <span class='ocrx_word' id='word_1_388' title='bbox 776 2219 822 2248; x_wconf 89' lang='grc' dir='ltr'><em>Μ</em></span> <span class='ocrx_word' id='word_1_389' title='bbox 849 2218 1113 2259; x_wconf 86' lang='lat' dir='ltr'>taurinisnegalli</span> <span class='ocrx_word' id='word_1_390' title='bbox 1143 2228 1320 2259; x_wconf 84' lang='lat' dir='ltr'>proxuma,</span> <span class='ocrx_word' id='word_1_391' title='bbox 1359 2218 1387 2249; x_wconf 90' lang='lat' dir='ltr'><em>C</em></span> <span class='ocrx_word' id='word_1_392' title='bbox 1411 2218 1551 2250; x_wconf 79' lang='lat' dir='ltr'>taurinis</span> <span class='ocrx_word' id='word_1_393' title='bbox 1576 2218 1656 2259; x_wconf 82' lang='lat' dir='ltr'>galli</span> 
     </span>
     <span class='ocr_line' id='line_1_37' title="bbox 235 2274 1654 2319; baseline 0.001 -14"><span class='ocrx_word' id='word_1_394' title='bbox 235 2275 398 2314; x_wconf 85' lang='lat' dir='ltr'>proxima,</span> <span class='ocrx_word' id='word_1_395' title='bbox 427 2277 520 2306; x_wconf 88' lang='lat' dir='ltr'><em>inter</em></span> <span class='ocrx_word' id='word_1_396' title='bbox 545 2277 685 2307; x_wconf 87' lang='lat' dir='ltr'>taurinis</span> <span class='ocrx_word' id='word_1_397' title='bbox 711 2280 745 2306; x_wconf 93' lang='lat' dir='ltr'><em>et</em></span> <span class='ocrx_word' id='word_1_398' title='bbox 768 2276 849 2317; x_wconf 84' lang='lat' dir='ltr'>galli</span> <span class='ocrx_word' id='word_1_399' title='bbox 869 2277 996 2307; x_wconf 89' lang='lat' dir='ltr'><em>litteris</em></span> <span class='ocrx_word' id='word_1_400' title='bbox 1014 2278 1153 2318; x_wconf 84' lang='lat' dir='ltr'><em>erasis.)</em></span> <span class='ocrx_word' id='word_1_401' title='bbox 1191 2277 1212 2310; x_wconf 85' lang='grc'>6</span> <span class='ocrx_word' id='word_1_402' title='bbox 1239 2276 1284 2319; x_wconf 87' lang='lat' dir='ltr'>(ei</span> <span class='ocrx_word' id='word_1_403' title='bbox 1302 2277 1381 2318; x_wconf 90' lang='lat' dir='ltr'>iugo</span> <span class='ocrx_word' id='word_1_404' title='bbox 1405 2278 1512 2308; x_wconf 85' lang='lat' dir='ltr'><em>Gron.</em></span> <span class='ocrx_word' id='word_1_405' title='bbox 1538 2274 1654 2314; x_wconf 77' lang='lat' dir='ltr'><em>Codd.,</em></span> 
     </span>
     <span class='ocr_line' id='line_1_38' title="bbox 235 2333 1655 2377; baseline 0.001 -14"><span class='ocrx_word' id='word_1_406' title='bbox 235 2334 349 2364; x_wconf 80' lang='lat' dir='ltr'><em>Drak.</em></span> <span class='ocrx_word' id='word_1_407' title='bbox 377 2339 410 2364; x_wconf 84' lang='lat' dir='ltr'>et</span> <span class='ocrx_word' id='word_1_408' title='bbox 436 2334 533 2376; x_wconf 88' lang='lat' dir='ltr'>iugo)</span> <span class='ocrx_word' id='word_1_409' title='bbox 560 2335 578 2367; x_wconf 85' lang='lat'>7</span> <span class='ocrx_word' id='word_1_410' title='bbox 605 2334 679 2377; x_wconf 90' lang='lat' dir='ltr'>(per</span> <span class='ocrx_word' id='word_1_411' title='bbox 705 2335 859 2366; x_wconf 85' lang='lat' dir='ltr'>Salassos</span> <span class='ocrx_word' id='word_1_412' title='bbox 877 2335 1062 2366; x_wconf 88' lang='lat' dir='ltr'>Montanos</span> <span class='ocrx_word' id='word_1_413' title='bbox 1080 2335 1176 2376; x_wconf 82' lang='lat' dir='ltr'><em>Lz&#39;ps.</em></span> <span class='ocrx_word' id='word_1_414' title='bbox 1217 2333 1398 2377; x_wconf 87' lang='lat' dir='ltr'>[Salassos]</span> <span class='ocrx_word' id='word_1_415' title='bbox 1417 2339 1452 2365; x_wconf 92' lang='lat' dir='ltr'><em>et</em></span> <span class='ocrx_word' id='word_1_416' title='bbox 1475 2334 1655 2377; x_wconf 63' lang='lat' dir='ltr'><em>Woetfflin</em></span> 
     </span>
     <span class='ocr_line' id='line_1_39' title="bbox 237 2390 1656 2436; baseline 0 -14"><span class='ocrx_word' id='word_1_417' title='bbox 237 2390 453 2434; x_wconf 86' lang='lat' dir='ltr'>[Montanos;</span> <span class='ocrx_word' id='word_1_418' title='bbox 493 2403 576 2423; x_wconf 85' lang='lat' dir='ltr'>nam</span> <span class='ocrx_word' id='word_1_419' title='bbox 615 2395 676 2424; x_wconf 88' lang='lat' dir='ltr'><em>ille</em></span> <span class='ocrx_word' id='word_1_420' title='bbox 707 2393 914 2424; x_wconf 79' lang='lat' dir='ltr'><em>adiectivum</em></span> <span class='ocrx_word' id='word_1_421' title='bbox 948 2404 1019 2424; x_wconf 86' lang='lat' dir='ltr'><em>esse</em></span> <span class='ocrx_word' id='word_1_422' title='bbox 1049 2392 1237 2436; x_wconf 66' lang='lat' dir='ltr'><em>voluerat}</em></span> <span class='ocrx_word' id='word_1_423' title='bbox 1289 2394 1333 2424; x_wconf 93' lang='lat' dir='ltr'><em>M</em></span> <span class='ocrx_word' id='word_1_424' title='bbox 1361 2404 1404 2424; x_wconf 90' lang='lat' dir='ltr'>m.</span> <span class='ocrx_word' id='word_1_425' title='bbox 1440 2396 1459 2426; x_wconf 88' lang='lat'><strong><em>1</em></strong></span> <span class='ocrx_word' id='word_1_426' title='bbox 1492 2392 1656 2434; x_wconf 87' lang='lat' dir='ltr'>persaltos</span> 
     </span>
     <span class='ocr_line' id='line_1_40' title="bbox 234 2449 1656 2493; baseline 0.001 -13"><span class='ocrx_word' id='word_1_427' title='bbox 234 2456 431 2482; x_wconf 88' lang='lat' dir='ltr'>montanos.</span> <span class='ocrx_word' id='word_1_428' title='bbox 471 2452 595 2482; x_wconf 86' lang='lat' dir='ltr'><em>Minus</em></span> <span class='ocrx_word' id='word_1_429' title='bbox 621 2455 711 2481; x_wconf 86' lang='lat' dir='ltr'><em>recte</em></span> <span class='ocrx_word' id='word_1_430' title='bbox 735 2451 814 2481; x_wconf 89' lang='lat' dir='ltr'>Em.</span> <span class='ocrx_word' id='word_1_431' title='bbox 841 2449 938 2493; x_wconf 88' lang='grc'>270.)</span> <span class='ocrx_word' id='word_1_432' title='bbox 968 2453 970 2492; x_wconf 62' lang='grc' dir='ltr'>ᾐ</span> <span class='ocrx_word' id='word_1_433' title='bbox 1000 2449 1233 2492; x_wconf 87' lang='lat' dir='ltr'>(deduxissent</span> <span class='ocrx_word' id='word_1_434' title='bbox 1252 2453 1326 2482; x_wconf 89' lang='lat' dir='ltr'><em>edd.</em></span> <span class='ocrx_word' id='word_1_435' title='bbox 1347 2454 1429 2482; x_wconf 85' lang='lat' dir='ltr'><em>vett.</em></span> <span class='ocrx_word' id='word_1_436' title='bbox 1442 2455 1512 2491; x_wconf 80' lang='lat' dir='ltr'>pro</span> <span class='ocrx_word' id='word_1_437' title='bbox 1530 2450 1656 2481; x_wconf 88' lang='lat' dir='ltr'>dedux-</span> 
     </span>
     <span class='ocr_line' id='line_1_41' title="bbox 236 2508 1654 2552; baseline 0.001 -13"><span class='ocrx_word' id='word_1_438' title='bbox 236 2509 340 2546; x_wconf 86' lang='lat' dir='ltr'>erint;</span> <span class='ocrx_word' id='word_1_439' title='bbox 379 2510 458 2540; x_wconf 93' lang='lat' dir='ltr'>Em.</span> <span class='ocrx_word' id='word_1_440' title='bbox 495 2508 578 2552; x_wconf 87' lang='grc'>270)</span> <span class='ocrx_word' id='word_1_441' title='bbox 617 2509 638 2542; x_wconf 87' lang='grc'>9</span> <span class='ocrx_word' id='word_1_442' title='bbox 670 2508 810 2551; x_wconf 87' lang='lat' dir='ltr'>(Seduni</span> <span class='ocrx_word' id='word_1_443' title='bbox 842 2509 983 2550; x_wconf 88' lang='lat' dir='ltr'>Veragri</span> <span class='ocrx_word' id='word_1_444' title='bbox 1020 2511 1126 2540; x_wconf 82' lang='lat' dir='ltr'><em>Gran.</em></span> <span class='ocrx_word' id='word_1_445' title='bbox 1168 2509 1273 2541; x_wconf 84' lang='lat' dir='ltr'><em>Codd.</em></span> <span class='ocrx_word' id='word_1_446' title='bbox 1314 2510 1375 2541; x_wconf 87' lang='lat' dir='ltr'>sed</span> <span class='ocrx_word' id='word_1_447' title='bbox 1414 2520 1481 2541; x_wconf 93' lang='lat' dir='ltr'>uno</span> <span class='ocrx_word' id='word_1_448' title='bbox 1519 2510 1654 2541; x_wconf 87' lang='lat' dir='ltr'>velacri.</span> 
     </span>
     <span class='ocr_line' id='line_1_42' title="bbox 236 2567 1651 2609; baseline 0.001 -12"><span class='ocrx_word' id='word_1_449' title='bbox 236 2567 349 2597; x_wconf 84' lang='lat' dir='ltr'><em>Drak.</em></span> <span class='ocrx_word' id='word_1_450' title='bbox 377 2567 531 2609; x_wconf 87' lang='lat' dir='ltr'>Veragri.</span> <span class='ocrx_word' id='word_1_451' title='bbox 581 2568 678 2599; x_wconf 84' lang='lat' dir='ltr'><em>Fort.</em></span> <span class='ocrx_word' id='word_1_452' title='bbox 705 2568 830 2599; x_wconf 87' lang='lat' dir='ltr'>Seduni</span> <span class='ocrx_word' id='word_1_453' title='bbox 849 2567 1079 2608; x_wconf 80' lang='lat' dir='ltr'>Veragrique3</span> <span class='ocrx_word' id='word_1_454' title='bbox 1107 2568 1178 2599; x_wconf 84' lang='lat' dir='ltr'><em>nisi</em></span> <span class='ocrx_word' id='word_1_455' title='bbox 1201 2569 1326 2599; x_wconf 82' lang='lat' dir='ltr'><em>Livius</em></span> <span class='ocrx_word' id='word_1_456' title='bbox 1351 2579 1460 2600; x_wconf 89' lang='lat' dir='ltr'>unum</span> <span class='ocrx_word' id='word_1_457' title='bbox 1479 2569 1651 2609; x_wconf 82' lang='lat' dir='ltr'>populum</span> 
     </span>
     <span class='ocr_line' id='line_1_43' title="bbox 237 2624 1657 2668; baseline 0.002 -13"><span class='ocrx_word' id='word_1_458' title='bbox 237 2636 253 2654; x_wconf 82' lang='lat' dir='ltr'><em>e</em></span> <span class='ocrx_word' id='word_1_459' title='bbox 284 2626 417 2656; x_wconf 75' lang='lat' dir='ltr'><em>duobus</em></span> <span class='ocrx_word' id='word_1_460' title='bbox 449 2627 637 2667; x_wconf 86' lang='lat' dir='ltr'><em>conflatum</em></span> <span class='ocrx_word' id='word_1_461' title='bbox 663 2624 833 2668; x_wconf 81' lang='lat' dir='ltr'><em>putavit.)</em></span> <span class='ocrx_word' id='word_1_462' title='bbox 870 2624 873 2668; x_wconf 72' lang='lat'><em>1</em></span> <span class='ocrx_word' id='word_1_463' title='bbox 909 2637 1032 2657; x_wconf 84' lang='lat' dir='ltr'><em>nomen</em></span> <span class='ocrx_word' id='word_1_464' title='bbox 1065 2626 1177 2657; x_wconf 88' lang='lat' dir='ltr'>norint</span> <span class='ocrx_word' id='word_1_465' title='bbox 1218 2626 1360 2657; x_wconf 83' lang='lat' dir='ltr'>inditum</span> <span class='ocrx_word' id='word_1_466' title='bbox 1387 2638 1405 2657; x_wconf 88' lang='lat' dir='ltr'><em>e</em></span> <span class='ocrx_word' id='word_1_467' title='bbox 1429 2628 1498 2658; x_wconf 89' lang='lat' dir='ltr'><em>cod.</em></span> <span class='ocrx_word' id='word_1_468' title='bbox 1526 2627 1609 2658; x_wconf 81' lang='lat' dir='ltr'><em>Lov.</em></span> <span class='ocrx_word' id='word_1_469' title='bbox 1635 2628 1657 2659; x_wconf 87' lang='lat'><em>3</em></span> 
     </span>
    </p>
   </div>
  </div>
 </body>
</html>
