1789 2955
254 121 339 162 220
672 120 776 151 Liber
795 120 920 151 XXIV.
962 119 1017 161 (A.
1039 130 1069 151 u.
1092 129 1120 151 c.
1142 118 1236 162 541.)

253 252 385 299 pueris
411 251 614 294 insuetos;
644 251 719 287 sed
742 251 891 287 habere
914 251 1071 289 hostem
1095 251 1276 300 pedestri
1299 251 1490 288 fidentem
1516 251 1659 296 Marte,

254 322 315 357 cui
341 323 371 358 si
396 321 543 369 aequari
566 321 714 357 robore
738 321 874 357 virium
898 323 1003 366 velit,
1029 328 1069 358 et
1093 322 1167 359 sibi
1185 322 1344 370 pedites
1362 323 1664 370 comparandos

213 389 235 429 7
253 404 356 429 esse.
420 392 472 428 Et
493 393 547 427 ad
570 392 613 427 id
637 391 891 428 multitudine
914 393 1121 428 hominum
1142 404 1310 440 regnum
1333 393 1556 436 abundare,
1590 393 1664 429 sed

253 462 436 498 armandi
455 461 710 509 ornandique
728 467 768 498 et
783 462 1006 498 instruendi
1025 474 1097 499 eos
1115 468 1241 499 artem
1258 463 1459 511 ignorare.
1503 462 1665 506 Omnia,

212 530 236 567 8
252 533 358 569 velut
390 532 493 568 forte
526 537 776 580 congregata
799 533 927 574 turba,
961 538 1074 569 vasta
1098 545 1145 569 ac
1169 532 1382 569 temeraria
1406 543 1510 569 esse.
1567 532 1667 569 Fac-

252 610 362 639 turos
387 615 430 638 se
455 602 496 638 in
520 602 748 650 praesentia,
777 603 888 650 quod
912 603 1042 647 vellet,
1067 603 1187 651 legati
1212 603 1478 651 respondent,
1503 602 1584 639 fide
1601 614 1668 639 ac-

253 679 384 721 cepta,
409 678 453 708 ut
467 672 687 708 remitteret
703 673 905 721 extemplo
924 685 1028 717 eum,
1047 673 1079 709 si
1096 673 1360 721 imperatores
1379 672 1438 709 sui
1455 684 1540 709 non
1557 684 1668 709 com-

212 742 496 792 9probassent
528 741 692 779 sactum.
756 742 807 788 Q.
835 743 1011 779 Statorio
1043 754 1195 780 nomen
1228 743 1312 787 suit,
1346 743 1413 791 qui
1444 744 1500 779 ad
1530 755 1667 792 regem

253 814 458 849 remansit.
522 812 623 849 Cum
666 814 827 850 duobus
859 814 1056 850 Romanis
1095 825 1164 849 rex
1195 813 1393 850 Numidas
1432 814 1589 862 legatos
1627 814 1668 850 in

253 884 493 932 Hispaniam
535 884 642 920 misit
683 885 736 920 ad
779 884 1060 932 accipiendam
1102 883 1224 919 fidem
1269 885 1320 919 ab
1360 884 1669 932 imperatoribus

185 952 238 991 10
252 954 462 991 Romanis.
526 954 674 991 Iisdem
702 953 923 997 mandavit,
952 958 995 989 ut
1023 954 1204 1002 protinus
1232 941 1443 998 Numidas,
1473 954 1539 1002 qui
1566 954 1669 991 intra

252 1024 440 1072 praesidia
468 1023 862 1073 Carthaginiensium
894 1024 1105 1060 auxiliares
1137 1028 1272 1068 essent,
1305 1025 1360 1060 ad
1388 1024 1668 1061 transitionem

185 1092 235 1131 11
252 1095 500 1143 pellicerent.
548 1094 599 1130 Et
617 1095 812 1131 Statorius
836 1106 884 1130 ex
906 1094 1030 1130 multa
1053 1094 1258 1130 iuventute
1281 1095 1366 1143 regi
1389 1095 1549 1143 pedites
1571 1106 1670 1131 con-

255 1165 423 1213 scripsit,
443 1165 736 1212 ordinatosque
753 1164 934 1212 proxime
951 1176 1106 1201 morem
1124 1165 1355 1201 Romanum
1370 1165 1610 1202 instruendo
1629 1171 1670 1202 et

185 1232 238 1272 12
253 1235 509 1271 decurrendo
542 1234 658 1282 signa
690 1235 802 1282 sequi
835 1240 874 1270 et
907 1247 1065 1272 servare
1097 1235 1262 1271 ordines
1296 1235 1448 1279 docuit,
1482 1240 1522 1271 et
1554 1236 1668 1283 operi

253 1304 421 1352 aliisque
442 1305 555 1341 iustis
578 1304 812 1341 militaribus
834 1306 890 1341 ita
915 1305 1143 1348 assuefecit,
1170 1311 1214 1341 ut
1231 1306 1338 1341 brevi
1355 1318 1423 1342 rex
1440 1317 1525 1342 non
1543 1305 1665 1353 equiti

253 1375 381 1423 magis
404 1375 547 1411 fideret
564 1387 684 1423 quam
702 1376 841 1423 pediti,
868 1376 1104 1427 collatisque
1122 1387 1238 1423 aequo
1258 1387 1403 1424 campo
1422 1376 1546 1424 signis
1563 1376 1669 1412 iusto

187 1442 239 1482 13
254 1445 397 1494 proelio
422 1444 797 1493 Carthaginiensem
824 1446 981 1482 hostem
1007 1451 1226 1494 superaret.
1285 1446 1481 1483 Romanis
1505 1458 1669 1494 quoque

255 1516 296 1552 in
328 1515 527 1564 Hispania
565 1517 789 1564 legatorum
828 1516 934 1564 regis
973 1517 1171 1552 adventus
1210 1528 1361 1564 magno
1395 1517 1670 1553 emolumento

255 1585 346 1629 fuit;
380 1597 556 1633 namque
584 1587 638 1621 ad
664 1586 812 1622 famam
837 1598 976 1622 eorum
999 1587 1258 1623 transitiones
1284 1587 1432 1623 crebrae
1457 1587 1508 1623 ab
1533 1586 1671 1623 Numi-

255 1656 317 1692 dis
350 1661 494 1704 coeptae
526 1656 623 1693 fieri.

372 1725 432 1762 Ita
456 1738 546 1762 cum
564 1727 749 1775 Syphace
767 1728 962 1764 Romanis
987 1733 1121 1776 coepta
1144 1727 1320 1764 amicitia
1337 1733 1410 1764 est.
1461 1728 1586 1774 Quod
1604 1728 1670 1764 ubi

255 1795 614 1845 Carthaginienses
632 1804 890 1846 acceperunt,
909 1799 1111 1847 extemplo
1130 1800 1183 1834 ad
1198 1798 1343 1835 Galam
1360 1798 1401 1834 in
1419 1804 1532 1847 parte
1547 1799 1672 1835 altera

254 1866 455 1903 Numidiae
473 1864 656 1917 (Maesulii
676 1880 726 1904 ea
742 1880 844 1916 gens
861 1867 1040 1919 vocatur)
1065 1873 1303 1917 regnantem
1321 1869 1479 1917 legatos
1496 1869 1669 1905 mittunt.

129 1931 192 1976 49
255 1936 395 1972 Filium
420 1936 525 1974 Gala
547 1937 805 1974 Masinissam
839 1939 1015 1975 habebat
1047 1939 1326 1985 septendecim
1359 1951 1490 1975 annos
1518 1943 1670 1983 natum,

255 2012 429 2043 ceterum
454 2008 640 2043 iuvenem
665 2020 714 2045 ea
735 2008 889 2052 indole,
914 2014 957 2045 ut
980 2009 1059 2045 iam
1085 2014 1167 2045 tum
1185 2014 1412 2057 appareret,
1437 2008 1566 2045 maius
1582 2020 1671 2057 reg-

213 2074 239 2114 2
254 2089 349 2113 num
368 2077 693 2125 opulentiusque,
719 2090 838 2126 quam
858 2080 970 2127 quod
988 2079 1227 2127 accepisset,
1255 2079 1464 2115 facturum.
1512 2079 1669 2128 Legati,

254 2147 446 2195 quoniam
470 2148 632 2196 Syphax
655 2160 699 2185 se
723 2150 919 2186 Romanis
942 2150 1149 2193 iunxisset,
1182 2155 1226 2185 ut
1245 2150 1451 2198 potentior
1474 2150 1670 2187 societate

213 2214 238 2253 3
253 2229 393 2254 eorum
411 2219 604 2255 adversus
621 2231 738 2267 reges
755 2221 1013 2268 populosque
1031 2220 1175 2256 Africae
1193 2225 1313 2264 esset,
1339 2220 1504 2264 docent,
1530 2220 1670 2257 melius

254 2287 341 2324 fore
359 2287 473 2325 Galae
498 2301 661 2337 quoque
679 2289 1081 2338 Carthaginiensibus
1106 2291 1217 2339 iungi
1243 2303 1363 2339 quam
1387 2290 1571 2338 primum,
1598 2302 1670 2327 an—

254 2364 416 2406 tequam
443 2359 604 2407 Syphax
636 2359 677 2395 in
705 2358 945 2408 Hispaniam
973 2366 1041 2397 aut
1068 2361 1241 2397 Romani
1268 2361 1310 2397 in
1337 2360 1511 2397 Africam
1541 2365 1668 2397 trans-

254 2434 368 2471 eant;
402 2429 574 2478 opprimi
599 2430 825 2478 Syphacem
858 2431 1054 2466 nihildum
1087 2437 1231 2479 praeter
1261 2443 1414 2467 nomen
1441 2443 1490 2467 ex
1515 2430 1669 2467 foedere

211 2495 442 2535 4Romano
475 2500 691 2536 habentem
715 2512 852 2548 posse.
915 2501 1049 2537 Facile
1073 2512 1310 2549 persuasum
1333 2500 1460 2544 Galae,
1493 2500 1574 2537 filio
1599 2501 1671 2537 de-

253 2575 449 2616 poscente
463 2570 506 2605 id
518 2570 678 2614 bellum,
692 2575 735 2606 ut
746 2571 919 2606 mitteret
931 2571 1168 2614 exercitum;
1188 2571 1254 2618 qui
1268 2569 1668 2619 Carthaginiensibus

252 2638 479 2686 bgionibus
512 2640 737 2677 coniunctis
768 2653 920 2689 magno
945 2641 1088 2689 proelio
1113 2641 1341 2689 Syphacem
1364 2641 1524 2678 devicit.'
1582 2640 1670 2677 Tri-
