1768 2943
739 92 838 123 XVII

75 216 176 248 certe,
203 210 266 241 etsi
292 220 310 240 e
333 209 418 240 coni.
439 207 539 239 Cre-v.
567 206 647 250 (Ed.
663 209 766 239 Frob.
784 212 883 242 1531.
901 209 936 239 P
956 209 1147 242 cerneieisil
1175 209 1193 241 7
1220 208 1383 251 (occisum
1410 220 1485 240 cum

73 269 204 300 duobus
229 267 427 299 consulibus
452 267 637 298 exercitum
661 269 767 298 Gron.
783 267 817 297 P
833 267 984 298 occisum
1010 277 1086 298 cum
1112 267 1243 297 duobus
1268 269 1484 306 exercitibus,

2 336 11 346 ⁴
73 327 185 358 Drak.
211 327 344 358 occisos
371 336 399 357 c.
427 326 458 357 d.
485 336 535 357 ex.
563 327 727 356 consules.
753 325 944 356 Occidione
969 326 1078 356 occidi
1105 336 1174 356 non
1200 326 1326 356 dicitur
1352 328 1420 357 nisi
1445 329 1486 357 de

71 395 202 426 magna
228 383 476 427 multitudine.)
502 384 524 418 8
550 385 662 425 itaque
688 395 731 414 ne
756 394 781 415 s.
809 395 826 414 e
851 385 935 414 coni.
962 385 991 414 l.
1019 384 1065 415 H.
1103 384 1213 415 Vossii
1252 383 1485 427 (Pravissime

70 443 332 484 coniunguntur
357 454 399 475 ne
425 444 642 474 succumbam
674 443 780 479 oneri,
815 453 923 483 neque
948 443 1128 483 aggrediar
1146 447 1216 482 pro
1243 454 1291 480 eo,
1318 445 1411 484 quod
1435 448 1485 474 est

69 512 138 533 non
163 502 351 543 aggrediar.
402 502 525 533 Livius
557 503 662 532 nimio
696 502 795 532 oneri
825 503 1044 532 succumbens
1069 502 1247 532 silentium
1267 501 1447 544 proesert.)
1477 506 1479 545 j

69 560 203 603 (faciam
228 562 258 592 l.
285 561 332 592 H.
369 561 461 592 Voss.
492 561 521 591 Ρ
543 561 640 598 facie,
679 560 792 591 Drak.
821 561 948 601 fecero)
984 560 1026 592 11
1060 570 1227 600 conpares
1260 565 1317 590 aut
1349 560 1482 590 cladem

68 616 157 660 (Mg.
186 623 299 650 evest.
320 621 370 653 P:
395 626 622 660 comparesset
648 620 791 650 cladem.
819 620 896 650 Em.
922 619 1006 660 309)
1035 619 1037 649 ἕ
1066 618 1214 660 (cessere
1241 622 1274 648 et
1297 618 1482 658 vectigales

0 693 7 700 -
67 677 142 718 Mg.
171 678 249 708 Em.
277 679 343 709 ibd.
371 679 406 709 P
425 688 559 710 cessere
584 679 710 709 invecti
735 678 845 719 gallis.
897 679 1011 708 Drak.
1049 688 1196 714 cessere,
1229 677 1309 707 hinc
1345 676 1482 717 vectig.)

66 736 138 774 LV,
176 736 198 769 3
223 738 415 778 mortuique
442 736 502 781 [et]
528 748 590 778 per
626 736 747 778 (Codd.
774 747 856 767 rece.
885 737 915 767 Ρ
951 737 1140 777 mortuique
1173 742 1206 767 et
1239 746 1335 776 paene
1362 746 1480 766 omnes

65 794 178 837 paene)
203 795 225 828 4
252 795 400 837 (aliquos
425 797 581 837 profecto
601 821 606 827 .
628 820 634 827 .
655 820 662 827 .
683 797 754 827 fore
766 797 838 826 Iac.
859 797 966 826 Gron.
988 801 1057 835 pro
1084 796 1215 836 aliquos
1240 796 1431 836 profectOS.
1448 818 1454 825 .
1473 819 1478 825 .

6 861 12 867 ⁵
65 853 165 895 sorte)
192 853 211 887 7
237 861 394 896 expectet
420 855 473 898 (P,
501 856 613 886 Drak.
643 854 671 886 C
695 853 880 896 exspectet)
906 854 928 887 8
954 853 1051 896 (urbe
1078 854 1151 894 Alg.
1179 854 1257 884 Em.
1286 858 1340 886 53.
1363 853 1479 889 Cod‹l.‚

66 913 178 944 Drak.
217 912 349 955 urbem)
390 912 394 957 l
434 914 633 945 conticuerit
667 912 787 956 [recte]
821 913 991 949 tumultus,
1019 920 1088 943 tum
1115 912 1337 953 (Huldrz‘cus.
1365 913 1478 942 Drak.

63 975 184 1002 contra
209 973 304 1003 codd.
331 973 455 1003 contic.
484 973 654 1009 tumultus,
681 980 773 1004 recte
798 980 877 1003 tum.
931 972 1055 1002 Ortum
1082 976 1174 1001 recte
1201 982 1244 1001 ex
1270 972 1348 1002 rittu
1370 972 1478 1012 gemi-

2 1032 7 1036 ”
63 1032 158 1062 natis
183 1032 320 1062 litteris.
371 1031 454 1062 Non
479 1032 594 1062 minus
615 1037 770 1072 pravum
797 1040 848 1063 est
871 1037 962 1062 recte
981 1055 987 1061 .
1009 1055 1015 1061 .
1037 1054 1043 1060 .
1064 1029 1305 1071 revocandos)
1330 1030 1437 1067 LVII,
1460 1030 1476 1062 1

61 1088 256 1131 (Lacunam
281 1091 396 1131 suppl.
426 1090 563 1132 Sigon.)
587 1090 609 1124 3
634 1090 843 1132 (pontificius
867 1091 1080 1121 Vaassem'us
1105 1093 1139 1119 et
1153 1089 1325 1119 Hertzius.
1360 1088 1476 1125 codd„

62 1147 174 1179 Drak.
214 1147 400 1190 pontificis)
425 1149 446 1182 6
471 1148 550 1191 (sub
576 1156 699 1180 terram
720 1155 789 1189 pro
821 1150 883 1180 sub
910 1155 999 1180 terra
1024 1146 1132 1186 Duk.)
1159 1149 1180 1181 9
1206 1147 1305 1189 (Inde
1332 1148 1478 1179 dictator

67 1206 166 1238 Crev.
182 1207 545 1239 Pindietator.Drak.
570 1219 634 1239 om.
662 1207 768 1249 inde.)
795 1208 836 1240 11
864 1215 896 1239 et
922 1209 1063 1238 formam
1091 1208 1172 1238 novi
1186 1207 1330 1237 dilectus
1345 1205 1475 1248 (Codass,

61 1266 132 1296 nisi
155 1267 246 1307 quod
258 1267 289 1296 Ρ
312 1266 379 1297 alia
404 1266 555 1308 formam,
583 1268 697 1298 Drak.
719 1267 852 1298 Omisso
878 1267 977 1298 aliani
1004 1268 1222 1298 scribendum
1249 1269 1329 1296 erat
1352 1276 1475 1295 novam

61 1324 204 1355 dilectus
229 1325 382 1363 formam,
421 1329 456 1356 et
485 1327 568 1356 novi
597 1327 704 1357 etlam
735 1327 840 1357 ceteri
870 1327 1023 1363 dzlectus,
1051 1327 1114 1366 qui
1138 1329 1218 1355 tunc
1243 1326 1474 1361 habebantur,

59 1381 188 1425 erant.)
214 1383 339 1421 LVIII,
367 1383 387 1416 7
412 1383 605 1426 (inclinaret
630 1385 761 1416 animus
775 1385 858 1416 Lov.
883 1388 913 1418 5.
936 1385 969 1414 P
990 1385 1168 1415 inclinaret
1199 1383 1340 1421 animos,
1360 1385 1473 1414 Drak.

0 1451 1 1454 ¹
61 1441 260 1473 inclinarent
285 1442 432 1484 animos)
457 1443 545 1481 LIX,
586 1443 605 1476 1
631 1443 789 1486 (quoru-m
816 1445 993 1484 princeps:
1026 1444 1090 1473 «M.
1107 1443 1181 1473 Iuni
1196 1453 1336 1483 vosque,
1365 1449 1474 1483 patres

0 1537 2 1540 .
59 1501 262 1542 conscripti»
281 1501 486 1532 Har-antius
511 1503 589 1536 eP:
619 1513 762 1543 quorum
788 1503 957 1543 principes
971 1495 1003 1532 ὦ
1018 1502 1163 1542 iuniusq.
1191 1512 1246 1542 pc.
1272 1502 1474 1532 Edebatur:

58 1568 90 1599 q.
116 1569 148 1600 p.
176 1559 222 1590 M.
251 1560 375 1598 Iunius,
405 1571 456 1601 «p.
485 1560 555 1602 c.»)
580 1560 601 1594 9
628 1562 719 1592 fuere
744 1560 834 1603 (asp.
849 1561 926 1592 Em.
946 1564 1024 1594 309.
1058 1559 1176 1598 codd„
1203 1561 1316 1590 Drak.
1345 1561 1474 1600 refuge-

58 1616 161 1659 runt.)
186 1617 228 1650 11
256 1617 339 1660 (Sed
365 1624 399 1650 et
423 1619 489 1650 illis
518 1619 613 1650 Crev.
638 1625 706 1660 pro
733 1620 799 1651 Sed
834 1620 898 1650 illis
929 1618 975 1661 et)
1003 1619 1046 1652 13
1073 1619 1153 1660 (iam
1180 1619 1333 1649 duriores
1370 1619 1472 1649 Valla

53 1681 120 1715 pro
147 1682 215 1707 tam
240 1677 312 1708 dur.
364 1677 476 1709 Drak.
504 1684 617 1709 tamen
644 1664 803 1720 dur.)‘14
840 1679 895 1719 qui
929 1676 1016 1720 [vos]
1050 1678 1221 1718 hospitum
1252 1676 1394 1719 (Fabri)
1430 1677 1471 1709 17

57 1736 126 1766 est?
153 1735 214 1766 sed
239 1736 276 1773 si,
303 1736 433 1767 medius
458 1737 557 1767 fidius
581 1736 708 1778 (Codd.
735 1748 815 1768 rece.
843 1738 875 1768 P
906 1744 957 1768 est
983 1742 1033 1767 set
1069 1737 1096 1766 si
1122 1747 1196 1766 cum
1223 1746 1353 1766 rasura
1380 1736 1472 1766 inter

56 1799 106 1824 set
131 1797 165 1824 et
187 1794 226 1825 si.
281 1795 524 1826 Geminatione
549 1797 749 1827 litterarum
781 1800 858 1827 orta
880 1796 1061 1836 particula
1088 1806 1157 1825 non
1183 1794 1294 1836 apta.)
1326 1801 1327 1836 χ
1358 1792 1391 1835 (a
1416 1805 1470 1825 no-

57 1852 147 1882 tavit
169 1853 244 1893 Mg.
273 1853 350 1884 Em.
365 1853 463 1895 310.)
491 1852 494 1897 Ι
525 1854 643 1895 (simus
663 1856 794 1886 Alluret.
816 1860 886 1895 pro
912 1852 1040 1896 sumus)
1068 1853 1111 1886 18
1136 1852 1300 1894 (Heraeus
1320 1854 1469 1892 probel).

56 1911 182 1952 captivi
201 1917 271 1952 pro
298 1912 414 1955 eapti.)
440 1913 512 1951 LX,
542 1913 561 1946 7
586 1913 679 1956 (Em.
708 1917 776 1947 339
803 1913 852 1956 n.)
879 1914 900 1946 9
928 1911 1004 1955 (per
1030 1913 1199 1943 confertos
1213 1912 1330 1942 Alsch.
1358 1912 1468 1942 Pom.

54 1979 125 2010 per.
152 1970 265 2001 Drak.
293 1967 513 2013 perrumpere
539 1973 642 2003 etiam
657 1971 843 2014 confertos)
869 1971 911 2004 11
937 1971 1000 2013 (Si,
1015 1977 1051 2002 ut
1065 1971 1140 2011 Mg.
1158 1971 1236 2001 Em.
1258 1974 1335 2004 175.
1355 1971 1468 2008 Codd„

54 2027 167 2059 Drak.
193 2027 294 2071 sicut)
321 2028 364 2062 12
389 2028 467 2070 (nec
494 2031 585 2062 viros
612 2031 769 2072 equidem
788 2055 795 2061 .
815 2055 822 2062 .
843 2054 849 2061 .
870 2031 1029 2060 ducerem
1057 2030 1163 2060 Koch.
1209 2028 1326 2067 codd„
1354 2030 1467 2059 Drak.

55 2097 117 2118 nec
145 2087 235 2118 viros
260 2088 393 2129 quidem
414 2112 421 2119 .
441 2113 447 2120 .
468 2113 475 2119 .
491 2088 646 2131 duceret)
672 2089 716 2122 15
741 2089 922 2120 abalienati
946 2087 1037 2130 (Mg.
1060 2088 1138 2118 Em.
1158 2086 1241 2129 310)
1269 2087 1312 2120 17
1339 2085 1468 2129 (quam-

55 2155 154 2187 quam
187 2147 262 2178 Uss.
290 2146 368 2178 Em.
396 2149 475 2185 310,
503 2148 584 2188 quid
609 2149 690 2179 add.
716 2147 833 2178 Weiss.
853 2147 1055 2178 Edebatur:
1081 2157 1180 2187 quam
1206 2156 1296 2187 ego.
1318 2169 1324 2176 .
1345 2169 1352 2176 .
1372 2156 1468 2176 accu-

54 2204 162 2246 sare?)
189 2204 233 2238 19
259 2205 326 2247 (his
351 2207 522 2237 sexcentis
547 2207 623 2247 Mg.
649 2207 728 2237 Em.
756 2210 825 2240 310
851 2218 868 2236 e
893 2207 940 2236 P.-
967 2216 1076 2246 neque
1102 2205 1168 2235 hiis
1195 2211 1352 2235 sescenta
1378 2204 1468 2234 milia

53 2262 181 2306 hostes)
218 2262 261 2296 ‘21
290 2264 427 2306 (favisse
453 2264 527 2304 Mg.
554 2264 632 2296 Em.
659 2269 738 2299 311.
773 2266 807 2296 P
838 2270 949 2306 potest
988 2264 1090 2294 fuisse
1129 2270 1163 2294 ut
1201 2263 1465 2303 erumpentibus

53 2323 167 2353 Drak.
193 2327 304 2364 potest
330 2323 446 2361 fuisse,
474 2329 507 2354 ut
526 2323 790 2364 erumpentibus,
818 2323 898 2364 quin
916 2315 1140 2363 erumperent,
1168 2323 1334 2353 obsistere
1353 2322 1465 2352 conati

52 2380 144 2422 sunt)
168 2380 214 2413 22
241 2381 299 2422 (At
325 2381 367 2412 ad
400 2381 539 2412 Wexius
558 2386 627 2422 pro
653 2380 722 2424 Ad)
748 2381 792 2415 23
818 2381 910 2423 (Em.
931 2384 1001 2415 312
1026 2380 1076 2422 n.)
1101 2380 1147 2413 25
1171 2380 1326 2422 (istorum
1347 2380 1463 2410 Weiss.

47 2443 116 2479 pro
141 2437 305 2481 ipsorum)
334 2438 337 2482 ξ
367 2438 470 2482 [cum]
500 2440 534 2470 in
559 2446 669 2471 castra
695 2441 827 2482 (Uncos
864 2441 944 2471 add.
980 2440 1160 2471 Luclzsz'us.
1196 2440 1228 2469 Ρ
1250 2449 1325 2469 cum
1353 2439 1385 2469 in
1412 2448 1464 2468 ca-

52 2495 133 2540 stra)
157 2496 203 2530 26
229 2498 284 2540 (Et
310 2508 372 2529 vos
397 2500 511 2529 Alsck.
535 2503 603 2538 pro
631 2509 701 2530 vos.
730 2500 761 2530 Ρ
783 2498 882 2540 quos)
911 2497 913 2542 4
942 2499 1151 2529 redimamus
1172 2509 1189 2528 e
1214 2498 1298 2528 coni.
1325 2497 1466 2527 Luchse'i

53 2554 169 2597 (Recte
193 2556 354 2587 Manlius
379 2559 416 2587 in
441 2558 614 2587 communi
637 2559 821 2594 sententia,
848 2557 934 2598 quid
957 2559 1000 2587 ab
1020 2568 1056 2588 se
1081 2557 1153 2596 ipso
1174 2557 1386 2595 postuletur,
1412 2556 1462 2586 in-

52 2614 237 2656 terrogat.)
267 2613 270 2658 Ι
299 2614 489 2656 (erumpere
515 2626 533 2646 e
559 2616 677 2646 castris
703 2617 772 2647 cod.
798 2626 856 2646 un.
890 2626 954 2646 rec.
988 2615 1111 2655 Ceteri,
1140 2614 1252 2644 Drak.
1287 2623 1462 2654 erumpere

1180 2670 1217 2690 *ιιι
