1789 2955
554 107 658 138 Liber
683 107 811 138 xxm.
850 107 904 146 (A.
933 108 994 140 Ch.
1022 108 1116 151 215.)
1456 111 1538 153 153

125 237 365 286 populorum
393 249 536 274 omnes
559 250 676 287 reges
699 243 924 287 gentesque
952 240 1110 276 animos
1135 241 1407 286 intenderant,
1435 241 1538 278 inter
1553 240 1578 280 2

125 319 226 356 quos
268 307 474 357 Philippus
515 308 793 345 Macedonum
839 321 908 345 rex
955 321 1005 345 eo
1054 310 1196 358 magis,
1245 323 1325 358 quo
1373 312 1539 360 propior

122 377 247 414 Italiae
279 390 326 414 ac
358 378 457 415 mari
488 383 643 415 tantum
674 378 792 415 Ionio
826 379 1022 415 discretus
1055 384 1152 416 erat.
1215 380 1254 417 Is
1277 382 1344 416 ubi
1368 379 1578 429 primum3

124 447 232 484 sama
255 448 426 497 accepit,
461 447 735 485 Hannibalem
760 449 883 498 Alpes
908 454 1215 497 transgressum,
1243 456 1284 486 ut
1306 452 1412 488 bello
1437 452 1539 488 inter

124 518 353 554 Romanum
370 519 621 568 Poenumque
646 524 736 556 orto
754 520 909 556 laetatus
927 525 1024 564 erat,
1050 520 1118 564 ita,
1145 521 1268 557 utrius
1286 522 1425 570 populi
1442 523 1538 558 mal-

123 588 177 624 let
216 588 422 625 victoriam
463 601 567 633 esse,
607 590 769 626 incertis
808 590 943 626 adhuc
975 590 1122 627 viribus
1154 591 1368 628 fluctuatus
1401 592 1537 627 animo

124 658 265 695 fuerat.
313 659 533 707 Postquam
557 660 673 696 tertia
695 660 777 696 iam
800 673 951 709 pugna,
978 661 1094 696 tertia
1113 662 1277 697 victoria
1295 674 1385 697 cum
1403 662 1538 698 Poenis
1553 661 1579 700 4

124 733 221 773 erat,
247 730 301 765 ad
326 729 528 766 fortunam
550 730 756 766 inelinavit
778 731 1017 778 legatosque
1041 731 1096 767 ad
1114 731 1387 768 Hannibalem
1412 732 1555 776 misit3·

123 799 190 847 qui
217 800 388 837 vitantes
415 806 555 849 portus
579 800 866 837 Brundisinum
889 801 1248 850 Tarentinumque,
1283 803 1377 850 quia
1407 807 1539 839 custo—

123 869 200 905 diis
223 870 385 906 navium
406 871 681 907 Romanarum
706 872 959 915 tenebantur,
986 872 1040 908 ad
1057 871 1234 908 Laciniae
1252 872 1418 909 lunonis
1444 878 1538 908 tem-

123 940 232 989 plum
269 941 312 976 in
350 946 495 977 terram
531 942 681 990 egressi
715 946 819 978 sunt.
897 942 999 978 Inde
1031 954 1103 990 per
1134 943 1320 990 Apuliam
1353 941 1580 991 petentes-f)

125 1010 307 1059 Capuam
331 1011 468 1048 media
491 1011 534 1048 in
557 1012 747 1060 praesidia
764 1013 953 1048 Romana
974 1012 1071 1048 illati
1097 1018 1190 1049 sunt
1215 1014 1462 1060 deductique
1487 1014 1541 1049 ad

124 1081 329 1118 Valerium
354 1081 562 1119 Laevinum
594 1087 820 1131 praetorem,
855 1082 960 1119 circa
988 1082 1201 1118 Luceriam
1229 1089 1360 1119 castra
1389 1083 1541 1118 haben—

123 1158 218 1190 tem.
264 1152 324 1188 Ibi
341 1152 541 1201 intrepide
554 1152 846 1201 Xenophanes,
865 1152 1080 1201 legationis
1098 1153 1300 1201 princeps,
1319 1154 1540 1202 aPhilippo
1556 1155 1580 1191 (ὅ

123 1235 218 1271 rege
251 1235 294 1259 se
327 1224 491 1260 missum
523 1223 579 1259 ait
610 1224 665 1259 ad
698 1223 915 1260 amicitiam
944 1223 1263 1272 societatemque
1291 1224 1540 1272 iungendam

125 1305 213 1330 cum
241 1294 394 1342 populo
419 1294 630 1337 Romano;
664 1295 860 1330 mandata
883 1294 1033 1330 habere
1058 1295 1112 1330 ad
1136 1295 1325 1331 consules
1351 1306 1399 1330 ac
1425 1307 1540 1330 sena-

124 1370 206 1400 tum
223 1364 498 1413 populumque
510 1365 755 1400 Romanum.
803 1365 953 1401 Praetor
970 1365 1072 1401 inter
1090 1365 1345 1401 defectiones
1364 1370 1540 1400 veterum
1558 1364 1578 1403 T

126 1435 329 1471 sociorum
355 1447 463 1471 nova
480 1435 677 1471 societate
695 1440 776 1471 tam
796 1435 889 1471 clari
906 1436 1011 1484 regis
1029 1436 1141 1472 laetus
1160 1437 1386 1472 admodum
1404 1436 1542 1472 hostes

127 1517 199 1554 pro
218 1505 442 1554 hospitibus
461 1506 628 1542 comiter
645 1506 816 1554 accepit.
856 1505 950 1550 Dat,
970 1506 1035 1554 qui
1054 1512 1370 1554 prosequantur;
1401 1506 1542 1541 itinera
1559 1509 1583 1544 (ὃ

127 1588 218 1612 cum
242 1587 336 1612 cura
361 1577 627 1620 demonstrat,
654 1587 743 1624 quae
768 1576 859 1612 loca
883 1588 1067 1625 quosque
1093 1578 1215 1613 saltus
1241 1582 1309 1613 aut
1334 1577 1542 1612 Romanus

127 1652 196 1682 aut
227 1647 365 1682 hostes
398 1651 577 1683 teneant.
646 1646 924 1694 Xenophanes
957 1659 1028 1695 per
1060 1648 1248 1695 praesidia
1281 1648 1469 1683 Romana
1500 1647 1540 1683 in
1557 1648 1581 1685 {l

129 1716 408 1765 Campaniam,
442 1717 553 1761 inde,
587 1728 667 1764 qua
699 1717 926 1764 proximum
959 1717 1043 1762 fuit,
1077 1718 1119 1754 in
1147 1723 1278 1754 castra
1303 1718 1543 1754 Hannibalis

126 1787 321 1835 pervenit,
361 1786 576 1835 foedusque
619 1799 709 1824 cum
742 1799 792 1823 eo
825 1792 947 1835 atque
980 1788 1197 1825 amicitiam
1228 1789 1357 1837 iungit
1389 1789 1543 1836 legibus

127 1857 200 1901 his,
235 1861 277 1893 ut
299 1857 505 1906 Philippus
537 1869 606 1894 rex
638 1869 759 1905 quam
792 1857 967 1893 maxima
999 1859 1128 1895 classe
1161 1856 1375 1909 (ducentas
1409 1864 1544 1895 autem
1562 1857 1614 1897 10

127 1939 251 1964 naves
288 1927 500 1964 videbatur
538 1925 768 1978 effecturus)
806 1928 849 1964 in
880 1929 1035 1965 Italiam
1068 1930 1268 1965 traiiceret
1300 1934 1339 1965 et
1371 1935 1546 1965 vastaret

127 1998 368 2034 maritimam
394 2010 520 2042 oram,
546 1999 694 2035 bellum
718 2010 792 2047 pro
818 2004 931 2047 parte
957 2011 1029 2036 sua
1047 2004 1150 2035 terra
1168 2001 1348 2048 marique
1365 2005 1542 2049 gereret;

127 2068 194 2105 ubi
223 2068 468 2105 debellatum
495 2075 616 2113 esset,
643 2069 759 2105 Italia
785 2070 916 2106 omnis
942 2082 1032 2106 cum
1057 2070 1146 2118 ipsa
1171 2071 1267 2106 urbe
1292 2071 1424 2107 Roma
1450 2070 1545 2107 Car·
1564 2069 1611 2108 11

128 2139 441 2187 thaginiensium
466 2144 587 2187 atque
611 2139 853 2176 Hannibalis
878 2146 998 2184 esset,
1030 2141 1250 2189 praedaque
1276 2142 1407 2177 omnis
1433 2141 1545 2177 Han-

127 2209 251 2246 nibali
276 2210 460 2253 cederet;
495 2210 725 2258 perdomita
749 2210 876 2255 Italia,
908 2211 1147 2259 navigarent
1170 2211 1211 2246 in
1235 2210 1434 2248 Graeciam
1462 2212 1544 2247 bel·
1564 2210 1615 2249 12

128 2280 302 2328 lumque,
321 2291 412 2316 cum
430 2280 574 2328 quibus
590 2280 675 2329 regi
693 2281 884 2329 placeret,
910 2287 1115 2330 gererent;
1143 2294 1231 2330 quae
1250 2282 1429 2318 civitates
1448 2294 1545 2317 con-

128 2350 291 2386 tinentis
323 2362 494 2398 quaeque
518 2350 657 2387 insulae
682 2352 737 2387 ad
760 2351 1051 2388 Macedoniam
1077 2357 1256 2401 vergunt,
1292 2364 1349 2389 eae
1374 2351 1545 2400 Philippi

128 2421 322 2469 regnique
354 2421 439 2457 eius
471 2426 622 2458 essent.

245 2491 292 2527 In
317 2491 390 2528 has
418 2490 543 2527 ferme
567 2492 678 2540 leges
701 2492 805 2528 inter
828 2492 998 2529 Poenum
1022 2493 1169 2529 ducem
1194 2493 1431 2540 legatosque
1456 2492 1543 2528 Ma—
1606 2489 1672 2533 34

129 2561 334 2598 cedonum
366 2561 487 2598 ictum
521 2562 675 2606 foedus;
709 2563 900 2610 missique
934 2575 1024 2599 eum
1055 2563 1103 2599 iis
1128 2564 1182 2598 ad
1205 2563 1309 2610 regis
1334 2563 1459 2610 ipsius
1484 2561 1586 2602 fir-2

129 2631 322 2667 mandam
355 2631 478 2668 fidem
509 2633 643 2681 legati,
677 2632 807 2681 Gisgo
841 2638 881 2669 et
904 2633 1049 2670 Bostar
1081 2639 1121 2669 et
1144 2633 1283 2681 Mago,
1318 2628 1469 2669 eodem
1492 2633 1546 2669 ad
