1789 2955
525 70 640 105 Liber
665 70 789 105 XXX.
839 71 897 113 (A.
926 70 989 104 Ch.
1016 71 1109 113 203.)
1453 72 1533 109 249

106 197 240 247 ginem
271 197 440 239 rediere.
489 199 638 238 Classis
656 200 812 238 Punica
842 200 893 237 ad
919 199 1079 237 Uticam
1111 199 1323 237 stationem
1349 196 1535 234 habebat.
1554 195 1576 232 5

104 268 166 306 Ex
197 283 243 307 ea
273 274 354 309 tres
385 272 668 321 quadriremes,
701 284 767 309 seu
799 271 897 308 clam
925 272 1045 309 misso
1070 269 1351 318 aCarthagine
1382 268 1534 313 nuntio,

104 341 164 378 uti
194 340 325 389 fieret,
371 356 440 381 seu
471 342 750 389 Hasdrubale,
792 342 859 391 qui
893 343 1010 380 classi
1042 345 1224 391 praeerat,
1256 342 1340 378 sine
1371 339 1535 390 publica

103 411 243 450 fraude
289 427 383 453 auso
429 414 605 460 facinus,
650 414 976 463 quinqueremem
1016 413 1238 451 Romanam
1283 411 1573 462 superantem6

103 486 421 534 promuntorium
467 498 515 523 ex
562 486 643 523 alto
688 488 851 535 repente
890 498 1090 535 aggressae
1136 488 1238 522 sunt.
1298 483 1379 522 Sed
1408 495 1535 531 neque

105 559 234 593 rostro
251 556 371 595 ferire
388 557 595 595 celeritate
612 557 950 595 subterlabentem
970 559 1157 606 poterant
1179 568 1307 605 neque
1332 554 1537 592 transilire

102 627 247 665 armati
277 641 325 665 ex
355 628 636 666 humilioribus
669 629 710 666 in
752 629 933 666 altiorem
965 641 1122 673 navem3
1169 631 1208 664 et
1253 625 1541 664 defendebatur
1561 626 1582 661 7

103 699 276 748 egregie,
308 701 439 749 quoad
476 701 556 738 tela
602 700 925 750 suppeditarunt,
987 698 1086 746 Quis
1135 697 1413 736 deficientibus
1461 697 1537 733 iam

103 769 215 808 nulla
246 771 327 809 alia
357 785 421 809 res
453 785 537 809 eam
571 785 687 821 quam
719 772 1000 822 propinquitas
1034 774 1154 808 terrae
1187 769 1483 817 multitudoque
1516 781 1538 804 a

104 842 244 879 castris
262 843 303 880 in
320 843 414 880 litus
433 842 556 880 effusa
572 844 677 881 tueri
694 843 839 893 potuit.
859 843 1109 881 Concitatam
1127 842 1231 879 enim
1248 841 1378 886 remis,
1390 843 1538 890 quanto
1555 839 1581 875 8

107 913 280 951 maximo
311 914 464 964 impetu
495 918 691 965 poterant,
724 915 763 952 in
789 918 936 952 terram
972 927 1092 964 quum
1124 914 1392 959 immisissent,
1424 911 1538 948 navis

109 988 266 1022 tantum
293 986 448 1025 iactura
472 987 587 1034 facta,
618 986 835 1024 incolumes
861 987 939 1036 ipsi
964 988 1184 1024 evaserunt.
1231 985 1295 1022 Ita
1318 984 1396 1022 alio
1422 996 1542 1032 super
1561 983 1583 1018 9

103 1055 214 1094 aliud
245 1058 392 1096 scelere
423 1071 544 1108 quum
576 1058 681 1095 haud
714 1058 836 1096 dubie
868 1058 1035 1095 indutiae
1059 1061 1187 1107 ruptae
1214 1058 1357 1102 essent,
1387 1054 1538 1092 Laelius

103 1126 353 1179 Fulviusque
371 1130 420 1167 ab
438 1130 566 1167 Roma
592 1144 678 1167 cum
705 1130 850 1179 legatis
868 1128 1270 1177 Carthaginiensibus
1298 1138 1535 1176 supervene-

103 1203 209 1239 runt.
242 1201 399 1248 Quibus
432 1200 582 1251 Scipio,
615 1202 689 1240 etsi
723 1215 801 1239 non
834 1201 1080 1238 indutiarum
1111 1201 1228 1237 modo
1260 1198 1358 1236 fides
1390 1211 1412 1234 a
1442 1197 1535 1235 Car·
1556 1196 1607 1235 10

101 1271 438 1321 thaginiensibus,
469 1274 538 1311 sed
554 1274 616 1310 ius
634 1274 751 1310 etiam
769 1273 948 1321 gentium
978 1273 1018 1309 in
1036 1272 1181 1321 legatis
1208 1271 1402 1309 violatum
1427 1272 1540 1315 esset,

102 1346 235 1381 tamen
267 1357 306 1382 se
339 1345 444 1382 nihil
475 1358 546 1382 nec
574 1345 770 1382 institutis
796 1344 938 1394 populi
957 1344 1130 1381 Romani
1156 1356 1227 1380 nec
1255 1342 1336 1380 suis
1362 1340 1539 1379 moribus

108 1415 319 1465 indignum
349 1417 390 1454 in
416 1417 465 1454 iis
482 1417 678 1454 facturum
706 1430 789 1454 esse
814 1429 934 1465 quum
963 1416 1141 1463 dixisset,
1172 1414 1350 1452 dimissis
1380 1412 1539 1462 legatis,

104 1486 255 1524 bellum
285 1488 465 1537 parabat.
1153 1481 1155 1483 ¹

219 1558 443 1597 Hannibali
474 1561 552 1598 iam
583 1564 702 1597 terrae
734 1560 1077 1610 appropinquanti
1125 1560 1254 1597 iussus
1301 1573 1320 1596 e
1366 1556 1539 1594 nauticis
1560 1556 1607 1592 11

105 1642 207 1668 unus
238 1632 448 1669 escendere
482 1633 524 1669 in
555 1632 719 1678 malum,
758 1634 801 1669 ut
848 1633 1147 1682 specularetur,
1195 1644 1314 1681 quam
1359 1631 1542 1667 tenerent

105 1702 322 1751 regionem,
354 1718 475 1754 quum
508 1704 679 1741 dixisset
709 1704 935 1753 sepulcrum
964 1703 1142 1742 dirutum
1166 1715 1327 1752 proram
1350 1704 1542 1751 spectare,
1562 1699 1610 1736 12

109 1773 375 1826 abominatus,
408 1776 650 1826 praetervehi
682 1776 786 1814 iusso
811 1777 1092 1824 gubernatore,
1123 1775 1173 1813 ad
1192 1774 1352 1824 Leptim
1384 1772 1542 1823 appulit

108 1846 276 1884 classem
308 1851 426 1897 atque
459 1848 517 1885 ibi
549 1848 683 1897 copias
715 1848 908 1898 exposuit.

220 1918 319 1956 Haec
351 1933 397 1957 eo
428 1933 530 1957 anno
563 1920 604 1956 in
636 1919 779 1957 Africa
811 1922 939 1968 gesta3
987 1919 1238 1969 insequentia
1269 1917 1464 1956 excedunt
1496 1917 1535 1954 in
1621 1909 1678 1959 26

110 2001 199 2027 eum
232 2003 388 2038 annum,
421 2005 499 2041 quo
537 1991 593 2029 M.
627 1991 822 2030 Servilius
856 1990 1064 2037 Geminus,
1110 1990 1180 2040 qui
1218 1993 1303 2028 tum
1349 1990 1539 2039 magister

110 2061 292 2110 equitum
338 2067 445 2109 erat,
493 2066 531 2100 et
577 2062 637 2101 Ti.
670 2064 865 2101 Claudius
910 2062 1017 2101 Nero
1071 2063 1250 2100 consules
1296 2061 1392 2099 facti
1438 2064 1539 2099 sunt.

108 2131 294 2170 Ceterum
327 2134 436 2171 exitu
467 2135 686 2184 superioris
718 2135 812 2173 anni
846 2148 967 2184 quum
998 2119 1132 2184 legati*
1154 2135 1352 2172 sociarum
1383 2130 1580 2170 urbium2

109 2217 157 2241 ex
189 2202 348 2243 Graecia
378 2207 510 2255 questi
542 2210 684 2253 essent,
715 2210 891 2244 vastatos
923 2220 1040 2255 agros
1079 2207 1128 2244 ab
1170 2206 1295 2255 regiis
1327 2205 1540 2256 praesidiis,

106 2277 389 2327 profectosque
420 2279 461 2315 in
492 2277 768 2315 Macedoniam
801 2278 954 2327 legatos
986 2278 1037 2316 ad
1083 2291 1146 2316 res
1178 2278 1414 2327 repetendas
1460 2289 1540 2313 non

109 2348 305 2387 admissos
337 2350 388 2387 ad
419 2349 655 2399 Philippum
687 2363 839 2399 regem,
886 2350 1003 2387 simul
1034 2351 1304 2398 nuntiassent,
1352 2345 1579 2398 quattuor3

106 2420 235 2458 millia
265 2421 439 2459 militum
472 2434 559 2459 cum
592 2420 765 2471 Sopatro
806 2421 905 2459 duce
937 2422 1106 2459 traiecta
1153 2422 1194 2457 in
1226 2421 1409 2458 Africam
1448 2419 1541 2467 dici,

107 2496 152 2529 ut
182 2496 313 2530 essent
344 2492 745 2542 Carthaginiensibus
776 2493 978 2543 praesidio,
1009 2497 1049 2530 et
1078 2493 1258 2542 pecuniae
1290 2493 1539 2542 aliquantum

108 2576 189 2600 una
221 2563 395 2611 missum,
426 2565 580 2614 legatos
612 2565 662 2602 ad
687 2579 833 2615 regem,
866 2565 936 2614 qui
963 2565 1046 2602 haec
1071 2564 1262 2602 adversus
1286 2563 1414 2601 foedus
1439 2564 1544 2600 facta
1561 2562 1585 2599 4

107 2634 237 2672 videri
268 2635 454 2685 patribus
486 2637 730 2684 nuntiarent,
763 2636 977 2674 mittendos
1009 2636 1164 2674 censuit
1194 2639 1365 2674 senatus.
1427 2634 1541 2672 Missi
