1789 2955
249 86 274 124 8
653 82 768 118 Liber
792 83 938 119 xxvi.
987 85 1047 127 (A.
1074 96 1108 118 u.
1133 96 1162 119 ο.
1187 86 1281 129 543.)

249 210 403 258 ingenti
444 211 579 247 sonitu
618 223 663 248 ac
703 211 839 259 fugam
871 212 1191 261 abrumpentium
1222 213 1383 251 vincula
1413 214 1680 252 iumentorum

180 281 226 317 11
248 282 442 327 facerent3
473 282 651 319 fraudem
684 295 842 331 quoque
868 295 988 332 super
1010 284 1223 320 tumultum
1251 284 1457 331 adiectam,
1490 285 1680 323 immissis

247 354 297 390 ab
314 353 556 400 Hannibale,
582 354 651 403 qui
668 354 811 391 habitu
827 353 985 401 Italico,
1008 355 1124 403 gnari
1140 355 1295 393 Latinae
1313 356 1473 404 linguae,
1496 356 1681 394 iuberent

247 426 451 462 consulum
483 426 630 471 verbis,
663 427 848 474 quoniam
879 426 1025 463 amissa
1057 430 1182 463 castra
1211 430 1354 474 essent,
1386 440 1457 477 pro
1481 440 1522 465 se
1546 441 1680 477 quem-

178 497 228 534 12
248 510 324 546 que
346 497 520 534 militum
536 498 577 534 in
595 498 800 546 proximos
824 501 976 535 montes
1001 498 1155 546 fugere3
1182 498 1252 535 sed
1276 512 1360 536 eam
1386 499 1567 536 celeriter
1590 511 1679 547 cog-

249 569 375 606 nitam
407 569 586 606 fraudem
618 582 926 619 oppressamque
958 582 1102 617 magna
1133 570 1238 606 caede
1269 571 1461 616 hostium,
1494 570 1679 620 elephan-

247 644 310 678 tos
344 641 430 689 igni
464 654 483 678 e
515 641 655 678 castris
689 644 859 679 exactos,

179 712 229 749 13
361 713 450 750 Hoc
474 713 669 758 ultimum,
701 716 903 761 utcunque
927 712 1070 748 initum
1095 711 1329 762 finitumque
1355 716 1425 759 est,
1450 716 1541 750 ante
1568 712 1679 750 dedi·
1716 762 1725 767 „

245 784 394 821 tionem
442 784 590 834 Capuae
635 785 821 833 proelium
866 784 952 820 fuit.
1006 783 1142 819 Medix
1186 785 1346 829 tuticus,
1391 785 1459 833 qui
1505 798 1679 822 summus

245 856 504 903 magistratus
551 856 658 905 apud
691 856 914 905 Campanos
963 858 1033 902 est,
1079 868 1122 891 eo
1162 869 1264 892 anno
1307 855 1477 905 Seppius
1525 856 1680 894 Loesius

180 927 229 963 14
247 931 343 974 erat,
364 928 451 965 loco
469 928 636 965 obscuro
661 929 851 976 tenuique
875 928 1034 964 fortuna
1060 930 1180 964 ortus.
1240 927 1409 964 Matrem
1442 928 1526 965 eius
1557 941 1680 977 quon-

246 1000 336 1036 dam
377 1014 449 1049 pro
488 1000 644 1049 pupillo
680 1013 726 1037 eo
767 1002 1047 1049 procurantem
1079 999 1272 1036 familiare
1303 1002 1513 1046 ostentum,
1559 1013 1680 1049 quum

243 1071 515 1121 respondisset
546 1071 758 1121 haruspex,
791 1084 985 1107 summum
1018 1070 1124 1119 quod
1157 1075 1259 1108 esset
1286 1071 1494 1120 imperium
1520 1070 1681 1120 Capuae,

176 1142 228 1179 15
246 1148 529 1193 perventurum
562 1143 611 1180 ad
643 1157 730 1180 eum
763 1155 942 1192 puerum,
988 1143 1089 1179 nihil
1128 1142 1178 1179 ad
1211 1156 1294 1178 eam
1327 1156 1434 1191 spem
1467 1155 1680 1191 agnoscen-

246 1219 326 1253 tem
353 1215 504 1252 dixisse
529 1216 680 1252 ferunt:
733 1214 818 1260 „Ne
848 1217 892 1250 tu
923 1213 1101 1262 perditas
1124 1227 1186 1250 res
1209 1214 1500 1263 Campanorum
1531 1228 1682 1262 narras,

179 1286 227 1322 16
245 1288 315 1325 ubi
346 1300 520 1324 summus
551 1287 675 1324 honos
703 1286 753 1323 ad
779 1286 905 1323 filium
929 1299 1056 1322 meum
1081 1286 1324 1335 perveniet.“
1375 1285 1434 1322 Ea
1458 1285 1680 1324 ludificatio

244 1359 329 1396 veri
361 1362 400 1396 et
432 1359 521 1408 ipsa
553 1359 593 1394 in
623 1371 761 1395 verum
792 1358 933 1403 vertit3
965 1371 1055 1394 nam
1081 1370 1201 1406 quum
1226 1357 1327 1393 fame
1354 1358 1539 1406 ferroque
1566 1371 1680 1406 urge-

244 1434 383 1468 rentur
400 1443 472 1467 nec
489 1443 578 1479 spes
602 1430 685 1467 ulla
710 1433 936 1478 superesset
960 1429 1048 1465 sisti
1066 1440 1199 1475 posse,
1224 1430 1286 1473 iis,
1313 1431 1384 1476 qm?
1405 1431 1495 1467 wate?
1513 1430 1553 1466 in
1571 1443 1682 1479 spem

178 1501 226 1537 17
246 1501 441 1539 honorum
459 1505 584 1547 erant,
608 1501 778 1537 honores
796 1500 1125 1546 detrectantibus,
1142 1500 1311 1545 Loesius,
1331 1501 1533 1550 querendo
1551 1501 1680 1539 deser-

243 1577 325 1611 tam
353 1587 397 1610 ac
423 1572 622 1623 proditam
649 1586 670 1609 a
697 1572 941 1621 primoribus
968 1571 1157 1620 Capuam,
1186 1586 1379 1609 summum
1405 1573 1682 1621 magistratum

243 1645 411 1683 ultimus
444 1645 617 1681 omnium
651 1643 942 1692 Campanorum
975 1643 1090 1692 cepit.

360 1716 546 1754 Ceterum
564 1715 785 1761 Hannibal,
809 1718 854 1751 ut
876 1728 949 1752 nec
975 1715 1108 1751 hostes
1134 1715 1223 1751 elici
1246 1715 1416 1764 amplius
1439 1716 1490 1752 ad
1506 1729 1681 1765 pugnam

203 1788 226 1823 2
244 1788 350 1825 vidit
380 1801 509 1837 neque
541 1801 611 1836 per
643 1790 775 1824 castra
807 1800 940 1824 eorum
972 1787 1179 1836 perrumpi
1207 1787 1257 1824 ad
1275 1786 1451 1836 Capuam
1474 1800 1601 1836 posse,
1632 1801 1681 1826 ne

243 1873 334 1897 suos
363 1873 520 1908 quoque
548 1863 788 1896 commeatus
811 1858 1126 1895 intercluderent
1141 1859 1233 1895 novi
1251 1858 1442 1904 consules,
1470 1859 1682 1897 abscedere

203 1929 226 1965 3
245 1931 360 1968 irrito
385 1931 544 1980 incepto
571 1935 610 1968 et
634 1944 792 1968 movere
819 1944 841 1967 a
865 1929 1004 1979 Capua
1021 1930 1164 1967 statuit
1180 1933 1320 1967 castra.
1381 1930 1511 1966 Multa
1534 1943 1677 1977 secum,

245 2016 415 2051 quonam
459 2002 552 2039 inde
591 2002 648 2039 ire
687 2005 883 2051 pergeret,
930 2001 1107 2038 volventi
1146 2001 1274 2038 subiit
1304 2001 1477 2038 animum
1508 2002 1680 2051 impetus

244 2077 363 2123 caput
394 2073 524 2122 ipsum
557 2073 655 2110 belli
686 2073 853 2110 Romam
886 2072 1062 2122 petendi,
1110 2072 1221 2108 cuius
1259 2072 1319 2109 rei
1349 2085 1504 2122 semper
1535 2074 1680 2123 cupitae

243 2145 551 2194 praetermissam
598 2144 847 2181 occasionem
894 2148 981 2193 post
1023 2143 1269 2180 Cannensem
1307 2156 1483 2193 pugnam
1528 2149 1569 2181 et
1607 2145 1679 2183 alii

202 2215 469 2253 4fre1nebant
507 2219 546 2253 et
583 2216 669 2265 ipse
708 2230 784 2253 non
825 2215 1126 2251 dissimulabat:
1187 2215 1426 2264 necopinato
1457 2230 1604 2266 pavore
1634 2230 1679 2254 ac

241 2288 419 2324 tumultu
461 2301 539 2325 non
581 2301 664 2324 esse
703 2286 994 2336 desperandum
1034 2286 1208 2335 aliquam
1239 2291 1393 2336 partem
1424 2285 1536 2322 urbis
1567 2297 1680 2322 occu-

201 2358 224 2395 5
243 2360 332 2408 pari
364 2372 490 2408 posse,
523 2362 572 2404 et,
604 2359 637 2395 si
656 2358 784 2395 Roma
808 2358 847 2394 in
872 2357 1102 2395 discrimine
1128 2361 1243 2404 esset,
1275 2357 1452 2407 Capuam
1482 2355 1679 2405 extemplo

242 2430 458 2467 omissuros
504 2433 573 2467 aut
618 2429 732 2466 ambo
774 2429 1034 2478 imperatores
1074 2429 1277 2466 Romanos
1316 2431 1385 2465 aut
1425 2427 1595 2465 alterum
1632 2440 1680 2464 ex

242 2501 304 2547 iis,
332 2504 380 2547 et,
411 2501 446 2538 si
479 2500 709 2538 divisissent
740 2500 886 2549 copias,
917 2503 1130 2549 utrumque
1157 2500 1413 2538 infirmiorem
1438 2500 1584 2536 factum
1611 2500 1681 2536 aut

242 2571 321 2609 sibi
363 2575 432 2609 aut
464 2571 680 2620 Campanis
719 2571 818 2608 bene
851 2570 1035 2618 gerendae
1066 2572 1126 2608 rei
1156 2572 1353 2609 fortunam
1388 2571 1550 2608 daturos
1582 2583 1677 2608 esse.

202 2643 224 2679 6
244 2642 337 2680 Una
354 2657 399 2680 ea
417 2656 511 2680 cura
528 2644 711 2691 angebat,
737 2656 796 2688 ne,
822 2642 891 2679 ubi
915 2643 1184 2689 abscessisset,
1211 2643 1411 2692 extemplo
1436 2641 1678 2679 dederentur
