1789 2955
526 72 641 107 Liber
665 71 832 106 xxvii.
882 74 943 116 (A.
972 72 1037 108 eh.
1062 74 1158 117 207.)
1469 77 1546 114 115

112 202 343 252 Antequam
376 215 416 239 se
432 203 599 246 moveat,
632 199 758 237 deleri
783 199 1002 237 exercituin
1021 199 1292 238 Hasdrubalis
1308 213 1424 249 posse
1440 200 1547 238 redi-

111 275 228 324 rique
260 273 302 310 in
316 272 524 323 Apuliam.
571 271 650 319 Qui
681 271 920 321 prolatando
952 271 1125 321 spatium
1153 272 1259 309 hosti
1292 273 1369 319 det,
1402 285 1490 310 eum
1515 275 1554 309 et
1574 273 1624 309 lO

113 345 186 383 illa
217 347 349 383 castra
379 344 549 394 prodere
580 342 804 380 Hannibali
837 346 877 379 et
907 343 1064 392 aperire
1103 343 1144 380 in
1177 341 1354 380 Galliam
1386 344 1474 391 iter,
1504 347 1550 380 ut

111 431 183 468 per
213 416 354 464 otium,
382 416 453 454 ubi
484 415 594 462 velit,
624 413 878 452 Hasdrubali
904 415 1180 463 coniungatur.
1226 414 1441 464 Extemplo
1474 415 1551 464 sig·
1572 416 1618 453 11

110 501 205 526 num
222 488 397 527 dandum
409 490 448 524 et
459 486 684 525 exeundum
697 487 738 523 in
751 486 874 524 aciem
893 486 1216 536 abutendumque
1227 499 1359 523 errore
1375 487 1549 524 hostium

112 560 335 598 absentium
348 558 698 610 praesentiumque,
709 558 802 595 dum
812 571 940 607 neque
958 557 1018 594 illi
1030 558 1168 605 sciant,
1179 571 1266 595 cum
1279 558 1546 608 paucioribus,

113 646 185 671 nec
202 632 255 679 hi,
272 645 359 669 cum
377 630 562 681 pluribus
588 634 626 668 et
641 630 908 668 validioribus
935 643 1018 666 rem
1036 642 1134 668 esse.
1185 630 1362 668 Consilio
1387 629 1551 666 dimisso
1573 631 1622 666 12

113 705 271 754 signum
301 716 445 753 pugnae
476 702 728 753 proponitur,
759 701 1046 750 confestimque
1086 701 1126 737 in
1159 701 1283 738 aciem
1314 702 1547 751 procedunt.

224 776 311 814 Iam
342 776 475 812 hostes
506 777 598 812 ante
629 776 759 811 castra
788 773 976 810 instructi
991 772 1164 811 stabant.
1210 773 1366 811 Moram
1396 786 1541 823 pugnae
1628 770 1682 817 47

112 848 262 895 attulit,
294 847 400 897 quod
430 846 685 893 Hasdrubal,
728 848 941 895 provectus
987 847 1078 881 ante
1117 845 1232 894 signa
1279 859 1367 882 cum
1412 845 1550 895 paucis

111 920 334 971 equitibUS‚
366 921 478 956 scuta
507 921 644 957 vetera
668 917 844 954 hostium
868 917 1034 962 notavit,
1066 929 1153 965 quae
1179 921 1268 954 ante
1284 930 1364 954 non
1381 916 1548 963 viderat,

112 996 152 1030 et
182 991 435 1041 strigosiores
462 1003 608 1039 equos,
641 988 857 1026 multitudo
889 1001 1048 1037 quoque
1074 989 1200 1026 maior
1224 989 1344 1026 solita
1366 989 1454 1026 visa
1479 993 1548 1026 est.

112 1063 350 1114 Suspicatus
382 1062 488 1100 enim
518 1062 572 1109 id,
603 1060 710 1111 quod
743 1063 851 1105 erat,
884 1060 1065 1109 receptui
1107 1073 1278 1110 propere
1317 1060 1472 1107 cecinit,
1509 1074 1554 1098 ac
1573 1062 1596 1097 2

112 1137 225 1175 misit
254 1136 304 1173 ad
336 1135 497 1181 flumen,
528 1134 633 1171 unde
651 1131 918 1182 aquabantur,
948 1132 1018 1169 ubi
1036 1134 1075 1169 et
1092 1132 1227 1182 excipi
1245 1133 1372 1183 aliqui
1388 1136 1552 1182 possent

114 1212 154 1247 et
183 1208 320 1246 notari
350 1207 492 1253 oculis,
523 1206 554 1243 si
590 1205 659 1254 qui
690 1205 791 1241 forte
823 1203 1039 1241 adustioris
1070 1204 1214 1241 coloris
1245 1208 1290 1242 ut
1320 1218 1367 1242 ex
1398 1205 1552 1241 recenti

111 1281 178 1319 via
209 1282 360 1325 essent;
395 1277 516 1315 simul
544 1275 786 1314 circumvehi
804 1277 947 1325 procul
972 1280 1101 1314 cast-ra
1128 1276 1241 1313 iubet
1267 1277 1556 1326 specularique,
1575 1278 1598 1313 3

110 1365 205 1390 num
236 1355 396 1389 auctum
428 1349 562 1399 aliqua
592 1352 706 1398 parte
753 1348 805 1385 sit
836 1348 999 1395 vallum,
1031 1351 1071 1385 et
1102 1351 1146 1385 ut
1177 1348 1397 1395 attendant,
1430 1349 1551 1386 semel

110 1424 225 1462 bisne
257 1423 415 1472 signum
446 1424 563 1458 canat
594 1420 635 1457 in
663 1420 816 1457 castris.
867 1420 928 1457 Ea
955 1433 1076 1470 quum
1109 1420 1247 1457 ordine
1265 1420 1399 1458 onmia
1429 1420 1601 1458 relata4

113 1498 254 1542 essent,
287 1497 417 1532 castra
442 1492 546 1530 nihil
571 1494 688 1530 aucta
710 1505 883 1530 errorem
917 1492 1141 1539 faciebant3
1173 1492 1267 1530 bina
1291 1495 1416 1539 erant,
1447 1491 1552 1528 sicut

112 1571 204 1606 ante
237 1567 449 1604 adventum
483 1564 657 1602 consulis
689 1564 855 1601 alterius
887 1565 1058 1610 fuerant,
1090 1577 1169 1600 una
1197 1563 1252 1600 M.
1271 1563 1395 1610 Livii,
1426 1564 1552 1601 altera

112 1639 158 1677 L.
191 1638 351 1685 Porcii3
382 1637 535 1674 neutris
553 1636 783 1686 quicquam,
816 1648 892 1684 quo
920 1636 1039 1672 latius
1065 1636 1310 1685 tenderetur,
1345 1635 1395 1672 ad
1426 1637 1551 1672 muni-

110 1714 245 1748 menta
276 1709 488 1748 adiectum.
535 1708 648 1745 Illud
680 1710 855 1744 veterem
885 1706 1023 1743 ducem
1061 1710 1339 1757 assuetumque
1370 1707 1552 1746 Romano
1573 1705 1595 1742 5

114 1781 222 1820 hosti
239 1781 377 1828 movit,
394 1780 501 1831 quod
518 1780 638 1817 semel
657 1780 697 1816 in
715 1778 916 1828 praetoriis
934 1779 1073 1816 castris
1091 1780 1259 1827 signum,
1275 1779 1338 1816 bis
1355 1780 1394 1816 in
1413 1793 1551 1817 consu—

112 1855 263 1892 laribus
281 1853 510 1891 referebant
527 1851 735 1898 cecinisse3
754 1851 853 1888 duos
871 1851 1050 1900 profecto
1069 1851 1250 1888 consules
1274 1864 1371 1901 esse,
1399 1854 1437 1888 et
1454 1865 1549 1901 quo-

115 1939 206 1964 nam
225 1925 344 1963 modo
361 1925 463 1962 alter
481 1925 531 1962 ab
548 1923 780 1961 Hannibale
799 1922 1064 1969 abscessisset,
1077 1936 1172 1960 cura
1188 1923 1372 1972 angebat.
1390 1923 1555 1962 Minime
1574 1927 1596 1962 6

112 1998 166 2046 id,
182 1998 291 2048 quod
308 2000 406 2044 erat,
424 1996 620 2046 suspicari
638 1998 807 2047 poterat,
838 1998 959 2032 tantae
984 1995 1042 2032 rei
1069 1995 1327 2033 frustratione
1343 1995 1551 2034 Hanniba-

111 2070 190 2107 lem
203 2069 370 2116 elusum,
381 2071 437 2115 ut,
449 2067 521 2106 ubi
541 2067 635 2115 dux,
648 2067 716 2105 ubi
730 2066 933 2105 exercitus
945 2070 1159 2114 esset,cum
1169 2080 1246 2117 quo
1258 2071 1387 2105 castra
1405 2068 1553 2105 collata

111 2141 316 2188 habuerit,
342 2141 571 2189 ignoraret3
603 2139 785 2189 profecto
810 2139 916 2176 haud
945 2139 1135 2177 mediocri
1162 2139 1274 2177 clade
1298 2139 1557 2176 absterritum
1574 2140 1596 2175 7

116 2213 276 2263 insequi
309 2225 389 2250 non
420 2224 580 2257 ausum;
621 2224 764 2260 magno
805 2224 926 2260 opere
963 2211 1106 2259 vereri,
1144 2224 1193 2249 ne
1233 2211 1405 2261 perditis
1434 2211 1555 2249 rebus

112 2298 247 2323 serum
280 2284 365 2335 ipse
397 2283 592 2321 auxilium
623 2283 809 2330 venisset,
840 2282 1112 2333 Romanisque
1144 2282 1281 2320 eadem
1297 2283 1375 2320 iam
1391 2284 1553 2320 fortuna

116 2357 158 2394 in
189 2356 325 2403 Italia,
358 2367 447 2406 quae
477 2355 518 2392 in
550 2354 762 2405 Hispania,
793 2359 908 2393 esset.
955 2355 1165 2393 Interdum
1201 2355 1356 2392 litteras
1387 2368 1477 2392 suas
1509 2354 1601 2392 adss

113 2441 202 2466 eum
233 2440 314 2465 non
345 2427 577 2478 pervenisse
608 2427 785 2474 credere}
824 2426 1138 2476 interceptisque
1171 2427 1238 2473 iis,
1269 2426 1470 2464 consulem
1502 2426 1553 2463 ad

114 2513 200 2538 sese
233 2499 544 2550 opprimendum
590 2500 842 2536 accelerasse.
912 2498 991 2536 His
1023 2499 1165 2536 anxius
1197 2498 1313 2544 curis,
1345 2498 1552 2535 exstinctis

115 2572 293 2621 ignibus,
322 2571 451 2620 viglia
481 2571 612 2621 prima
659 2570 752 2608 dato
785 2570 911 2619 signo,
943 2574 990 2607 ut
1020 2570 1136 2608 taciti
1168 2583 1263 2608 vasa
1296 2570 1552 2618 colligerent,

114 2644 230 2694 signa
261 2644 356 2682 ferri
388 2643 519 2682 iussit.
567 2643 616 2680 In
633 2643 906 2693 trepidatione
938 2645 977 2679 et
1007 2645 1202 2679 nocturno
1234 2642 1409 2679 tumultu
1433 2641 1553 2679 duces
1572 2642 1594 2678 9

1232 2710 1275 2744 S*
