1768 2943
556 99 660 130 Liber
685 99 794 130 XXII.
848 97 901 141 (A.
931 99 991 131 Ch.
1019 98 1113 140 217.)
1489 100 1541 141 87

125 237 166 268 ut
190 236 251 268 est
271 231 425 280 perlata
449 230 555 266 fama
578 231 633 266 rei
655 236 794 278 gestae,
829 230 925 266 dein
948 230 1085 266 litteris
1108 243 1192 267 non
1215 232 1343 279 magis
1365 232 1542 280 ipsorum

124 303 412 350 imperatorum
444 313 565 349 quam
595 301 714 349 vulgo
747 301 914 337 militurn
948 313 996 337 ex
1028 306 1198 348 utroque
1232 302 1407 338 exercitu
1441 302 1544 338 affir—

123 377 245 417 mata,
278 384 353 420 pro
386 383 430 408 se
463 371 632 420 quisque
664 371 886 408 Maximum
926 371 1112 407 laudibus
1153 372 1207 406 ad
1247 372 1386 408 caelum
1426 372 1541 409 ferre.

123 443 199 479 Par
240 442 368 491 gloria
412 443 522 491 apud
566 442 838 478 Hannibalem
882 441 1102 489 hostesque
1146 441 1297 478 Poenos
1340 449 1445 486 erat;
1496 440 1583 480 acS

122 518 205 549 tum
238 514 403 549 demum
437 513 598 557 sentire,
639 525 729 550 cum
762 512 958 548 Romanis
1002 517 1123 560 atque
1163 511 1203 548 in
1243 511 1356 548 Italia
1395 512 1539 549 bellum

122 595 231 627 esse;
264 596 359 620 nam
393 583 559 620 biennio
592 589 686 620 ante
720 583 827 620 adeo
862 589 901 619 et
933 584 1059 620 duces
1083 583 1294 633 Romanos
1327 589 1367 618 et
1399 580 1583 621 milites9

121 660 368 703 spreverant,
401 660 445 690 ut
475 654 538 690 vix
570 666 660 690 cum
694 654 839 689 eadem
872 659 995 701 gente
1027 653 1174 690 bellum
1201 665 1290 690 esse
1315 654 1540 695 crederent.

122 724 234 762 cuius
266 725 483 761 terribilem
516 724 665 760 famam
690 736 713 760 a
737 725 916 773 patribus
950 724 1218 772 accepissent.
1268 724 1540 761 Hannibalern
1564 722 1614 762 lO

121 807 284 844 quoque
308 807 357 832 ex
381 795 469 832 acie
493 796 733 832 redeuntem
751 795 900 831 dixisse
919 794 1063 838 ferunt,
1083 796 1251 831 tandem
1269 808 1357 832 eam
1378 797 1539 840 nubem,

119 878 209 914 quae
232 866 377 903 sedere
401 866 442 902 in
466 866 569 915 iugis
592 866 790 903 montium
815 865 932 902 solita
957 865 1018 908 sit,
1053 877 1142 902 cum
1168 867 1346 914 procella
1373 867 1539 903 imbrem

119 937 299 974 dedisse.
336 946 339 947 ’

236 1007 344 1043 Dum
378 1007 468 1044 haec
511 1014 703 1056 geruntur
746 1008 787 1044 in
828 1007 955 1051 Italia,
1000 1006 1075 1043 Cn.
1117 1008 1303 1044 Servilius
1342 1007 1538 1044 Geminus
1603 1001 1646 1046 31

118 1078 261 1115 consul
276 1090 366 1114 cum
384 1078 513 1114 classe
531 1083 680 1114 centum
700 1079 850 1126 viginti
862 1079 1024 1114 navium
1043 1078 1331 1115 circumvectus
1345 1079 1539 1116 Sardiniae

118 1153 158 1184 et
176 1147 352 1185 Corsicae
384 1160 510 1194 oram,
545 1155 585 1186 et
617 1150 827 1186 obsidibus
854 1149 1040 1197 utrinque
1073 1149 1264 1198 acceptis,
1299 1150 1338 1185 in
1364 1149 1539 1186 Africam

119 1219 349 1263 transmisit,
374 1225 426 1264 et,
450 1220 682 1269 priusquam
705 1220 745 1256 in
769 1220 1047 1258 continentem
1066 1221 1350 1257 escensionem
1375 1219 1537 1263 faceret,
1555 1216 1585 1256 2

118 1289 282 1338 Menige
315 1290 446 1327 insula
478 1297 635 1328 vastata
673 1296 713 1328 et
744 1292 796 1327 ab
834 1291 1106 1329 incolentibus
1141 1290 1368 1331 Cercinam,
1408 1303 1460 1327 ne
1500 1298 1539 1327 et

116 1360 295 1409 ipsorum
326 1367 506 1398 ureretur
537 1362 855 1411 diripereturque
888 1374 997 1410 ager,
1032 1363 1175 1399 decem
1200 1362 1360 1398 talentis
1383 1363 1539 1410 argenti

116 1432 308 1481 acceptis,
342 1433 396 1468 ad
428 1432 545 1469 litora
562 1433 706 1470 Africae
730 1433 902 1470 accessit
935 1433 1156 1481 copiasque
1190 1432 1389 1481 exposuit.
1437 1432 1537 1468 Inde
1554 1430 1579 1469 3

116 1504 170 1539 ad
203 1504 484 1552 populandum
516 1516 656 1552 agrum
689 1504 799 1541 ducti
831 1504 975 1540 milites
1013 1504 1259 1552 navalesque
1299 1503 1397 1540 socii
1430 1504 1536 1539 iuxta

116 1573 244 1618 effusi,
271 1585 318 1610 ac
345 1574 376 1611 si
395 1575 436 1610 in
453 1574 592 1611 insulis
611 1575 808 1611 cultorum
826 1575 1039 1624 egentibus
1057 1575 1347 1623 praedarentur.
1396 1574 1536 1622 Itaque
1552 1570 1579 1610 4

115 1644 156 1680 in
189 1644 357 1681 insidias
391 1651 542 1681 temere
573 1645 683 1690 illati,
725 1657 847 1693 quum
880 1657 904 1681 a
936 1645 1213 1693 frequentibus
1245 1645 1443 1693 palantes,
1487 1646 1535 1680 ab

116 1715 297 1751 locorum
329 1715 465 1763 gnaris
497 1715 626 1764 ignari
659 1716 1050 1758 circumvenirentur,
1085 1727 1174 1752 cum
1207 1715 1331 1751 multa
1354 1716 1467 1752 caede
1490 1727 1536 1750 ac

115 1784 227 1821 foeda
252 1785 348 1834 fuga
371 1791 477 1822 retro
502 1787 556 1822 ad
584 1798 707 1823 naves
732 1786 928 1834 compulsi
954 1791 1058 1822 sunt.
1107 1786 1171 1822 Ad
1197 1785 1302 1821 mille
1330 1786 1536 1822 hominum
1552 1783 1578 1823 5

117 1867 207 1893 cum
221 1855 284 1892 Ti.
299 1856 542 1905 Sempronio
555 1856 687 1894 Blaeso
701 1862 901 1905 quaestore
914 1856 1118 1900 amissum,
1134 1857 1272 1893 classis
1287 1857 1337 1892 ab
1355 1856 1536 1892 litoribus

115 1926 291 1963 hostium
333 1927 462 1975 plenis
505 1928 662 1976 trepide
708 1928 840 1964 soluta
880 1928 921 1963 in
966 1927 1140 1964 Siciliam
1189 1939 1346 1965 cursum
1395 1927 1534 1966 tenuit.

115 1997 344 2046 traditaque
369 1997 535 2047 Lilybaei
560 1998 609 2035 T.
635 1997 809 2035 Otacilio
842 1998 1016 2047 praetori,
1050 2003 1093 2034 ut
1125 1999 1175 2034 ab
1209 1999 1346 2047 legato
1379 1999 1464 2034 eius
1492 1996 1576 2035 P.6

116 2066 260 2104 Cincio
278 2069 451 2104 Romam
469 2069 740 2105 reduceretur.
789 2068 881 2118 Ipse
899 2081 971 2117 per
987 2070 1162 2106 Siciliam
1186 2071 1359 2118 pedibus
1378 2069 1537 2118 profec-
1553 2067 1574 2107 7

113 2143 176 2174 tus
209 2137 312 2175 freto
344 2139 385 2175 in
417 2138 572 2176 Italiam
606 2140 774 2184 traiecit,
808 2140 945 2177 litteris
970 2140 1021 2186 Q.
1047 2140 1160 2176 Fabii
1193 2141 1345 2177 accitus
1378 2146 1418 2176 et
1449 2141 1535 2188 ipse

113 2214 154 2245 et
185 2209 342 2258 collega
374 2209 459 2246 eius
491 2209 547 2247 M.
581 2211 735 2254 Atilius,
769 2217 812 2247 ut
844 2211 1039 2247 exercitus
1079 2212 1130 2247 ab
1172 2223 1228 2255 se,
1272 2217 1415 2248 exacto
1455 2211 1532 2246 iam

114 2291 244 2328 prope
276 2281 458 2317 semestri
489 2281 673 2330 imperio,
706 2281 951 2330 acciperent.

232 2349 423 2387 Omnium
466 2363 594 2401 prope
637 2352 806 2388 annales
846 2352 1013 2388 Fabium
1055 2352 1298 2389 dictatorem
1341 2350 1574 2389 adversus&

115 2419 389 2457 Hannibalem
413 2433 497 2458 rem
521 2423 697 2471 gessisse
722 2423 904 2465 tradunt;
939 2422 1084 2460 Caelius
1105 2423 1224 2459 etiam
1250 2435 1340 2459 eum
1364 2423 1532 2472 primum

113 2502 136 2526 a
169 2491 322 2540 populo
356 2497 532 2529 creatum
566 2493 805 2530 dictatorem
839 2493 987 2530 scribit.
1035 2493 1117 2529 Sed
1150 2499 1191 2529 et
1215 2492 1379 2530 Caelium
1406 2498 1445 2528 et
1470 2492 1573 2529 (te-5)

113 2566 222 2598 teros
255 2561 368 2611 fugit,
401 2563 469 2599 uni
495 2563 651 2600 consuli
676 2563 751 2600 Cn.
769 2564 950 2608 Servilio,
977 2564 1043 2611 qui
1070 2569 1151 2600 tum
1178 2564 1316 2612 procul
1343 2564 1383 2599 in
1402 2562 1531 2599 Gallia

113 2631 320 2679 provincia
351 2633 504 2678 aberat,
537 2634 597 2671 ius
630 2634 752 2670 fuisse
785 2634 950 2671 dicendi
974 2634 1200 2675 dictatoris;
1235 2646 1356 2682 quam
1379 2645 1532 2670 moram
1552 2632 1605 2672 10
