1789 2955
255 106 336 147 183
678 105 783 136 Liber
803 104 927 136 xxrv.
965 104 1021 146 (A.
1044 115 1074 136 u.
1096 114 1125 135 c.
1147 104 1242 147 540.)

211 234 235 274 3
252 236 355 271 viam
379 235 484 272 hosti
509 240 624 283 parat
648 247 723 272 nec
747 247 902 271 moram
927 236 1148 273 dimicandi
1172 235 1319 273 facere.
1378 235 1424 272 C.
1451 235 1665 272 Claudium

251 305 456 342 Neronem
497 317 586 342 cum
623 306 771 341 robore
811 306 988 354 equitum
1027 306 1185 343 silentio
1218 306 1350 343 noctis
1381 319 1453 355 per
1485 319 1666 344 aversam

250 375 422 412 maxime
463 376 513 411 ab
548 375 664 412 hoste
697 381 855 424 portam
888 376 1043 421 emittit,
1087 376 1475 425 circumvectumque
1508 378 1666 414 occulte

251 446 441 493 subsequi
467 445 616 482 sensim
643 458 791 493 agmen
817 446 991 482 hostium
1015 446 1127 482 iubet
1144 452 1196 491 et,
1221 458 1342 494 quum
1361 452 1545 483 coortum
1562 459 1667 496 proe-

208 512 343 552 4lium
382 516 549 560 videret,
593 517 643 552 ab
683 522 797 564 tergo
819 504 880 552 'se
919 516 1109 553 obiicere.
1186 516 1234 552 Id
1266 529 1400 553 errore
1431 516 1582 553 viarum
1614 529 1667 554 an

250 586 466 634 exiguitate
498 586 691 634 temporis
716 585 824 622 Nero
850 587 1015 635 exsequi
1038 599 1124 623 non
1148 587 1336 635 potuerit,
1370 587 1566 623 incertum
1591 592 1665 624 est.

209 652 235 691 ὃ
250 656 430 692 Absente
456 668 506 692 eo
532 668 653 704 quum
677 657 859 705 proelium
878 657 1137 694 commissum
1156 662 1276 701 esset,
1303 657 1484 706 superior
1502 657 1666 705 quidem

250 727 360 762 haud
392 727 514 763 dubie
540 727 749 763 Romanus
782 733 886 771 erat;
921 728 995 764 sed
1028 727 1121 776 quia
1153 728 1308 776 equites
1340 739 1425 764 non
1452 727 1603 764 affuere
1622 714 1667 764 'in

250 806 446 845 tempore,
475 797 576 833 ratio
602 797 839 846 compositae
862 798 918 833 rei
943 798 1102 834 turbata
1125 803 1199 835 est.
1247 797 1341 834 Non
1365 810 1486 834 ausus
1509 797 1667 846 insequi

250 868 444 904 cedentes
478 867 690 904 Marcellus
729 867 980 904 vincentibus
1024 868 1104 904 suis
1137 868 1295 916 signum
1327 869 1505 916 receptui
1538 869 1666 905 dedit.

208 934 232 973 ⁴5
249 938 340 974 Plus
373 944 510 974 tamen
543 939 626 973 duo
659 937 780 973 millia
813 938 987 974 hostium
1021 951 1071 974 eo
1106 938 1172 974 die
1197 950 1301 975 caesa
1326 939 1549 983 traduntur,
1583 940 1667 975 Ro-

211 1003 232 1043 7
249 1008 359 1044 mani
397 1009 527 1045 minus
568 1008 867 1056 quadringenti.
946 1009 1049 1045 Solis
1091 1009 1173 1045 fere
1213 1020 1362 1046 occasu
1393 1007 1517 1053 Nero,
1559 1010 1667 1045 diem

249 1085 494 1127 noctemque
519 1079 790 1126 nequicquam
815 1078 991 1127 fatigatis
1016 1079 1129 1127 equis
1155 1079 1480 1127 hominibusque,
1505 1092 1557 1115 ne
1581 1080 1668 1116 viso

249 1149 414 1197 quidem
438 1149 554 1185 hoste
578 1149 754 1193 rediens,
781 1149 889 1185 adeo
914 1149 1087 1197 graviter
1104 1155 1165 1185 est
1183 1150 1233 1185 ab
1252 1149 1418 1186 consule
1435 1135 1667 1198 increpitus,

249 1225 291 1255 ut
322 1232 394 1268 per
426 1232 517 1255 eum
550 1220 708 1255 stetisse
741 1219 906 1263 diceret,
941 1231 1022 1267 quo
1055 1220 1186 1255 minus
1219 1226 1389 1268 accepta
1422 1222 1476 1257 ad
1503 1220 1668 1257 Cannas

208 1286 232 1325 8
247 1290 485 1326 redderetur
512 1289 618 1325 hosti
643 1290 794 1326 clades.
857 1289 1027 1326 Postero
1053 1291 1120 1325 die
1145 1290 1354 1327 Romanus
1378 1291 1421 1327 in
1445 1291 1574 1328 aciem
1598 1293 1669 1328 de-

249 1361 420 1404 scendit,
464 1360 626 1403 Poenus,
667 1360 787 1396 tacita
820 1360 940 1395 etiam
974 1359 1235 1397 confessione
1268 1362 1406 1405 victus,
1450 1362 1590 1398 castris
1624 1373 1667 1398 se

249 1430 388 1466 tenuit.
437 1429 576 1466 Tertio
602 1430 668 1466 die
692 1430 852 1466 silentio
882 1430 1025 1474 noctis,
1053 1431 1202 1467 omissa
1221 1443 1292 1479 spe
1310 1430 1425 1468 Nolae
1443 1416 1667 1479 potiundae,

248 1501 304 1537 rei
329 1512 537 1548 nunquam
561 1513 756 1549 prospere
780 1506 956 1544 tentatae,
992 1500 1214 1536 Tarentum
1239 1501 1294 1537 ad
1318 1502 1528 1538 certiorem
1555 1514 1669 1550 spem

250 1571 492 1619 proditionis
525 1570 802 1619 proficiscitur.

143 1639 186 1683 18
368 1640 453 1677 Nec
501 1641 656 1677 minore
697 1642 833 1678 animo
873 1653 937 1678 res
980 1642 1168 1677 Romana
1208 1642 1320 1678 domi
1360 1653 1481 1689 quam
1522 1642 1669 1679 militiae

208 1712 234 1752 2
247 1712 476 1760 gerebatur.
526 1710 743 1753 Censores,
763 1712 877 1748 vacui
895 1712 945 1747 ab
965 1724 1132 1761 operum
1151 1712 1419 1749 locandorum
1437 1724 1531 1749 cura
1548 1724 1669 1761 prop-

250 1788 308 1818 ter
332 1783 515 1831 inopiam
540 1782 678 1826 aerarii,
703 1783 757 1818 ad
783 1794 917 1818 mores
943 1783 1150 1819 hominum
1175 1783 1381 1831 regendos
1399 1783 1575 1819 animum
1595 1783 1668 1819 ad-

250 1858 452 1889 verterunt
476 1852 798 1900 castigandaque
822 1853 928 1896 vitia,
958 1865 1060 1901 quae,
1086 1854 1192 1889 velut
1210 1853 1373 1889 diutinis
1390 1853 1541 1890 morbis
1560 1865 1669 1902 aegra

210 1923 235 1963 3
250 1935 423 1972 corpora
440 1936 488 1959 ex
507 1935 596 1960 sese
613 1923 797 1971 gignunt,
817 1935 867 1959 eo
887 1929 983 1959 nata
1000 1924 1106 1959 bello
1125 1929 1252 1960 erant.
1291 1923 1463 1959 Primum
1482 1935 1554 1960 eos
1573 1924 1669 1960 cita-

250 1999 403 2038 verunt,
430 1994 496 2042 qui
520 1999 614 2042 post
633 1992 949 2029 Cannensem⁹⁵⁹⁶
963 1989 992 2043 l)
1019 1993 1270 2030 dicebantur.
1320 1994 1511 2042 Princeps
1529 2006 1668 2030 eorum

209 2064 306 2103 431.
334 2063 518 2100 Caecilius
542 2063 728 2100 Metellus
761 2069 936 2111 quaestor
967 2070 1050 2100 tum
1085 2064 1187 2100 forte
1216 2069 1312 2100 erat.
1375 2063 1491 2100 Iusso
1516 2064 1669 2101 deinde

252 2147 302 2171 eo
336 2135 560 2183 ceterisque
594 2134 777 2170 eiusdem
810 2146 926 2170 noxae
959 2135 1036 2171 reis
1061 2147 1225 2171 causam
1250 2133 1399 2180 dicere,
1433 2147 1555 2183 quum
1578 2147 1669 2183 pur—

251 2205 335 2254 gari
369 2205 617 2253 nequissent,
652 2205 975 2253 pronuntiarunt,
1009 2206 1131 2241 verba
1163 2204 1471 2253 orationemque
1497 2217 1569 2241 eos
1597 2206 1670 2241 ad-

240 2287 388 2312 versus
406 2287 490 2311 rem
507 2275 708 2324 publicam
727 2275 930 2320 habuisse,
949 2288 1029 2324 quo
1049 2275 1274 2313 coniuratio
1293 2275 1534 2312 deserendae
1545 2275 1669 2312 Italiae

211 2346 376 2385 ficausa
408 2346 532 2382 fieret.
604 2346 835 2382 Secundum
870 2359 942 2383 eos
975 2347 1083 2383 citati
1116 2346 1234 2383 nimis
1267 2345 1400 2382 callidi
1432 2346 1668 2382 exsolvendi

252 2417 344 2453 iuris
376 2416 535 2453 iurandi
568 2416 820 2464 interpretes,
863 2417 930 2464 qui
963 2417 1213 2466 captivorum
1245 2429 1294 2452 ex
1324 2416 1466 2452 itinere
1497 2416 1668 2464 regressi

253 2487 355 2523 clam
380 2487 420 2522 in
445 2492 576 2523 castra
594 2486 834 2523 Hannibalis
860 2487 1047 2531 solutum,
1074 2488 1187 2535 quod
1203 2487 1431 2523 iuraverant
1453 2486 1667 2530 redituros,

211 2558 236 2597 ὓ
252 2558 455 2594 rebantur.
520 2556 593 2593 His
624 2557 977 2606 superioribusque
1008 2557 1082 2593 illis
1107 2557 1199 2605 equi
1223 2556 1416 2605 adempti,
1451 2556 1518 2604 qui
1541 2556 1670 2604 publi-

290 2647 317 2692 ¹)
346 2649 553 2680 Exciderunt
591 2649 744 2690 quaedam
784 2649 817 2679 in
856 2649 942 2679 hanc
982 2649 1200 2680 sententiam:
1249 2648 1414 2679 cladem
1453 2648 1502 2678 de
1540 2647 1670 2678 Italia

348 2708 589 2739 deserenda
616 2708 817 2749 agitasse.
