1789 2955
497 97 612 134 Liber
636 97 783 133 xxix.
832 99 893 143 (A.
920 98 984 133 eh.
1009 99 1102 144 204.)
1433 102 1513 139 207

85 226 294 277 Syracusis
311 239 399 264 eum
416 229 698 264 convenerunt.
738 224 875 276 Scipio
903 239 1129 276 quanquam
1153 240 1296 276 magno
1320 230 1516 264 momento
1535 228 1558 263 2

85 313 217 338 rerum
249 299 290 336 in
320 298 466 336 Africa
505 297 767 348 gerendarum
807 310 1028 348 magnaque
1067 312 1136 349 spe
1175 298 1390 336 destitutus
1420 303 1516 346 erat,

85 371 229 421 legatis
245 383 430 421 propere,
462 370 694 421 priusquam
711 383 773 407 res
789 370 1033 419 vulgaretur,
1063 370 1237 408 remissis
1261 370 1304 407 in
1320 370 1514 418 Africam,

86 444 242 482 litteras
274 442 344 480 dat
374 442 426 481 ad
457 455 603 491 regem,
636 442 779 492 quibus
812 442 930 480 etiam
963 445 1080 492 atque
1105 442 1224 480 etiam
1256 446 1392 480 monet
1422 456 1520 489 eum,
1538 443 1563 480 3

86 529 135 554 ne
165 515 254 553 iura
282 513 450 565 hospitii
481 527 614 552 secum
644 527 721 551 neu
753 527 840 551 cum
870 514 1018 564 populo
1042 514 1222 552 Romano
1255 514 1364 551 initae
1395 514 1515 552 socie-

84 588 180 626 tatis
209 600 289 624 neu
318 586 390 634 fas,
422 586 550 632 fidem,
582 586 776 631 dexteras,
809 585 903 624 deos
926 589 1048 624 testes
1079 590 1197 636 atque
1221 586 1393 624 arbitros
1425 600 1515 623 con-

85 662 293 698 ventorum
335 659 461 698 fallat.
523 657 729 705 Ceterum,
774 657 934 707 quando
978 671 1106 708 neque
1156 658 1278 696 celari
1325 659 1561 696 adventus4

86 731 349 771 Numidarum
381 733 540 781 poterat
572 730 722 779 (Vagati
754 731 858 768 enim
890 730 931 767 in
969 732 1068 768 urbe
1107 730 1386 780 obversatique
1417 744 1516 781 prae-

85 803 190 842 torio
215 804 344 852 erant)
363 805 413 850 et,
444 802 479 840 si
503 802 697 849 sileretur,
730 802 827 852 quid
850 806 1029 852 petentes
1051 802 1265 851 venissent,
1295 803 1515 853 periculum

86 878 181 924 erat,
211 889 261 913 ne
290 888 387 913 vera
427 889 471 912 eo
512 875 618 925 ipso,
665 874 771 924 quod
803 875 1046 922 celarentur,
1091 888 1161 912 sua
1206 879 1346 925 sponte
1391 876 1517 925 magis

87 951 327 994 emanarent,
358 947 560 997 timorque
592 947 632 983 in
659 947 836 984 exercitu
861 946 1064 995 insideret,
1096 961 1145 984 ne
1171 947 1288 984 simul
1313 961 1400 985 cum
1423 961 1517 997 rege

87 1023 126 1058 et
158 1019 556 1069 Carthaginiensibus
600 1019 704 1056 foret
733 1019 979 1065 bellandum,
1026 1005 1171 1056 avertit
1215 1033 1237 1056 a
1281 1033 1376 1057 vero
1407 1020 1518 1057 falsis

86 1092 405 1143 praeoccupando
450 1095 601 1129 mentes
646 1091 867 1136 hominum,
913 1093 952 1127 et
1002 1092 1153 1128 vocatis
1200 1091 1249 1128 ad
1295 1090 1563 1129 contionemf)

86 1164 297 1211 militibus,
329 1177 408 1201 non
438 1165 547 1202 ultra
570 1178 653 1202 esse
678 1163 943 1201 cunctandum
974 1163 1052 1209 ait3
1084 1163 1244 1211 instare,
1274 1167 1319 1200 ut
1349 1164 1390 1200 in
1407 1162 1517 1201 Afri-

89 1250 173 1275 cam
191 1250 307 1287 quam
324 1237 499 1286 primum
514 1236 705 1282 traiiciat‚
729 1235 856 1273 socios
879 1248 1004 1285 reges.
1044 1235 1296 1273 Masinissam
1321 1236 1430 1285 prius
1459 1236 1517 1285 ip-

89 1322 173 1347 sum
200 1308 252 1347 ad
278 1308 321 1348 C.
347 1308 519 1346 Laelium
542 1308 697 1346 venisse
724 1310 965 1357 querentem,
989 1307 1095 1357 quod
1120 1308 1341 1345 cunctando
1363 1311 1518 1358 tempus

88 1384 303 1428 tereretur;
333 1394 439 1418 nunc
470 1379 693 1431 Syphacem
727 1380 884 1417 mittere
918 1381 1071 1428 legatos
1110 1379 1214 1417 idem
1245 1380 1518 1427 admirantem,
1538 1380 1562 1416 6

90 1466 177 1504 quae
215 1456 298 1491 tam
329 1453 529 1491 diuturnae
560 1466 680 1490 morae
717 1453 770 1490 sit
801 1466 937 1499 causa,
977 1452 1343 1502 postulantemque,
1376 1455 1420 1489 ut
1452 1456 1520 1489 aut

88 1526 315 1564 traiiciatur
344 1525 506 1563 tandem
537 1525 579 1562 in
609 1524 792 1563 Africam
824 1525 1034 1574 exercitus,
1067 1527 1148 1574 aut,
1181 1525 1215 1561 si
1244 1527 1397 1561 mutata
1429 1537 1518 1561 con—

90 1598 182 1635 silia
211 1598 304 1645 sint,
336 1598 482 1635 certior
512 1597 603 1644 fiat,
647 1602 692 1636 ut
723 1601 762 1635 et
808 1598 892 1648 ipse
938 1596 1016 1634 sibi
1064 1610 1108 1634 ac
1138 1610 1260 1646 regno
1292 1610 1361 1634 suo
1392 1596 1521 1646 possit

91 1670 309 1708 consulere.
370 1670 514 1720 Itaque
561 1670 660 1708 satis
707 1667 785 1704 iam
832 1669 1013 1706 omnibus
1046 1669 1253 1706 instructis
1284 1668 1527 1718 paratisque,
1546 1669 1567 1704 7

91 1747 131 1781 et
160 1756 203 1781 re
234 1743 312 1780 iam
343 1757 421 1781 non
452 1743 560 1780 ultra
589 1740 809 1790 recipiente
840 1741 1153 1788 cunctationem,
1194 1742 1236 1778 in
1282 1740 1413 1778 animo
1444 1740 1521 1778 sibi

91 1828 192 1862 esse,
224 1814 448 1864 Lilybaeum
495 1815 619 1852 classe
648 1813 833 1852 traducta
865 1813 1081 1863 eodemque
1128 1813 1309 1851 omnibus
1339 1812 1520 1862 peditum

90 1887 348 1938 equitumque
380 1887 504 1938 copiis
536 1887 760 1932 contractis,
791 1899 878 1936 quae
909 1886 1040 1937 prima
1065 1885 1149 1923 dies
1174 1899 1331 1923 cursum
1355 1885 1521 1923 navibus

92 1959 216 2007 daret,
249 1959 335 1997 deis
379 1960 480 1997 bene
513 1959 743 1996 iuvantibus
788 1960 829 1996 in
861 1959 1043 1996 Africam
1088 1958 1287 1996 traiicere.
1347 1957 1567 1994 Litterasss

91 2032 141 2070 ad
170 2032 226 2070 M.
257 2032 522 2083 Pomponium
548 2031 683 2078 mittit,
713 2034 769 2078 ut,
800 2031 834 2068 si
858 2031 897 2068 ei
919 2031 1133 2077 videretur,
1164 2029 1391 2078 Lilybaeum
1414 2029 1522 2067 veni-

90 2108 163 2152 ret,
192 2107 238 2141 ut
268 2104 530 2142 communiter
561 2104 823 2150 consulerent,
863 2116 960 2153 quas
990 2103 1245 2154 potissimum
1276 2102 1452 2151 legiones
1485 2104 1525 2139 et

94 2180 287 2227 quantum
332 2176 505 2214 militum
550 2189 755 2213 numerum
808 2176 849 2213 in
895 2174 1079 2213 Africam
1123 2174 1342 2212 traiiceret.
1419 2173 1564 2210 ltemfi)

94 2249 242 2288 circum
287 2262 395 2287 oram
441 2262 594 2286 omnem
625 2248 863 2286 maritimam
909 2248 1033 2295 misit,
1085 2250 1131 2285 ut
1173 2260 1293 2284 naves
1332 2245 1523 2282 onerariae

98 2333 338 2371 comprensae
370 2320 593 2369 Lilybaeum
625 2333 758 2358 omnes
790 2320 1132 2358 contraherentur.
1192 2318 1393 2368 Quicquid
1424 2318 1525 2355 mili-
1547 2318 1597 2354 10

93 2396 177 2431 tum
214 2393 455 2443 naviumque
500 2393 541 2430 in
580 2391 717 2430 Sicilia
761 2396 863 2440 erat,
902 2405 1023 2442 quum
1052 2391 1277 2440 Lilybaeum
1319 2390 1522 2428 convenis-

95 2468 166 2512 set,
197 2468 237 2503 et
266 2478 339 2503 nec
369 2465 465 2503 urbs
496 2464 794 2502 multitudinem
825 2465 1030 2503 hominum
1067 2477 1194 2513 neque
1232 2466 1371 2513 portus
1403 2475 1523 2500 naves

95 2540 266 2587 caperet,
297 2540 433 2575 tantus
464 2538 646 2576 omnibus
674 2537 793 2575 ardor
817 2539 904 2574 erat
934 2537 975 2573 in
1001 2535 1182 2573 Africam
1212 2534 1453 2582 traiiciendi,
1485 2537 1527 2572 ut
1549 2535 1595 2572 11

96 2622 174 2647 non
193 2608 243 2647 ad
266 2609 418 2647 bellum
446 2610 538 2648 duci
564 2610 806 2657 viderentur,
837 2609 904 2647 sed
937 2608 985 2645 ad
1012 2611 1119 2646 certa
1143 2607 1322 2645 victoriae
1345 2607 1520 2657 praemia.

96 2680 317 2731 Praecipue,
349 2682 418 2732 qui
449 2683 691 2732 superabant
731 2696 778 2719 ex
811 2681 1009 2719 Cannensi
1048 2680 1223 2718 exercitu
1252 2679 1410 2725 milites,
1441 2679 1525 2726 illo,
