1768 2943
526 115 630 146 Liber
655 116 782 146 xxm.
834 115 890 158 (A.
912 116 973 148 Ch.
995 116 1091 158 216.)
1436 121 1517 161 139

96 247 289 296 praesidio
315 247 473 291 fuerint,
500 253 637 284 votum
662 247 842 284 solvisse.
890 247 1005 284 Idem
1029 249 1163 285 titulus
1189 250 1312 286 tribus
1337 251 1460 299 signis
1478 251 1519 288 in

96 318 188 354 aede
211 317 400 354 Fortunae
424 318 566 366 positis
592 317 664 353 fuit
688 318 905 355 subiectus.
954 318 1174 355 Casilinum
1201 321 1397 368 oppidum
1426 323 1516 358 red·
1579 315 1639 360 20

98 388 229 424 ditum
247 387 468 437 Campanis
493 394 565 433 est,
591 388 789 425 firmatum
815 388 1165 437 septingentorum
1189 390 1356 426 militum
1383 392 1434 427 de
1453 405 1519 428 ex-

99 458 223 494 ercitu
252 457 493 495 Hannibalis
519 459 722 508 praesidio,
752 472 817 501 ne,
848 459 914 495 ubi
939 460 1088 496 Poenus
1116 460 1212 496 inde
1242 461 1518 506 abscessisset,

97 528 274 565 Romani
293 535 591 578 oppugnarent.
645 529 901 566 Praenestinis
919 530 1107 567 militibus
1126 537 1291 567 senatus
1310 532 1519 568 Romanus
1535 530 1561 571 2

100 599 252 647 duplex
277 599 523 648 stipendium
543 606 583 637 et
600 601 865 649 quinquennii
882 601 1030 638 militiae
1048 601 1304 638 vacationem
1322 602 1518 645 decrevit;

69 656 72 657 ⁷
98 669 259 706 civitate
277 682 398 718 quum
417 671 668 708 donarentur
686 672 739 708 ob
757 672 954 716 virtutem,
979 683 1064 708 non
1083 677 1349 709 mutaverunt.
1400 673 1521 709 Peru·
1536 671 1561 711 3

99 739 278 776 sinorum
311 752 428 778 casus
462 742 671 779 obscurior
704 741 812 777 fama
845 748 918 786 est,
953 743 1046 790 quia
1071 754 1146 779 nec
1172 743 1352 791 ipsorum
1378 755 1521 779 monu-

97 815 237 847 mento
270 811 350 847 ullo
384 817 444 848 est
475 812 692 849 illustratus
724 824 800 848 nec
834 813 1002 849 decreto
1036 813 1328 850 Romanorum.

217 881 378 918 Eodem
404 889 587 931 tempore
606 882 823 927 Petelinos,
850 883 916 931 qui
941 883 1009 919 uni
1035 895 1083 919 ex
1101 882 1262 920 Bruttiis
1288 882 1562 922 manserant4

96 951 139 988 in
157 952 332 989 amicitia
349 954 550 998 Romana,
577 966 663 990 non
682 952 1040 1002 Carthaginienses
1059 955 1200 998 modo,
1227 954 1293 1001 qui
1312 954 1521 1002 regionem

98 1023 352 1068 obtinebant,
381 1025 455 1061 sed
479 1024 618 1060 Bruttii
645 1036 807 1073 quoque
836 1024 958 1060 ceteri
988 1025 1040 1060 ob
1067 1030 1254 1073 separata
1280 1025 1331 1060 ab
1357 1036 1399 1060 se
1426 1036 1523 1061 con—

97 1093 185 1129 silia
217 1096 526 1143 oppugnabant.
591 1095 746 1142 Quibus
780 1107 900 1143 quum
936 1095 1132 1131 obsistere
1165 1096 1279 1132 malis
1309 1093 1564 1144 nequirent5

97 1163 280 1209 Petelini,
315 1165 472 1214 legatos
501 1167 675 1203 Romam
708 1167 762 1202 ad
795 1165 1025 1214 praesidium
1059 1166 1282 1213 petendum
1316 1167 1522 1203 miserunt.

98 1233 283 1280 Quorum
314 1248 456 1284 preces
488 1237 742 1285 lacrimaeque
777 1235 831 1286 (in
865 1241 1029 1284 questus
1064 1237 1171 1272 enim
1199 1237 1367 1281 flebiles,
1402 1249 1523 1285 quum

99 1304 259 1341 sibimet
285 1305 361 1354 ipsi
389 1308 600 1344 consulere
630 1308 725 1344 iussi
751 1313 854 1351 sunt,
886 1319 975 1343 sese
1000 1307 1040 1343 in
1066 1307 1264 1344 vestibulo
1290 1309 1408 1344 curiae
1432 1320 1524 1356 pro-

99 1374 304 1428 fuderunt)
336 1378 545 1427 ingentem
577 1379 897 1416 misericordiam
930 1378 1110 1427 patribus
1138 1390 1184 1415 ac
1209 1379 1362 1427 populo
1388 1390 1525 1415 move-

98 1453 202 1491 runt,
229 1449 482 1498 consultique
507 1450 649 1485 iterum
675 1463 697 1486 a
716 1449 771 1485 M.
792 1449 955 1485 AEmilio
980 1454 1152 1496 praetore
1177 1455 1326 1497 patres,
1357 1449 1522 1485 circum·
1539 1446 1563 1486 6

99 1518 249 1566 spectis
284 1520 472 1557 omnibus
504 1521 658 1569 imperii
689 1520 849 1563 viribus,
882 1519 996 1555 fateri
1024 1520 1169 1564 coacti,
1204 1520 1301 1556 nihil
1330 1520 1410 1555 iam
1438 1520 1525 1555 lon—

97 1588 260 1637 ginquis
287 1591 408 1627 sociis
437 1592 477 1627 in
504 1603 546 1627 se
575 1591 751 1640 praesidii
777 1603 880 1634 esse,
910 1590 1040 1626 redire
1068 1591 1248 1635 domum,
1280 1591 1441 1638 fideque
1472 1591 1526 1626 ad

100 1659 282 1696 ultimum
310 1662 483 1710 expleta,
512 1662 724 1698 consulere
749 1661 908 1698 sibimet
930 1661 1042 1708 ipsos
1059 1660 1101 1696 in
1118 1661 1316 1709 reliquum
1330 1668 1405 1708 pro
1424 1673 1523 1709 prae-

100 1730 206 1766 senti
244 1730 406 1768 fortuna
439 1732 652 1768 iusserunt.
728 1731 827 1769 Haec
860 1736 1077 1780 postquam
1111 1733 1340 1768 renuntiata
1375 1728 1563 1780 legatio?

99 1799 290 1838 Petelinis
316 1807 388 1846 est,
418 1808 554 1838 tantus
579 1807 747 1851 repente
772 1814 915 1838 maeror
939 1813 1146 1850 pavorque
1172 1808 1358 1838 senatum
1385 1814 1525 1838 eorum

99 1870 221 1919 cepit,
246 1876 288 1908 ut
312 1884 405 1921 pars
429 1873 704 1922 profugiendi,
732 1885 811 1921 qua
837 1872 1005 1920 quisque
1030 1878 1183 1921 posset,
1213 1885 1259 1909 ac
1285 1873 1525 1910 deserendae

98 1941 208 1978 urbis
231 1948 418 1981 auctores
442 1950 591 1987 essent,
623 1956 728 1993 pars,
762 1943 930 1992 quando
956 1943 1105 1979 deserti
1129 1955 1153 1979 a
1178 1943 1380 1980 veteribus
1405 1943 1525 1980 sociis
1541 1942 1566 1981 ὅ

99 2018 251 2058 essent,
292 2015 546 2063 adiungendi
586 2026 629 2052 se
671 2014 814 2052 ceteris
847 2013 1008 2050 Bruttiis
1048 2025 1095 2050 ac
1128 2026 1200 2062 per
1233 2026 1306 2050 eos
1342 2014 1526 2050 dedendi

99 2081 336 2121 Hannibali.
385 2085 492 2122 Vicit
515 2091 652 2122 tamen
675 2098 724 2122 ea
749 2097 855 2134 pars,
882 2096 970 2133 quae
995 2084 1091 2121 nihil
1117 2085 1261 2133 raptim
1280 2097 1354 2122 nec
1374 2090 1525 2121 temere
1541 2081 1566 2122 9

100 2155 310 2201 agendum
332 2157 711 2204 consulendumque
729 2157 782 2192 de
799 2156 959 2204 integro
979 2155 1148 2191 censuit.
1197 2155 1341 2191 Relata
1360 2161 1525 2204 postero
1544 2152 1599 2193 10

100 2224 169 2260 die
201 2237 274 2274 per
305 2226 502 2264 minorem
536 2227 851 2276 trepidationem
875 2239 931 2270 re,
966 2231 1181 2262 tenuerunt
1205 2226 1436 2274 optimates,
1470 2230 1524 2268 ut,

101 2296 308 2333 convectis
341 2298 530 2334 omnibus
564 2311 612 2334 ex
644 2297 763 2346 agris,
798 2299 937 2333 urbem
970 2309 1016 2334 ac
1050 2308 1186 2333 muros
1220 2296 1435 2333 firmarent.

220 2366 296 2403 Per
323 2367 433 2404 idem
464 2368 548 2405 fere
573 2374 732 2417 tempus
758 2368 897 2404 litterae
922 2380 971 2404 ex
995 2367 1128 2404 Sicilia
1153 2367 1420 2414 Sardiniaque
1447 2366 1527 2401 Ro·
1592 2361 1635 2405 21

101 2447 210 2472 mam
249 2438 393 2476 allatae.
470 2439 630 2476 Priores
671 2452 719 2475 ex
752 2439 884 2476 Sicilia
917 2438 966 2474 T.
1002 2437 1162 2475 Otacilii
1195 2436 1453 2486 propraetoris
1486 2436 1527 2472 in

102 2512 247 2544 senatu
286 2510 462 2546 recitatae
504 2514 613 2547 sunt:
662 2510 706 2547 P.
741 2510 901 2546 Furium
940 2514 1154 2558 praetorem
1193 2519 1283 2544 cum
1317 2507 1445 2543 classe
1479 2503 1568 2545 ex?

101 2576 238 2615 Africa
264 2579 486 2629 Lilybaeum
521 2581 701 2625 venisse;
735 2581 867 2629 ipsum
901 2580 1074 2629 graviter
1109 2578 1289 2615 saucium
1319 2577 1359 2613 in
1389 2577 1527 2613 discri-

102 2649 211 2687 mine
243 2650 383 2687 ultimo
416 2651 505 2688 vitae
538 2663 648 2694 esse;
683 2651 794 2687 militi
828 2663 874 2687 ac
908 2650 1118 2687 navalibus
1152 2649 1272 2686 sociis
1300 2659 1434 2696 neque
1460 2648 1527 2684 sti-
