1789 2955
250 90 330 128 148
620 87 735 122 Liber
758 86 948 123 XXVIII.
997 88 1060 131 (A.
1087 100 1123 124 u.
1149 99 1177 122 c.
1203 89 1295 129 548.)

198 215 322 251 4tam
353 213 469 250 foedae
500 213 560 250 rei
592 213 822 251 mirabundi
847 227 1061 263 parumper
1092 214 1405 263 obstupuerunt3
1436 214 1527 252 dein
1558 228 1680 265 quum

248 298 386 322 aurum
411 287 700 333 argentumque
733 286 891 323 cumulo
909 299 1042 322 rerum
1059 285 1227 322 aliarum
1259 285 1523 334 interfulgens
1554 286 1680 324 avidi-

247 360 330 394 tate
362 356 517 404 ingenii
547 355 711 392 humani
727 369 869 406 rapere
886 370 933 393 ex
950 357 1034 405 igni
1050 356 1212 402 vellent,
1243 357 1418 406 correpti
1435 357 1506 394 alii
1521 357 1681 396 flamma

247 431 350 475 sunt,
365 427 436 465 alii
452 427 626 465 ambusti
643 427 781 465 afflatu
806 429 978 477 vaporis,
993 441 1115 477 quum
1131 431 1315 477 receptus
1345 429 1497 478 primis,
1512 433 1681 478 urgente

199 500 221 537 5
241 500 289 537 ab
319 502 434 548 tergo
467 498 626 547 ingenti
670 499 802 545 turba,
835 513 911 537 non
945 503 1057 537 esset.
1118 499 1183 537 Ita
1215 500 1372 549 Astapa
1417 500 1504 537 sine
1543 500 1682 550 praeda

246 570 418 608 militum
451 570 555 607 ferro
587 570 752 619 ignique
784 570 994 620 absumpta
1033 574 1102 609 est.
1162 571 1358 621 Marcius,
1407 571 1548 609 ceteris
1596 572 1681 610 eius

245 642 426 690 regionis
463 644 571 679 metu
603 641 645 678 in
691 641 940 679 deditionem
987 642 1176 691 acceptis,
1220 643 1413 680 victorem
1460 643 1679 681 exercitum

246 713 531 763 Carthaginem
562 713 613 750 ad
645 712 873 762 Scipionem
903 714 1077 751 reduxit.

200 786 222 822 6
356 786 437 823 Per
475 798 540 823 eos
572 785 682 835 ipsos
715 785 802 822 dies
833 785 1012 834 perfugae
1044 799 1067 822 a
1098 784 1282 824 Gadibus
1321 790 1534 832 venerunt,
1565 786 1680 835 polli-

246 861 390 904 centes,
422 858 563 895 urbem
582 856 859 906 Punicumque
891 856 1135 906 praesidium,
1167 856 1273 906 quod
1289 857 1330 893 in
1362 870 1407 894 ea
1437 857 1536 894 urbe
1567 860 1680 904 esset,

200 930 221 964 7
241 933 279 966 et
310 929 592 978 imperatorem
625 929 805 978 praesidii
838 941 927 965 cum
968 928 1093 965 classe
1124 928 1355 978 prodituros
1395 942 1490 966 esse.
1558 928 1679 977 Mago

246 1000 301 1037 ibi
334 1014 380 1037 ex
410 1001 505 1048 fuga
537 1000 786 1047 substiterat,
817 1001 1068 1049 navibusque
1115 1000 1156 1036 in
1188 999 1348 1037 Oceano
1380 1000 1579 1047 collectis,
1610 1000 1680 1038 ali-

245 1075 438 1121 quantum
471 1072 711 1110 auxiliorum
755 1075 793 1109 et
822 1077 932 1109 trans
964 1073 1108 1110 fretum
1155 1085 1203 1108 ex
1251 1072 1392 1109 Africa
1436 1085 1506 1110 ora
1551 1077 1590 1109 et
1634 1086 1680 1110 ex

246 1144 439 1193 proximis
472 1144 683 1193 Hispaniae
715 1144 814 1181 locis
845 1157 915 1193 per
947 1143 1185 1181 Hannonem
1217 1144 1450 1193 praefectum
1483 1148 1679 1192 coegerat.

204 1217 228 1253 8
247 1215 348 1252 Fide
381 1219 543 1264 accepta
575 1216 749 1264 dataque
782 1215 971 1265 perfugis,
1004 1219 1043 1252 et
1073 1215 1251 1253 Marcius
1283 1229 1328 1254 eo
1361 1229 1448 1253 cum
1480 1215 1680 1265 expeditis

246 1286 476 1324 cohortibus
509 1290 548 1325 et
578 1286 728 1324 Laelius
760 1300 847 1324 cum
875 1291 1023 1336 septem
1039 1287 1278 1334 triremibus,
1311 1287 1588 1337 quinqueremi
1603 1301 1681 1324 una

247 1362 305 1395 est
335 1359 488 1405 missus,
518 1362 563 1395 ut
592 1362 701 1396 terra
731 1359 912 1408 marique
945 1360 1143 1396 communi
1167 1359 1333 1397 consilio
1365 1372 1449 1395 rem
1482 1363 1678 1407 gererent.

104 1428 163 1477 24
365 1429 500 1480 Scipio
533 1431 618 1479 ipse
650 1431 762 1479 gravi
779 1431 915 1467 morbo
940 1430 1171 1479 implicitus,
1204 1430 1385 1478 graviore
1415 1434 1548 1468 tamen
1563 1431 1681 1478 fama,

246 1515 368 1552 quum
399 1502 450 1539 ad
480 1502 521 1539 id
553 1503 734 1551 quisque,
766 1502 873 1551 quod
891 1502 1085 1549 audierat,
1119 1502 1241 1538 insita
1259 1502 1489 1539 hominibus
1506 1501 1680 1540 libidine

246 1574 378 1611 alendi
425 1573 473 1610 de
514 1573 712 1610 industria
757 1587 936 1611 rumores
983 1573 1179 1611 adiiceret
1217 1573 1385 1623 aliquid,
1429 1574 1679 1627 prouinciam

206 1648 402 1683 Qomnem
447 1658 492 1682 ac
538 1646 709 1683 maxime
765 1645 983 1694 longinqua
1027 1647 1111 1683 eius
1155 1639 1353 1691 turbavit3
1401 1645 1680 1694 apparuitque,

247 1722 435 1767 quantam
467 1717 688 1755 excitatura
719 1717 862 1754 molem
893 1729 989 1754 vera
1018 1717 1160 1754 fuisset
1191 1716 1344 1762 clades,
1391 1729 1510 1765 quum
1555 1729 1679 1754 vanus

245 1803 379 1827 rumor
409 1792 542 1827 tantas
580 1788 776 1838 procellas
808 1789 1029 1827 excivisset.
1100 1788 1191 1826 Non
1236 1788 1334 1825 socii
1377 1788 1418 1825 in
1463 1787 1554 1833 fide,
1599 1802 1679 1826 non

209 1862 449 1899 Sexercitus
482 1861 523 1898 in
555 1860 685 1898 officio
718 1860 874 1898 mansit.
933 1860 1176 1898 Mandonius
1217 1864 1256 1898 et
1287 1859 1489 1907 Indibilis,
1521 1861 1680 1909 quibus,
1719 1894 1726 1899 .

247 1934 341 1983 quia
385 1946 552 1982 regnum
598 1932 678 1969 sibi
711 1932 924 1982 Hispaniae
967 1932 1093 1981 pulsis
1139 1931 1231 1968 inde
1277 1931 1678 1980 Carthaginiensibus

210 2007 233 2041 4
253 2005 503 2042 destinarant
533 2004 690 2051 animis,
720 2004 823 2041 nihil
855 2017 927 2053 pro
959 2017 1026 2053 spe
1051 2004 1284 2052 contigerat,
1316 2004 1522 2041 concitatis
1552 2016 1677 2052 popu-

247 2076 399 2113 laribus
443 2076 654 2123 (Lacetani
699 2078 830 2113 autem
875 2076 1005 2123 erant)
1054 2078 1093 2112 et
1131 2076 1338 2112 iuventute
1384 2074 1677 2112 Celtiberorum

247 2148 387 2194 excita,
418 2161 557 2196 agrum
576 2146 855 2184 Suessetanum
874 2145 1196 2196 Sedetanumque
1221 2147 1418 2184 sociorum
1437 2147 1578 2196 populi
1596 2146 1676 2183 Ro-

250 2220 355 2257 mani
387 2219 590 2257 hostiliter
621 2219 850 2267 depopulati
884 2223 987 2256 sunt.

208 2291 230 2327 5
364 2290 506 2329 Civilis
538 2291 639 2327 alius
670 2291 780 2328 furor
829 2290 868 2326 in
901 2291 1040 2326 castris
1079 2290 1129 2327 ad
1161 2288 1379 2327 Sucronem
1410 2292 1538 2335 ortus,
1585 2294 1675 2326 octo

246 2363 302 2400 ibi
319 2363 445 2400 millia
461 2362 630 2399 militum
649 2364 773 2411 erant,
806 2361 1037 2410 praesidium
1053 2361 1253 2409 gentibus,
1284 2374 1371 2410 quae
1403 2360 1461 2397 cis
1478 2360 1675 2397 Hiberum

209 2435 439 2479 Gincolunt‚
472 2433 711 2483 impositum.
771 2433 892 2469 Motae
937 2436 1068 2469 autem
1113 2446 1248 2470 eorum
1294 2436 1443 2469 mentes
1474 2435 1566 2468 sunt
1596 2445 1676 2469 non

245 2510 328 2542 tum
359 2506 541 2555 primum,
574 2518 694 2554 quum
726 2503 774 2541 de
806 2504 888 2541 vita
920 2503 1171 2552 imperatoris
1211 2504 1325 2541 dubii
1356 2517 1532 2540 rumores
1563 2503 1676 2540 allati

246 2580 350 2623 sunt,
381 2576 450 2614 sed
481 2577 557 2613 iam
590 2579 680 2613 ante
713 2575 878 2612 licentia
895 2588 941 2612 ex
960 2575 1129 2621 diutino,
1160 2578 1204 2612 ut
1235 2575 1291 2621 fit,
1322 2575 1405 2612 otio
1437 2575 1616 2621 collecta,
1636 2578 1675 2612 et

245 2647 440 2694 nonnihil,
472 2647 580 2696 quod
614 2647 652 2684 in
684 2647 835 2684 hostico
868 2646 999 2683 laxius
1039 2649 1154 2696 rapto
1187 2647 1308 2684 suetis
1339 2648 1473 2684 vivere
1505 2646 1675 2683 artiores
