1789 2955
482 77 600 113 Liber
624 77 790 113 XXVII.
848 79 910 122 (A.
936 78 1001 113 Ch.
1026 78 1121 121 209.)
1466 80 1518 116 87

85 219 203 257 quam
229 205 336 256 quod
360 205 492 255 primo
518 206 621 242 male
648 210 910 256 pugnaverat,
936 206 1044 255 quia,
1074 208 1246 254 vagante
1271 218 1343 255 per
1359 205 1523 242 Italiam

87 278 328 324 Hannibale,
359 277 495 315 media
520 281 656 315 aestate
674 277 894 315 Venusiam
919 278 959 314 in
984 280 1090 314 tecta
1106 277 1257 314 milites
1275 276 1521 314 abduxisset.

85 350 279 387 Inimicus
310 352 396 387 erat
427 349 464 386 ei
481 348 523 386 C.
540 349 750 387 Publicius
768 349 939 386 Bibulus
970 350 1156 386 tribunus
1186 349 1329 398 plebis.
1375 348 1417 386 Is
1450 348 1529 385 iam
1549 347 1597 385 11

87 435 109 459 a
140 421 271 471 prima
316 433 473 471 pugna,
511 434 598 470 quae
645 421 812 459 adversa
855 422 1007 467 fuerat,
1052 420 1223 458 assiduis
1269 420 1524 458 contionibus

89 493 275 531 infamem
320 492 571 542 invisumque
617 493 753 542 plebei
800 493 1014 532 Claudium
1059 494 1219 538 fecerat,
1267 496 1307 530 et
1351 493 1429 529 iam
1475 492 1523 528 de

95 565 261 615 imperio
280 564 512 614 abrogando
541 565 624 602 eius
650 564 804 614 agebat,
836 577 957 613 quum
974 567 1108 602 tamen
1134 564 1350 602 necessarii
1368 562 1528 601 Claudii
1549 562 1598 599 12

84 637 365 683 obtinuerunt,
410 639 475 683 ut,
520 637 660 674 relicto
692 636 883 674 Venusiae
929 637 1074 684 legato,
1106 636 1323 674 Marcellus
1355 635 1523 672 Romam

85 709 240 746 veniret
270 708 321 746 ad
366 708 578 758 purganda
624 722 686 754 ea,
733 720 820 757 quae
866 708 1020 745 inimici
1067 709 1309 753 obiicerem,
1355 721 1428 744 nec
1474 707 1523 743 de

86 780 260 830 imperio
307 781 390 817 eius
435 779 670 829 abrogando
715 780 880 818 absente
926 780 1013 830 ipso
1039 783 1235 828 ageretur.
1295 780 1420 817 Forte
1451 779 1523 816 sub
1546 777 1595 814 13

87 851 193 889 idem
223 855 381 901 tempus
412 854 451 888 et
467 852 684 889 Marcellus
715 852 767 889 ad
799 851 1093 901 deprecandam
1127 852 1387 900 ignominiam
1420 853 1459 888 et
1475 850 1523 897 Q.

83 923 250 961 Fulvius
281 924 421 961 consul
452 924 702 961 comitiorum
750 937 868 961 causa
908 923 1078 960 Romam
1109 924 1230 961 venit.
1290 923 1440 960 Actum
1472 922 1521 960 de
1593 917 1644 965 21

83 995 252 1044 imperio
283 995 471 1033 Marcelli
501 996 543 1032 in
575 996 681 1033 circo
705 995 906 1032 Flaminio
939 998 997 1032 est
1028 995 1184 1044 ingenti
1216 1008 1409 1033 concursu
1441 994 1523 1044 ple-

82 1066 224 1116 bisque
256 1069 297 1104 et
328 1067 505 1104 omnium
537 1068 734 1113 ordinum,
761 1068 1041 1116 accusavitque
1067 1067 1253 1104 tribunus
1285 1067 1415 1116 plebis
1445 1079 1525 1103 non
1544 1066 1566 1101 2

83 1138 321 1176 Marcellum
354 1139 484 1185 modo,
516 1139 586 1176 sed
624 1153 775 1177 omnem
809 1139 1082 1177 nobilitatem:
1129 1139 1269 1176 fraude
1316 1151 1453 1175 eorum
1486 1141 1525 1175 et

84 1210 339 1248 cunctatione
369 1210 473 1257 fieri,
518 1215 563 1248 ut
594 1211 800 1249 Hannibal
832 1211 1028 1249 decimum
1076 1211 1153 1247 iam
1186 1225 1331 1248 annum
1363 1211 1526 1248 Italiam

84 1282 332 1331 provinciam
378 1283 543 1329 habeat,
598 1283 749 1321 diutius
802 1284 860 1320 ibi
905 1297 1024 1333 quam
1072 1282 1315 1332 Carthagine
1360 1283 1527 1328 vixerit3

82 1353 229 1392 habere
245 1354 417 1391 fructum
445 1355 605 1404 imperii
627 1356 835 1406 prorogati
852 1355 1047 1392 Marcello
1072 1356 1263 1404 populum
1280 1354 1527 1400 Romanumg
1546 1353 1569 1389 3

81 1426 143 1463 bis
184 1439 328 1463 caesum
367 1427 587 1464 exercitum
629 1428 713 1465 eius
754 1427 892 1465 aestiva
925 1427 1113 1464 Venusiae
1145 1427 1217 1464 sub
1247 1427 1364 1463 tectis
1396 1439 1526 1475 agere.

80 1497 199 1535 Hanc
229 1497 385 1535 tribuni
417 1500 639 1536 orationem
671 1500 728 1537 ita
753 1499 889 1537 obruit
905 1499 1126 1536 Marcellus
1150 1499 1525 1537 commemoratione
1545 1496 1570 1532 4

81 1583 214 1608 rerum
244 1582 421 1617 suarum,
453 1573 498 1607 ut
527 1584 607 1608 non
646 1572 804 1620 rogatio
836 1572 964 1609 solum
1010 1572 1058 1608 de
1090 1571 1260 1620 imperio
1292 1571 1378 1608 eius
1410 1570 1525 1607 abro—

80 1642 216 1691 gando
248 1642 547 1691 antiquaretur,
592 1643 659 1680 sed
705 1646 865 1692 postero
899 1644 963 1680 die
995 1643 1197 1680 consulem
1230 1655 1319 1679 eum
1365 1642 1523 1691 ingenti

81 1726 277 1751 consensu
309 1715 499 1750 centuriae
532 1728 666 1752 omnes
695 1718 888 1754 crearent.
936 1715 1120 1752 Additur
1137 1715 1293 1762 collega
1309 1714 1355 1753 T.
1375 1713 1525 1760 Quinc·
1546 1711 1569 1748 5

81 1786 161 1823 tius
194 1784 421 1835 Crispinus,
462 1786 532 1835 qui
571 1790 654 1823 tum
686 1791 836 1836 praetor
874 1790 971 1825 erat.
1034 1787 1204 1823 Postero
1236 1787 1299 1824 die
1331 1790 1524 1836 praetores

85 1857 211 1894 creati
240 1856 288 1898 P,
321 1857 506 1894 Licinius
532 1857 698 1895 Crassus
723 1858 862 1906 Dives,
892 1859 1074 1908 pontifex
1105 1858 1316 1905 maximus,
1348 1858 1394 1895 P.
1414 1858 1524 1895 Lici-

81 1929 171 1966 nius
205 1929 349 1976 Varus,
381 1928 472 1966 Sex.
503 1929 635 1968 Iulius
668 1930 812 1976 Caesar,
845 1930 892 1977 Q.
926 1930 1132 1968 Claudius.

196 2000 458 2038 Comitiorum
491 2002 668 2051 ipsorum
700 2003 843 2040 diebus
883 2002 1060 2041 sollicita
1091 2002 1233 2039 civitas
1265 2002 1313 2039 de
1345 2001 1562 2039 Etruriaess

85 2072 310 2110 defectione
355 2073 443 2112 fuit.
504 2073 758 2124 Principium
805 2075 889 2111 eius
933 2074 993 2111 rei
1026 2074 1075 2111 ab
1107 2073 1315 2110 Arretinis
1346 2073 1445 2119 fieri,
1479 2072 1522 2110 C.

84 2144 329 2194 Calpurnius
361 2145 589 2195 scripserat,
622 2147 691 2196 qui
722 2160 806 2183 eam
829 2146 1080 2196 provinciam
1111 2159 1183 2195 pro
1215 2148 1387 2194 praetore
1419 2144 1523 2182 obti-

83 2216 214 2254 nebat.
268 2216 414 2266 Itaque
432 2218 638 2255 confestim
665 2232 709 2255 eo
726 2219 868 2255 missus
886 2218 1105 2255 Marcellus
1122 2218 1261 2255 consul
1286 2217 1529 2266 designatus,
1545 2217 1566 2251 7

85 2289 159 2337 qui
203 2302 285 2326 rem
317 2289 537 2338 inspiceret
582 2303 643 2336 ac,
691 2290 725 2327 si
756 2290 879 2339 digna
908 2290 1135 2336 videretur,
1182 2289 1361 2326 exercitu
1394 2289 1521 2326 accito

82 2359 234 2397 bellum
252 2374 300 2398 ex
326 2360 483 2410 Apulia
509 2361 549 2398 in
566 2361 771 2399 Etruriam
796 2362 1045 2399 transferret.
1090 2361 1149 2399 Eo
1174 2365 1280 2398 metu
1306 2360 1522 2409 compressi

82 2431 243 2470 Etrusci
275 2432 525 2482 quieverunt.
585 2433 894 2471 Tarentinorum
938 2434 1082 2483 legatis
1127 2446 1264 2483 pacem
1295 2430 1567 2482 petentibus8

86 2516 174 2540 cum
221 2504 408 2542 libertate
453 2518 498 2542 ac
544 2505 705 2554 legibus
751 2506 832 2543 suis
862 2518 1093 2555 responsum
1126 2505 1174 2542 ab
1207 2506 1348 2542 senatu
1379 2506 1448 2550 est,
1478 2506 1524 2540 ut

82 2574 272 2622 redirent,
305 2589 426 2625 quum
456 2575 608 2614 Fabius
640 2578 777 2615 consul
808 2577 977 2614 Romam
1008 2577 1195 2614 venisset.

199 2646 306 2684 Ludi
337 2650 377 2685 et
406 2647 580 2685 Romani
629 2652 667 2685 et
711 2649 864 2698 plebeii
912 2662 957 2685 eo
989 2662 1093 2685 anno
1139 2648 1180 2684 in
1227 2646 1407 2696 singulos
1439 2646 1564 2685 dies9
