1789 2955
245 108 327 149 134
664 106 768 138 Liber
788 107 912 138 xxrv.
957 106 1012 148 (A.
1034 117 1064 138 u.
1087 118 1115 138 e.
1137 107 1231 150 540.)

240 238 384 286 ingens
409 237 560 286 cupido
583 237 806 274 incesserat
823 235 989 275 Tarenti
1011 239 1212 288 potiundi.
1263 239 1414 276 Urbem
1439 252 1528 277 esse
1546 240 1656 276 vide-

242 309 310 343 bat
334 319 456 355 quum
481 308 716 355 opulentam
741 309 1014 357 nobilemque,
1040 315 1123 345 tum
1147 309 1387 346 maritimam
1405 317 1444 346 et
1460 311 1502 346 in
1518 310 1656 347 Mace-

241 378 409 413 doniam
423 382 652 426 opportune
665 390 834 423 versam,
847 391 1067 427 regemque
1079 379 1305 428 Philippum
1319 380 1423 418 hunc
1437 386 1609 429 portum,
1625 381 1656 417 si

242 448 426 484 transiret
457 448 498 483 in
530 447 699 493 Italiam,
732 449 915 495 quoniam
949 449 1206 486 Brundisium
1239 450 1413 485 Romani
1446 450 1654 494 haberent,

200 516 224 556 6
241 518 469 566 petiturum.
518 518 642 554 Sacro
667 518 764 554 inde
789 524 1035 567 perpetrato,
1061 520 1117 555 ad
1141 520 1254 566 quod
1278 525 1455 564 venerat,
1481 526 1533 564 et,
1559 520 1657 556 dum

240 588 294 623 ibi
327 593 517 631 moratur,
551 593 782 635 pervastato
815 601 914 637 agro
939 588 1124 625 Cumano
1157 601 1284 637 usque
1317 590 1372 625 ad
1394 589 1539 626 Miseni
1564 602 1657 638 pro-

241 658 498 702 muntorium,
517 658 710 694 Puteolos
727 664 894 707 repente
908 672 1056 707 agmen
1069 659 1265 696 convertit
1277 660 1331 695 ad
1345 660 1657 709 opprimendum

201 727 470 776 7praesidium
503 728 747 766 Romanum.
817 729 895 765 Sex
933 729 1054 765 millia
1087 729 1295 765 hominum
1327 736 1442 766 erant
1473 735 1513 766 et
1544 731 1657 767 locus

241 797 492 834 munimento
510 809 686 846 quoque,
711 811 796 835 non
814 804 957 835 natura
974 799 1101 835 modo
1119 804 1238 835 tutus.
1287 800 1483 837 Triduum
1500 801 1554 836 ibi
1570 813 1657 837 mo-

242 874 350 904 ratus
368 869 530 912 Poenus,
545 869 606 904 .ab
631 869 742 905 omni
766 875 879 918 parte
907 874 1064 905 tentato
1082 869 1285 918 praesidio,
1311 871 1477 915 deinde,
1501 876 1545 907 ut
1561 871 1657 907 nihil

242 939 507 986 procedebat,
541 940 595 975 ad
627 940 907 988 populandum
941 952 1080 988 agrum
1105 939 1421 988 Neapolitanum
1448 942 1577 990 magis
1599 941 1657 978 ira

201 1009 225 1049 8
242 1021 363 1056 quam
387 1009 597 1057 potiundae
620 1010 727 1046 urbis
753 1022 824 1059 spe
849 1010 1059 1058 processit.
1107 1010 1297 1046 Adventu
1321 1011 1406 1047 eius
1429 1011 1471 1047 in
1493 1011 1657 1060 propin—

242 1092 364 1127 quum
397 1092 536 1128 agrum
568 1085 680 1116 mota
702 1079 864 1117 Nolana
896 1085 957 1117 est
979 1081 1107 1129 plebs,
1139 1081 1221 1116 iam
1244 1081 1312 1116 diu
1337 1093 1478 1118 aversa
1501 1082 1552 1117 ab
1576 1082 1658 1118 Ro-

242 1150 372 1187 manis
405 1156 444 1186 et
475 1150 624 1187 infesta
648 1151 805 1187 senatui
830 1163 918 1187 suo.
980 1150 1122 1199 Itaque
1145 1151 1267 1199 legati
1291 1152 1344 1187 ad
1368 1152 1658 1188 arcessendum

242 1220 516 1257 Hannibalem
545 1233 636 1258 cum
661 1221 772 1257 haud
796 1221 921 1258 dubio
946 1221 1147 1270 promisso
1172 1222 1384 1258 tradendae
1406 1221 1514 1258 urbis
1538 1234 1658 1258 vene-

201 1289 226 1330 9
242 1296 344 1327 runt.
408 1291 604 1327 Praevenit
634 1291 840 1340 inceptum
873 1303 1012 1327 eorum
1037 1291 1250 1328 Marcellus
1275 1292 1429 1335 consul,
1463 1304 1487 1327 a
1510 1292 1658 1340 primo·

242 1362 349 1398 ribus
374 1362 538 1398 accitus.
587 1361 664 1398 Die
689 1374 772 1398 uno
798 1362 1027 1398 Suessulam
1052 1375 1075 1398 a
1095 1361 1271 1406 Calibus,
1298 1374 1419 1410 quum
1438 1361 1658 1398 Vulturnus

175 1430 228 1471 10
243 1433 372 1469 amnis
395 1433 659 1470 traiicientem
684 1436 862 1468 moratus
887 1437 1006 1476 esset,
1033 1433 1321 1476 contenderat;
1355 1433 1451 1468 inde
1477 1432 1659 1480 proxima

242 1508 365 1539 nocte
405 1515 473 1539 sex
511 1502 632 1539 millia
669 1502 865 1551 peditum,
905 1502 1060 1550 equites
1071 1503 1132 1546 Η,
1172 1504 1244 1549 qui
1278 1503 1467 1551 praesidio
1501 1502 1659 1538 senatui

176 1572 224 1611 11
243 1578 391 1617 essent,
425 1572 573 1609 Nolam
603 1572 830 1609 intromisit.
893 1571 946 1608 Et
977 1572 1032 1608 uti
1065 1585 1088 1608 a
1121 1573 1288 1609 consule
1321 1572 1459 1608 omnia
1490 1572 1659 1620 impigre

244 1642 351 1679 facta
383 1648 476 1679 sunt
507 1644 562 1679 ad
593 1642 963 1691 praeoccupandam
990 1641 1151 1687 Nolam,
1184 1643 1240 1679 ita
1264 1642 1469 1679 Hannibal
1501 1647 1659 1690 tempus

244 1713 412 1757 terebat,
446 1713 507 1749 bis
534 1713 616 1749 iam
646 1718 740 1749 ante
766 1712 1038 1760 nequicquam
1065 1718 1220 1749 tentata
1244 1725 1286 1749 re
1311 1713 1474 1761 segnior
1497 1712 1552 1748 ad
1576 1724 1659 1749 cre-

244 1783 426 1819 dendum
459 1782 628 1820 Nolanis
662 1783 804 1820 factus.
1505 1822 1509 1826 ,

133 1849 181 1894 14
361 1852 510 1889 Iisdem
536 1853 679 1890 diebus
705 1859 745 1890 et
769 1853 820 1899 Q.
840 1853 987 1889 Fabius
1012 1855 1154 1890 consul
1177 1855 1232 1890 ad
1257 1853 1478 1890 Casilinum
1501 1857 1659 1889 tentan-

244 1923 354 1967 dum,
373 1924 486 1971 quod
502 1923 692 1972 praesidio
705 1923 858 1960 Punico
877 1924 1101 1968 tenebatur,
1120 1924 1240 1968 venit,
1260 1929 1300 1960 et
1316 1925 1370 1960 ad
1383 1923 1660 1959 Beneventum

244 1994 349 2029 velut
375 2006 423 2029 ex
447 1993 676 2042 composito
701 1999 814 2042 parte
839 1994 965 2029 altera
982 1993 1133 2030 Hanno
1159 2005 1207 2029 ex
1223 1993 1384 2029 Bruttiis
1403 2005 1494 2030 cum
1510 2005 1661 2041 magna

244 2063 426 2112 peditum
459 2063 717 2111 equitumque
748 2075 884 2108 manu,
918 2064 1042 2100 altera
1075 2064 1138 2100 Ti.
1169 2063 1377 2100 Gracchus
1410 2064 1460 2099 ab
1489 2063 1661 2100 Luceria

207 2132 232 2172 2
247 2133 431 2170 accessit.
480 2133 560 2179 Qui
584 2133 713 2182 primo
740 2133 937 2182 oppidum
960 2134 1133 2178 intravit,
1160 2134 1325 2178 deinde,
1352 2139 1393 2170 ut
1411 2133 1661 2170 Hannonem

246 2202 319 2240 tria
345 2203 466 2239 millia
491 2203 616 2239 ferme
645 2204 696 2239 ab
722 2204 819 2240 urbe
843 2205 898 2239 ad
922 2203 1111 2240 Calorem
1134 2204 1295 2240 fluvium
1320 2209 1452 2241 castra
1474 2203 1660 2252 posuisse

246 2278 286 2309 et
321 2272 419 2310 inde
457 2285 598 2322 agrum
630 2273 814 2322 populari
847 2274 1011 2319 audivit,
1052 2279 1092 2310 et
1122 2274 1209 2323 ipse
1242 2286 1428 2323 egressus
1459 2273 1660 2310 moenibus

246 2343 351 2380 mille
376 2343 500 2380 ferme
524 2355 668 2392 passus
693 2344 744 2380 ab
768 2344 886 2381 hoste
911 2350 1042 2381 castra
1066 2345 1185 2381 locat.
1248 2344 1306 2380 Ibi
1330 2344 1567 2380 contionem
1589 2344 1661 2379 mi—

205 2413 355 2453 3litum
388 2414 539 2451 habuit.
601 2413 806 2462 Legiones
838 2427 988 2464 magna
1021 2427 1070 2451 ex
1101 2420 1214 2463 parte
1246 2415 1438 2450 volonum
1470 2414 1659 2458 habebat,

245 2484 312 2532 qui
339 2484 419 2520 iam
448 2484 616 2521 alterum
641 2497 793 2521 annum
817 2485 1041 2521 libertatem
1066 2485 1186 2522 tacite
1211 2485 1352 2521 mereri
1378 2496 1498 2532 quam
1522 2489 1661 2532 postu-

247 2555 327 2590 lare
358 2554 493 2603 palam
524 2555 762 2591 maluerant.
825 2555 1016 2592 Senserat
1047 2561 1183 2591 tamen
1218 2554 1393 2591 hibernis
1431 2554 1660 2603 egrediens,

246 2637 420 2661 murmur
443 2625 484 2661 in
508 2625 670 2673 agmine
695 2637 784 2662 esse
808 2625 1084 2673 quaerentium,
1113 2638 1164 2662 en
1189 2636 1366 2672 unquam
1391 2624 1501 2661 liberi
1520 2624 1662 2660 milita-
