1789 2955
239 66 290 104 72
621 57 736 92 Liber
762 55 930 90 XXVII.
984 55 1043 99 (A.
1069 67 1103 88 u.
1130 65 1158 88 c.
1184 53 1277 97 545.)

240 188 469 238 agitassent,
501 199 546 222 ea
577 183 776 235 prodendi
807 182 966 232 imperii
995 181 1179 230 Romani,
1210 186 1417 225 tradendae
1443 184 1668 225 Hannibali

171 262 219 298 13
237 259 414 297 victoriae
447 271 542 295 esse.
603 255 735 302 Quum
781 254 947 292 alternis
987 254 1071 290 haec
1103 257 1284 295 consules
1331 259 1400 297 diu
1442 259 1668 302 iactassent,

237 331 342 369 nihil
359 329 458 368 moti
474 328 599 378 legati
629 340 757 377 neque
789 340 840 373 se,
873 325 979 376 quod
1011 325 1171 363 domum
1202 331 1490 377 renuntiarent,
1521 329 1669 367 habere

240 403 441 448 dixerunt,
472 413 601 450 neque
625 402 802 437 senatum
829 411 954 444 suum,
985 397 1092 446 quod
1117 399 1211 436 novi
1238 403 1474 449 consuleret,
1503 402 1574 439 ubi
1598 413 1669 438 nec

237 474 364 521 miles,
396 473 465 523 qui
498 473 708 521 legeretur,
738 484 809 508 nec
827 469 1007 519 pecunia,
1038 481 1126 518 quae
1155 469 1316 509 daretur
1340 474 1382 510 in
1412 473 1669 523 stipendium,

166 548 215 585 14
233 550 346 584 esset.
393 544 525 590 Quum
550 543 773 580 obstinatos
799 555 864 579 eos
881 541 1065 578 viderent
1091 543 1282 589 consules,
1313 558 1396 581 rem
1421 545 1470 582 ad
1493 548 1672 581 senatum

239 617 482 661 detulerunt,
513 616 583 652 ubi
613 617 748 652 tantus
778 626 902 663 pavor
934 612 1074 649 animis
1098 611 1302 651 hominum
1333 619 1391 653 est
1417 616 1598 662 iniectus,
1628 619 1674 652 ut

238 702 382 737 magna
413 701 505 737 pars
546 689 676 725 actum
708 686 756 723 de
802 684 970 734 imperio
1017 682 1181 721 diceret:
1228 686 1331 724 idem
1364 688 1464 725 alias
1498 687 1672 725 colonias

237 760 422 806 facturas,
453 758 557 796 idem
589 759 737 804 socios;
769 755 1015 795 consensisse
1047 768 1182 793 omnes
1214 757 1265 794 ad
1297 759 1546 808 prodendam
1563 759 1674 796 Han-

114 829 165 877 10
240 831 367 869 nibali
384 831 522 867 urbem
540 830 774 867 Romanam.
823 828 1015 866 Consules
1031 826 1187 865 hortari
1215 832 1253 866 et
1270 831 1467 869 consolari
1495 834 1674 868 senatum

240 906 279 940 et
311 903 463 948 dicere,
495 901 593 938 alias
625 901 801 938 colonias
840 900 881 936 in
923 899 1001 936 fide
1043 903 1162 948 atque
1203 901 1335 938 officio
1367 903 1538 952 pristino
1570 903 1678 940 fore:

240 987 305 1011 eas
337 986 494 1022 quoque
526 973 645 1023 ipsas,
676 985 764 1022 quae
797 971 928 1009 officio
947 972 1208 1018 decesserint,
1240 974 1274 1010 si
1304 974 1428 1022 legati
1459 974 1565 1011 circa
1605 986 1672 1011 eas

241 1046 415 1084 colonias
433 1045 654 1092 mittantur,
686 1044 755 1094 qui
774 1044 980 1091 castigent,
1012 1057 1089 1080 non
1129 1044 1198 1093 qui
1229 1050 1456 1094 precentur,
1486 1058 1672 1083 verecun-

195 1121 217 1156 2
238 1118 344 1155 diam
379 1117 540 1166 imperii
557 1117 766 1154 habituras
798 1129 894 1152 esse.
943 1115 1187 1152 Permissum
1219 1117 1268 1154 ab
1301 1121 1440 1154 senatu
1473 1117 1522 1154 iis
1556 1130 1678 1166 quum

242 1192 354 1235 esset,
387 1191 553 1237 agerent
582 1188 851 1237 facerentque,
887 1190 933 1223 ut
963 1200 983 1223 e
1021 1200 1063 1223 re
1094 1187 1259 1236 publica
1291 1188 1491 1236 ducerent,
1521 1191 1678 1238 perten-

240 1261 335 1298 tatis
380 1260 492 1309 prius
538 1260 706 1297 aliarum
748 1258 996 1296 coloniarum
1042 1258 1210 1306 animis,
1256 1260 1480 1297 citaverunt
1526 1261 1679 1308 legatos

242 1332 592 1382 quaesiveruntque
635 1332 683 1368 ab
724 1331 794 1377 iis,
843 1330 989 1380 ecquid
1028 1331 1175 1368 milites
1217 1346 1264 1368 ex
1307 1332 1478 1369 formula
1516 1334 1679 1381 paratos

200 1407 222 1444 3
241 1404 449 1442 haberent.
511 1403 591 1440 Pro
624 1402 904 1451 duodeviginti
928 1402 1097 1440 coloniis
1121 1403 1176 1440 M.
1201 1402 1396 1441 Sextilius
1413 1403 1679 1452 Fregellanus

242 1475 461 1525 respondit,
494 1477 532 1512 et
562 1475 710 1511 milites
742 1488 791 1511 ex
822 1474 992 1511 formula
1023 1478 1184 1523 paratos
1215 1488 1311 1522 esse,
1349 1479 1397 1521 et,
1429 1475 1462 1512 si
1494 1474 1679 1524 pluribus

199 1550 224 1586 4
240 1561 338 1598 opus
356 1550 471 1596 esset,
489 1546 625 1596 plures
643 1546 817 1592 daturos,
836 1549 886 1592 et,
903 1546 1095 1595 quicquid
1113 1547 1223 1584 aliud
1242 1548 1460 1596 imperaret
1476 1547 1679 1595 velletque

241 1619 412 1670 populus
444 1618 660 1665 Romanus,
706 1618 821 1654 enixe
866 1618 1060 1664 facturos,
1107 1618 1157 1655 ad
1203 1618 1246 1655 id
1292 1618 1373 1655 sibi
1420 1631 1549 1667 neque
1583 1631 1679 1667 opes

204 1693 225 1729 5
246 1693 380 1730 deesse
413 1694 452 1728 et
469 1690 644 1727 animum
672 1689 790 1726 etiam
814 1702 1030 1738 superesse.
1077 1689 1269 1727 Consules
1286 1703 1428 1739 parum
1456 1689 1533 1726 sibi
1550 1689 1680 1726 videri

196 1807 199 1808 ⁷
242 1763 399 1814 praefati
445 1775 516 1812 pro
564 1762 704 1799 merito
752 1774 906 1808 eorum,
954 1775 1024 1798 sua
1072 1774 1167 1799 voce
1213 1761 1436 1799 collaudari
1478 1774 1555 1807 eos,
1601 1760 1680 1797 nisi

241 1835 421 1873 universi
450 1838 585 1884 patres
616 1834 666 1870 iis
698 1833 737 1869 in
769 1833 880 1870 curia
897 1833 1048 1881 gratias
1074 1833 1258 1881 egissent,
1291 1833 1405 1882 sequi
1430 1833 1471 1869 in
1499 1837 1679 1869 senatum

198 1909 220 1946 6
241 1921 306 1945 eos
337 1908 548 1944 iusserunt.
611 1904 782 1942 Senatus
829 1918 946 1953 quam
987 1907 1143 1953 poterat
1173 1905 1486 1942 honoratissimo
1521 1905 1680 1941 decreto

245 1980 443 2017 allocutus
461 1991 538 2024 eos,
555 1976 719 2014 mandat
736 1975 1030 2022 consulibus,ut
1047 1975 1096 2012 ad
1115 1977 1308 2025 populum
1325 1989 1487 2026 quoque
1505 1988 1572 2012 eos
1590 1988 1680 2024 pro-

243 2051 435 2088 ducerent
466 2052 505 2086 et
536 2049 641 2085 inter
665 2048 790 2085 multa
814 2047 894 2084 alia
918 2047 1124 2096 praeclara,
1152 2060 1240 2097 quae
1265 2048 1362 2097 ipsis
1379 2047 1680 2095 maioribusque

243 2122 326 2159 suis
343 2121 637 2171 praestitissent,
670 2132 806 2156 recens
824 2119 944 2156 etiam
962 2119 1147 2156 meritum
1165 2133 1302 2157 eorum
1320 2120 1359 2156 in
1376 2132 1457 2156 rem
1476 2118 1680 2168 publicam

201 2195 222 2230 7
244 2194 610 2231 commemorarent.
670 2190 731 2228 Ne
772 2205 876 2227 nunc
908 2191 1067 2239 quidem
1099 2195 1190 2240 post
1219 2194 1280 2228 tot
1310 2191 1457 2228 saecula
1488 2191 1681 2228 sileantur

243 2264 529 2302 fraudenturve
546 2262 662 2299 laude
680 2276 759 2299 sua.
807 2261 966 2310 Signini
991 2263 1101 2300 fuere
1119 2266 1158 2300 et
1175 2263 1359 2302 Norbani
1378 2262 1680 2311 Saticulanique

246 2340 283 2374 et
300 2335 531 2384 Fregellani
549 2337 588 2371 et
603 2333 794 2371 Lucerini
823 2336 861 2370 et
879 2333 1077 2370 Venusini
1102 2338 1140 2372 et
1156 2334 1393 2371 Brundisini
1425 2337 1465 2371 et
1481 2333 1680 2370 Hadriani

199 2409 278 2445 Set
309 2407 490 2445 Firmani
523 2409 562 2443 et
592 2404 890 2451 Ariminenses,
937 2408 976 2441 et
1021 2405 1071 2442 ab
1119 2407 1244 2444 altero
1289 2405 1389 2443 mari
1421 2404 1612 2442 Pontiani
1643 2407 1681 2441 et

244 2479 422 2516 Paestani
454 2482 492 2515 et
523 2477 679 2524 Cosani,
712 2481 751 2514 et
782 2475 1064 2513 mediterranei
1095 2477 1369 2516 Beneventani
1401 2479 1439 2513 et
1470 2475 1682 2512 AEsernini

206 2552 228 2588 9
248 2554 286 2588 et
303 2550 504 2600 Spoletini
537 2552 575 2586 et
599 2548 827 2586 Placentini
859 2551 897 2584 et
915 2547 1212 2586 Cremonenses.
1260 2548 1414 2585 Harum
1432 2547 1680 2584 coloniarum

245 2621 426 2659 subsidio
456 2624 540 2658 tum
566 2620 777 2670 imperium
808 2619 948 2669 populi
964 2619 1137 2657 Romani
1166 2620 1289 2666 stetit,
1321 2620 1448 2668 iisque
1474 2618 1615 2668 gratiae
1640 2618 1682 2655 in
