1789 2955
246 117 329 157 140
665 113 770 144 Liber
795 112 923 143 xxm.
966 111 1020 153 (A.
1043 122 1074 143 u.
1094 121 1122 142 c.
1142 110 1236 153 538.)

242 246 436 295 pendium
461 257 595 293 neque
622 244 863 280 frumentum
888 244 943 279 ad
968 243 1075 279 diem
1101 243 1187 279 dari
1211 255 1358 291 neque,
1393 243 1502 279 unde
1531 243 1660 288 detur,

202 310 228 351 3
242 327 351 359 esse余
379 327 630 364 magnopere
656 314 842 358 suadere,
869 319 911 350 ut
929 326 1050 362 quam
1068 313 1238 362 primum
1257 326 1306 349 ea
1323 313 1541 357 mittantur,
1569 313 1662 350 sibi-

243 399 333 435 que,
361 386 392 423 si
417 386 472 421 ita
497 385 691 428 videatur,
718 397 766 420 ex
790 384 906 421 novis
930 384 1167 433 praetoribus
1195 395 1472 420 successorem
1489 383 1661 420 mittant.

203 451 482 504 4Eademque
516 455 640 491 ferme
674 456 726 491 de
760 455 965 503 stipendio
999 455 1283 502 frumentoque
1315 454 1366 489 ab
1396 454 1444 490 A.
1471 452 1662 490 Cornelio

241 526 463 562 Mammula
496 530 747 574 propraetore
779 538 828 561 ex
852 525 1038 562 Sardinia
1064 524 1223 573 scripta.
1287 525 1546 572 Responsum
1569 523 1664 560 utri-

242 609 333 645 que,
367 608 453 632 non
476 607 579 639 esse,
615 596 725 632 unde
751 595 983 640 mitteretur,
1017 595 1194 643 iussique
1219 594 1295 643 ipsi
1323 594 1517 631 classibus
1542 599 1663 642 atque

202 661 483 703 5exercitibus
510 666 590 702 suis
617 666 843 702 consulere.
893 666 941 702 T.
962 665 1157 702 Otacilius
1182 666 1236 702 ad
1261 665 1422 702 unicum
1441 665 1665 702 subsidium

241 737 380 786 populi
390 736 578 779 Romani,
598 735 834 780 Hieronem,
853 736 1010 785 legatos
1027 748 1149 783 quum
1164 736 1350 779 misisset,
1367 735 1407 772 in
1417 735 1665 784 stipendium

242 807 381 855 quanti
409 806 564 855 argenti
592 818 695 855 opus
723 806 807 848 fuit,
837 812 877 842 et
905 818 974 842 sex
1004 818 1189 842 mensum
1219 806 1461 842 frumentum
1486 805 1662 854 accepit余

201 875 226 915 6
243 875 435 912 Cornelio
460 876 501 912 in
529 877 715 912 Sardinia
740 877 920 913 civitates
947 877 1068 913 sociae
1094 876 1271 924 benigne
1296 877 1564 914 contulerunt.
1614 875 1666 912 Et

242 946 384 982 Romae
423 957 586 994 quoque
625 952 789 995 propter
821 947 1031 995 penuriam
1065 947 1222 995 argenti
1255 946 1443 983 triumviri
1475 945 1665 982 mensarii

241 1017 456 1065 rogatione
486 1017 540 1053 M.
565 1017 731 1053 Minucii
761 1017 907 1053 tribuni
937 1017 1066 1066 plebis
1093 1017 1201 1061 facti,
1234 1017 1280 1054 L.
1307 1016 1493 1053 AEmilius
1515 1016 1664 1065 Papus,

243 1087 309 1135 qui
343 1088 485 1124 consul
518 1099 744 1135 censorque
780 1087 920 1131 fuerat,
956 1094 996 1124 et
1025 1088 1080 1124 M.
1109 1088 1250 1124 Atilius
1279 1088 1469 1136 Regulus,
1504 1087 1571 1135 qui
1603 1085 1664 1123 bis

244 1158 385 1194 consul
412 1158 553 1202 fuerat,
583 1164 623 1194 et
646 1158 692 1194 L.
720 1158 953 1195 Scribonius
978 1157 1095 1203 Libo,
1125 1158 1191 1206 qui
1217 1163 1299 1194 tum
1330 1158 1512 1194 tribunus
1535 1156 1665 1205 plebis

204 1226 340 1266 7erat.
405 1228 456 1265 Et
488 1229 684 1264 duumviri
718 1229 839 1265 creati
870 1229 926 1265 M.
961 1235 1000 1265 et
1029 1228 1072 1266 C.
1107 1229 1212 1265 Atilii
1246 1230 1377 1265 aedem
1405 1227 1664 1271 Concordiae,

243 1311 363 1347 quam
388 1299 432 1335 L.
454 1299 629 1336 Manlius
654 1304 800 1348 praetor
824 1305 1001 1343 voverat,
1028 1299 1338 1343 dedicaverunt余
1366 1304 1405 1335 et
1428 1304 1508 1334 tres
1531 1296 1665 1345 ponti-

243 1369 337 1406 fices
371 1370 506 1414 creati.
542 1370 593 1416 Q.
628 1370 811 1406 Caecilius
844 1370 1030 1406 Metellus
1064 1376 1103 1406 et
1136 1370 1186 1416 Q.
1221 1370 1369 1406 Fabius
1394 1368 1594 1404 Maximus
1626 1371 1666 1403 et

243 1440 294 1486 Q.
328 1440 487 1476 Fulvius
520 1440 702 1484 Flaccus,
743 1441 784 1476 in
823 1441 957 1477 locum
989 1441 1032 1476 P.
1067 1441 1260 1477 Scantinii
1302 1439 1503 1476 demortui
1547 1443 1586 1474 et
1617 1437 1663 1474 L.

242 1510 391 1546 AEmilii
420 1510 532 1546 Pauli
562 1511 738 1547 consulis
767 1516 807 1546 et
837 1511 887 1556 Q.
915 1511 1008 1546 AElii
1033 1511 1142 1555 Paeti,
1173 1511 1238 1559 qui
1267 1510 1500 1548 ceciderant
1527 1520 1665 1557 pugna

242 1579 464 1616 Cannensi.

115 1645 176 1690 22
359 1651 494 1696 Quum
528 1657 675 1696 cetera,
711 1663 799 1699 quae
826 1651 1028 1687 continuis
1055 1651 1238 1688 cladibus
1264 1651 1426 1687 fortuna
1449 1650 1661 1694 minuerat,

241 1726 436 1769 quantum
455 1721 632 1758 consiliis
651 1722 838 1758 humanis
857 1722 1018 1769 assequi
1036 1726 1239 1770 poterant,
1266 1726 1400 1770 patres
1419 1722 1662 1770 explessent,

199 1788 406 1828 2tandem
441 1804 484 1828 se
518 1804 682 1840 quoque
715 1798 755 1828 et
787 1792 1049 1829 solitudinem
1074 1792 1190 1829 curiae
1215 1792 1542 1840 paucitatemque
1566 1803 1664 1828 con-

200 1858 487 1899 3venientium
521 1863 576 1898 ad
608 1863 812 1911 publicum
840 1863 1052 1899 consilium
1075 1867 1359 1910 respexerunt余
1393 1874 1526 1910 neque
1555 1862 1663 1898 enim

238 1937 333 1980 post
364 1930 410 1968 L.
445 1932 649 1968 AEmilium
689 1938 729 1968 et
762 1932 807 1968 C.
842 1933 1080 1968 Flaminium
1115 1944 1306 1969 censores
1340 1938 1504 1969 senatus
1536 1933 1662 1969 lectus

239 2001 381 2046 fuerat,
416 2014 537 2050 quum
571 2008 726 2038 tantum
761 2009 993 2039 senatorum
1027 2004 1208 2039 adversae
1231 2014 1390 2051 pugnae,
1425 2003 1479 2038 ad
1502 2003 1578 2039 hoc
1602 2003 1663 2039 sui

196 2070 441 2120 4quemque
475 2083 592 2108 casus
626 2084 697 2120 per
719 2073 1038 2120 quinquennium
1061 2073 1396 2121 absumpsissent.
1453 2073 1587 2119 Quum
1610 2073 1663 2110 de

239 2155 287 2178 ea
317 2155 358 2178 re
389 2142 444 2178 M.
468 2142 652 2179 AEmilius
682 2148 840 2190 praetor,
876 2143 1074 2179 dictatore
1104 2148 1197 2192 post
1220 2142 1439 2180 Casilinum
1471 2143 1661 2180 amissum

238 2212 424 2260 profecto
437 2212 516 2248 iam
531 2213 584 2248 ad
597 2213 827 2257 exercitum,
843 2213 1156 2262 exposcentibus
1171 2214 1324 2250 cunctis
1335 2214 1563 2259 rettulisset,
1578 2220 1659 2250 tum

238 2283 306 2331 Sp.
327 2282 520 2319 Carvilius
547 2295 667 2330 quum
694 2283 818 2332 longa
844 2284 1030 2320 oratione
1054 2295 1140 2320 non
1166 2284 1294 2320 solum
1312 2283 1492 2332 inopiam
1510 2288 1662 2320 senato-

239 2365 342 2397 rum,
359 2354 433 2389 sed
448 2353 690 2401 paucitatem
709 2354 829 2389 etiam
844 2354 1000 2398 civium,
1016 2367 1063 2390 ex
1073 2354 1265 2402 quibusin
1275 2353 1659 2402 patmslegeoentur,

197 2422 486 2471 5conquestus
519 2428 640 2467 esset,
675 2424 864 2472 explendi
899 2430 1063 2461 senatus
1097 2436 1219 2461 causa
1251 2429 1291 2460 et
1322 2423 1516 2472 iungendi
1539 2425 1661 2462 artius

236 2492 369 2529 Latini
404 2493 580 2530 nominis
614 2505 703 2530 cum
736 2495 890 2542 populo
914 2495 1103 2531 Romano
1137 2505 1387 2542 magnopere
1420 2505 1463 2530 se
1489 2495 1662 2531 suadere

238 2563 348 2606 dixit,
375 2569 416 2599 ut
441 2576 488 2600 ex
515 2564 680 2612 singulis
708 2564 868 2612 populis
891 2564 1128 2601 Latinorum
1153 2564 1258 2600 binis
1283 2564 1550 2608 senatoribus,
1576 2564 1662 2611 qui-

238 2633 306 2668 bus
331 2639 466 2681 patres
485 2634 659 2670 Romani
688 2634 953 2679 censuissent,
981 2635 1119 2672 civitas
1137 2635 1313 2678 daretur,
1341 2639 1462 2682 atque
1480 2634 1571 2670 ez'in
1590 2635 1660 2671 de-
