<?xml version="1.0" encoding="UTF-8"?>
<!DOCTYPE html PUBLIC "-//W3C//DTD XHTML 1.0 Transitional//EN"
    "http://www.w3.org/TR/xhtml1/DTD/xhtml1-transitional.dtd">
<html xmlns="http://www.w3.org/1999/xhtml" xml:lang="en" lang="en">
 <head>
  <title>
</title>
<meta http-equiv="Content-Type" content="text/html;charset=utf-8" />
  <meta name='ocr-system' content='tesseract 3.04.00' />
  <meta name='ocr-capabilities' content='ocr_page ocr_carea ocr_par ocr_line ocrx_word'/>
</head>
<body>
  <div class='ocr_page' id='page_1' title='image "./historiarumroman02livyuoft_0310.png"; bbox 0 0 1789 2955; ppageno 0'>
   <div class='ocr_carea' id='block_1_1' title="bbox 247 103 1230 147">
    <p class='ocr_par' dir='ltr' id='par_1_1' title="bbox 247 103 1230 147">
     <span class='ocr_line' id='line_1_1' title="bbox 247 103 1230 147; baseline -0.005 -8"><span class='ocrx_word' id='word_1_1' title='bbox 247 106 332 147; x_wconf 78' lang='lat'><strong>270</strong></span> <span class='ocrx_word' id='word_1_2' title='bbox 681 104 785 134; x_wconf 86' lang='lat' dir='ltr'><strong>Liber</strong></span> <span class='ocrx_word' id='word_1_3' title='bbox 805 103 912 134; x_wconf 90' lang='lat' dir='ltr'>XXV.</span> <span class='ocrx_word' id='word_1_4' title='bbox 957 103 1012 145; x_wconf 83' lang='lat' dir='ltr'><strong>(A.</strong></span> <span class='ocrx_word' id='word_1_5' title='bbox 1033 114 1063 134; x_wconf 89' lang='lat' dir='ltr'><strong>u.</strong></span> <span class='ocrx_word' id='word_1_6' title='bbox 1086 114 1114 134; x_wconf 87' lang='lat' dir='ltr'><strong>e.</strong></span> <span class='ocrx_word' id='word_1_7' title='bbox 1136 103 1230 146; x_wconf 87' lang='grc'>542.)</span> 
     </span>
    </p>
   </div>
   <div class='ocr_carea' id='block_1_2' title="bbox 111 236 1663 2686">
    <p class='ocr_par' dir='ltr' id='par_1_2' title="bbox 167 236 1663 2250">
     <span class='ocr_line' id='line_1_2' title="bbox 246 236 1660 284; baseline 0.001 -12"><span class='ocrx_word' id='word_1_8' title='bbox 246 236 353 272; x_wconf 92' lang='lat' dir='ltr'><strong>humi</strong></span> <span class='ocrx_word' id='word_1_9' title='bbox 387 236 579 272; x_wconf 82' lang='lat' dir='ltr'><strong>sedentes</strong></span> <span class='ocrx_word' id='word_1_10' title='bbox 611 236 939 284; x_wconf 85' lang='lat' dir='ltr'><strong>accubantesque</strong></span> <span class='ocrx_word' id='word_1_11' title='bbox 972 242 1040 272; x_wconf 92' lang='lat' dir='ltr'><strong>aut</strong></span> <span class='ocrx_word' id='word_1_12' title='bbox 1064 236 1373 272; x_wconf 70' lang='lat' dir='ltr'><strong>obambulantes</strong></span> <span class='ocrx_word' id='word_1_13' title='bbox 1398 241 1492 273; x_wconf 90' lang='lat' dir='ltr'><strong>ante</strong></span> <span class='ocrx_word' id='word_1_14' title='bbox 1516 237 1660 273; x_wconf 92' lang='lat' dir='ltr'><strong>vallum</strong></span> 
     </span>
     <span class='ocr_line' id='line_1_3' title="bbox 204 305 1661 355; baseline 0 -11"><span class='ocrx_word' id='word_1_15' title='bbox 204 305 477 355; x_wconf 86' lang='lat' dir='ltr'><strong>9portasque.</strong></span> <span class='ocrx_word' id='word_1_16' title='bbox 542 305 645 342; x_wconf 91' lang='lat' dir='ltr'><strong>Cum</strong></span> <span class='ocrx_word' id='word_1_17' title='bbox 672 306 732 342; x_wconf 90' lang='lat' dir='ltr'><strong>his</strong></span> <span class='ocrx_word' id='word_1_18' title='bbox 757 312 837 342; x_wconf 91' lang='lat' dir='ltr'><strong>tam</strong></span> <span class='ocrx_word' id='word_1_19' title='bbox 862 307 1012 343; x_wconf 86' lang='lat' dir='ltr'><strong>securis</strong></span> <span class='ocrx_word' id='word_1_20' title='bbox 1037 307 1258 354; x_wconf 91' lang='lat' dir='ltr'><strong>solutisque</strong></span> <span class='ocrx_word' id='word_1_21' title='bbox 1283 307 1457 343; x_wconf 89' lang='lat' dir='ltr'><strong>Romani</strong></span> <span class='ocrx_word' id='word_1_22' title='bbox 1481 308 1661 345; x_wconf 89' lang='lat' dir='ltr'><strong>calentes</strong></span> 
     </span>
     <span class='ocr_line' id='line_1_4' title="bbox 244 377 1659 425; baseline 0.001 -12"><span class='ocrx_word' id='word_1_23' title='bbox 244 377 378 414; x_wconf 88' lang='lat' dir='ltr'><strong>adhuc</strong></span> <span class='ocrx_word' id='word_1_24' title='bbox 411 379 460 412; x_wconf 89' lang='lat' dir='ltr'><strong>ab</strong></span> <span class='ocrx_word' id='word_1_25' title='bbox 494 377 646 413; x_wconf 88' lang='lat' dir='ltr'><strong>recenti</strong></span> <span class='ocrx_word' id='word_1_26' title='bbox 679 389 816 425; x_wconf 86' lang='lat' dir='ltr'><strong>pugna</strong></span> <span class='ocrx_word' id='word_1_27' title='bbox 845 377 1084 425; x_wconf 87' lang='lat' dir='ltr'><strong>ferocesque</strong></span> <span class='ocrx_word' id='word_1_28' title='bbox 1109 377 1274 414; x_wconf 91' lang='lat' dir='ltr'><strong>victoria</strong></span> <span class='ocrx_word' id='word_1_29' title='bbox 1298 377 1482 425; x_wconf 87' lang='lat' dir='ltr'><strong>proelium</strong></span> <span class='ocrx_word' id='word_1_30' title='bbox 1505 379 1659 415; x_wconf 91' lang='lat' dir='ltr'><strong>ineunt.</strong></span> 
     </span>
     <span class='ocr_line' id='line_1_5' title="bbox 242 447 1662 496; baseline 0.001 -12"><span class='ocrx_word' id='word_1_31' title='bbox 242 448 383 496; x_wconf 89' lang='lat' dir='ltr'><strong>Itaque</strong></span> <span class='ocrx_word' id='word_1_32' title='bbox 415 459 674 496; x_wconf 85' lang='lat' dir='ltr'><strong>nequaquam</strong></span> <span class='ocrx_word' id='word_1_33' title='bbox 698 447 828 484; x_wconf 86' lang='lat' dir='ltr'><strong>resisti</strong></span> <span class='ocrx_word' id='word_1_34' title='bbox 850 447 892 483; x_wconf 92' lang='lat' dir='ltr'><strong>in</strong></span> <span class='ocrx_word' id='word_1_35' title='bbox 915 448 1041 495; x_wconf 83' lang='lat' dir='ltr'><strong>portis</strong></span> <span class='ocrx_word' id='word_1_36' title='bbox 1065 447 1216 495; x_wconf 86' lang='lat' dir='ltr'><strong>potuit;</strong></span> <span class='ocrx_word' id='word_1_37' title='bbox 1249 448 1352 483; x_wconf 91' lang='lat' dir='ltr'><strong>intra</strong></span> <span class='ocrx_word' id='word_1_38' title='bbox 1375 454 1528 496; x_wconf 90' lang='lat' dir='ltr'><strong>portas,</strong></span> <span class='ocrx_word' id='word_1_39' title='bbox 1563 460 1662 485; x_wconf 88' lang='lat' dir='ltr'><strong>con—</strong></span> 
     </span>
     <span class='ocr_line' id='line_1_6' title="bbox 244 517 1659 565; baseline 0.001 -10"><span class='ocrx_word' id='word_1_40' title='bbox 244 530 359 555; x_wconf 88' lang='lat' dir='ltr'><strong>cursu</strong></span> <span class='ocrx_word' id='word_1_41' title='bbox 385 531 433 554; x_wconf 84' lang='lat' dir='ltr'><strong>ex</strong></span> <span class='ocrx_word' id='word_1_42' title='bbox 457 519 552 555; x_wconf 90' lang='lat' dir='ltr'><strong>totis</strong></span> <span class='ocrx_word' id='word_1_43' title='bbox 576 518 715 555; x_wconf 91' lang='lat' dir='ltr'><strong>castris</strong></span> <span class='ocrx_word' id='word_1_44' title='bbox 741 518 794 553; x_wconf 87' lang='lat' dir='ltr'><strong>acl</strong></span> <span class='ocrx_word' id='word_1_45' title='bbox 818 518 989 565; x_wconf 91' lang='lat' dir='ltr'><strong>primum</strong></span> <span class='ocrx_word' id='word_1_46' title='bbox 1015 517 1233 554; x_wconf 90' lang='lat' dir='ltr'><strong>clamorem</strong></span> <span class='ocrx_word' id='word_1_47' title='bbox 1251 523 1290 554; x_wconf 92' lang='lat' dir='ltr'><strong>et</strong></span> <span class='ocrx_word' id='word_1_48' title='bbox 1307 519 1518 555; x_wconf 90' lang='lat' dir='ltr'><strong>tumultum</strong></span> <span class='ocrx_word' id='word_1_49' title='bbox 1535 519 1659 565; x_wconf 86' lang='lat' dir='ltr'><strong>facto,</strong></span> 
     </span>
     <span class='ocr_line' id='line_1_7' title="bbox 175 587 1662 637; baseline 0.001 -11"><span class='ocrx_word' id='word_1_50' title='bbox 175 587 228 627; x_wconf 83' lang='lat'><strong>10</strong></span> <span class='ocrx_word' id='word_1_51' title='bbox 243 595 357 626; x_wconf 83' lang='lat' dir='ltr'><strong>atrox</strong></span> <span class='ocrx_word' id='word_1_52' title='bbox 401 589 585 637; x_wconf 85' lang='lat' dir='ltr'><strong>proelium</strong></span> <span class='ocrx_word' id='word_1_53' title='bbox 628 589 768 632; x_wconf 87' lang='lat' dir='ltr'><strong>oritur;</strong></span> <span class='ocrx_word' id='word_1_54' title='bbox 818 588 967 636; x_wconf 89' lang='lat' dir='ltr'><strong>diuque</strong></span> <span class='ocrx_word' id='word_1_55' title='bbox 1009 588 1217 632; x_wconf 85' lang='lat' dir='ltr'><strong>tenuisset,</strong></span> <span class='ocrx_word' id='word_1_56' title='bbox 1261 589 1301 624; x_wconf 92' lang='lat' dir='ltr'><strong>ni</strong></span> <span class='ocrx_word' id='word_1_57' title='bbox 1341 594 1507 626; x_wconf 88' lang='lat' dir='ltr'><strong>cruenta</strong></span> <span class='ocrx_word' id='word_1_58' title='bbox 1547 596 1662 627; x_wconf 88' lang='lat' dir='ltr'><strong>scuta</strong></span> 
     </span>
     <span class='ocr_line' id='line_1_8' title="bbox 242 659 1660 708; baseline 0.001 -13"><span class='ocrx_word' id='word_1_59' title='bbox 242 660 519 696; x_wconf 89' lang='lat' dir='ltr'><strong>Romanorum</strong></span> <span class='ocrx_word' id='word_1_60' title='bbox 551 660 636 696; x_wconf 89' lang='lat' dir='ltr'><strong>visa</strong></span> <span class='ocrx_word' id='word_1_61' title='bbox 667 660 859 696; x_wconf 85' lang='lat' dir='ltr'><strong>indicium</strong></span> <span class='ocrx_word' id='word_1_62' title='bbox 893 659 1054 694; x_wconf 88' lang='lat' dir='ltr'><strong>alterius</strong></span> <span class='ocrx_word' id='word_1_63' title='bbox 1088 659 1215 695; x_wconf 87' lang='lat' dir='ltr'><strong>cladis</strong></span> <span class='ocrx_word' id='word_1_64' title='bbox 1239 659 1374 696; x_wconf 88' lang='lat' dir='ltr'><strong>Poenis</strong></span> <span class='ocrx_word' id='word_1_65' title='bbox 1408 665 1530 708; x_wconf 88' lang='lat' dir='ltr'><strong>atque</strong></span> <span class='ocrx_word' id='word_1_66' title='bbox 1562 660 1660 697; x_wconf 87' lang='lat' dir='ltr'><strong>inde</strong></span> 
     </span>
     <span class='ocr_line' id='line_1_9' title="bbox 174 728 1658 778; baseline 0 -11"><span class='ocrx_word' id='word_1_67' title='bbox 174 728 222 767; x_wconf 91' lang='grc'><strong>11</strong></span> <span class='ocrx_word' id='word_1_68' title='bbox 240 742 433 778; x_wconf 90' lang='lat' dir='ltr'><strong>pavorem</strong></span> <span class='ocrx_word' id='word_1_69' title='bbox 474 730 720 766; x_wconf 86' lang='lat' dir='ltr'><strong>iniecissent.</strong></span> <span class='ocrx_word' id='word_1_70' title='bbox 801 729 878 765; x_wconf 88' lang='lat' dir='ltr'><strong>Hic</strong></span> <span class='ocrx_word' id='word_1_71' title='bbox 918 735 1044 765; x_wconf 90' lang='lat' dir='ltr'><strong>terror</strong></span> <span class='ocrx_word' id='word_1_72' title='bbox 1085 729 1126 765; x_wconf 90' lang='lat' dir='ltr'><strong>in</strong></span> <span class='ocrx_word' id='word_1_73' title='bbox 1160 729 1297 778; x_wconf 90' lang='lat' dir='ltr'><strong>fugam</strong></span> <span class='ocrx_word' id='word_1_74' title='bbox 1330 731 1470 767; x_wconf 88' lang='lat' dir='ltr'><strong>avertit</strong></span> <span class='ocrx_word' id='word_1_75' title='bbox 1502 742 1658 776; x_wconf 86' lang='lat' dir='ltr'><strong>omnes,</strong></span> 
     </span>
     <span class='ocr_line' id='line_1_10' title="bbox 241 799 1661 849; baseline 0.001 -14"><span class='ocrx_word' id='word_1_76' title='bbox 241 799 450 848; x_wconf 82' lang='lat' dir='ltr'><strong>effusique,</strong></span> <span class='ocrx_word' id='word_1_77' title='bbox 485 813 564 848; x_wconf 91' lang='lat' dir='ltr'><strong>qua</strong></span> <span class='ocrx_word' id='word_1_78' title='bbox 596 801 669 836; x_wconf 88' lang='lat' dir='ltr'><strong>iter</strong></span> <span class='ocrx_word' id='word_1_79' title='bbox 701 805 774 844; x_wconf 89' lang='lat' dir='ltr'><strong>est,</strong></span> <span class='ocrx_word' id='word_1_80' title='bbox 808 800 884 837; x_wconf 90' lang='lat' dir='ltr'><strong>nisi</strong></span> <span class='ocrx_word' id='word_1_81' title='bbox 917 812 1019 848; x_wconf 91' lang='lat' dir='ltr'><strong>quos</strong></span> <span class='ocrx_word' id='word_1_82' title='bbox 1053 801 1187 836; x_wconf 87' lang='lat' dir='ltr'><strong>caedes</strong></span> <span class='ocrx_word' id='word_1_83' title='bbox 1216 801 1429 849; x_wconf 84' lang='lat' dir='ltr'><strong>oppressit,</strong></span> <span class='ocrx_word' id='word_1_84' title='bbox 1464 807 1661 838; x_wconf 89' lang='lat' dir='ltr'><strong>exuuntur</strong></span> 
     </span>
     <span class='ocr_line' id='line_1_11' title="bbox 241 870 1661 921; baseline 0.001 -14"><span class='ocrx_word' id='word_1_85' title='bbox 241 871 395 907; x_wconf 85' lang='lat' dir='ltr'><strong>castris.</strong></span> <span class='ocrx_word' id='word_1_86' title='bbox 476 870 537 906; x_wconf 88' lang='lat' dir='ltr'><strong>Ita</strong></span> <span class='ocrx_word' id='word_1_87' title='bbox 575 876 697 907; x_wconf 88' lang='lat' dir='ltr'><strong>nocte</strong></span> <span class='ocrx_word' id='word_1_88' title='bbox 737 882 783 907; x_wconf 90' lang='lat' dir='ltr'><strong>ac</strong></span> <span class='ocrx_word' id='word_1_89' title='bbox 822 871 889 907; x_wconf 89' lang='lat' dir='ltr'><strong>die</strong></span> <span class='ocrx_word' id='word_1_90' title='bbox 929 871 1024 907; x_wconf 91' lang='lat' dir='ltr'><strong>bina</strong></span> <span class='ocrx_word' id='word_1_91' title='bbox 1057 875 1189 907; x_wconf 89' lang='lat' dir='ltr'><strong>castra</strong></span> <span class='ocrx_word' id='word_1_92' title='bbox 1221 871 1396 908; x_wconf 91' lang='lat' dir='ltr'><strong>hostium</strong></span> <span class='ocrx_word' id='word_1_93' title='bbox 1429 878 1661 921; x_wconf 88' lang='lat' dir='ltr'><strong>expugnata</strong></span> 
     </span>
     <span class='ocr_line' id='line_1_12' title="bbox 172 940 1658 990; baseline -0.001 -11"><span class='ocrx_word' id='word_1_94' title='bbox 172 940 224 979; x_wconf 78' lang='lat'><strong>12</strong></span> <span class='ocrx_word' id='word_1_95' title='bbox 240 942 365 978; x_wconf 87' lang='lat' dir='ltr'><strong>ductu</strong></span> <span class='ocrx_word' id='word_1_96' title='bbox 398 940 444 978; x_wconf 84' lang='lat' dir='ltr'><strong>L.</strong></span> <span class='ocrx_word' id='word_1_97' title='bbox 478 941 633 978; x_wconf 88' lang='lat' dir='ltr'><strong>Marcii.</strong></span> <span class='ocrx_word' id='word_1_98' title='bbox 696 942 762 977; x_wconf 90' lang='lat' dir='ltr'><strong>Ad</strong></span> <span class='ocrx_word' id='word_1_99' title='bbox 794 942 956 989; x_wconf 88' lang='lat' dir='ltr'><strong>triginta</strong></span> <span class='ocrx_word' id='word_1_100' title='bbox 989 946 1145 990; x_wconf 86' lang='lat' dir='ltr'><strong>septem</strong></span> <span class='ocrx_word' id='word_1_101' title='bbox 1178 941 1299 977; x_wconf 91' lang='lat' dir='ltr'><strong>millia</strong></span> <span class='ocrx_word' id='word_1_102' title='bbox 1332 942 1508 979; x_wconf 88' lang='lat' dir='ltr'><strong>hostium</strong></span> <span class='ocrx_word' id='word_1_103' title='bbox 1540 954 1658 986; x_wconf 87' lang='lat' dir='ltr'><strong>caesa,</strong></span> 
     </span>
     <span class='ocr_line' id='line_1_13' title="bbox 240 1011 1659 1059; baseline 0.001 -11"><span class='ocrx_word' id='word_1_104' title='bbox 240 1017 380 1049; x_wconf 89' lang='lat' dir='ltr'><strong>auctor</strong></span> <span class='ocrx_word' id='word_1_105' title='bbox 404 1018 466 1049; x_wconf 91' lang='lat' dir='ltr'><strong>est</strong></span> <span class='ocrx_word' id='word_1_106' title='bbox 491 1011 698 1056; x_wconf 89' lang='lat' dir='ltr'><strong>Claudius,</strong></span> <span class='ocrx_word' id='word_1_107' title='bbox 732 1012 799 1059; x_wconf 90' lang='lat' dir='ltr'><strong>qui</strong></span> <span class='ocrx_word' id='word_1_108' title='bbox 824 1012 993 1048; x_wconf 89' lang='lat' dir='ltr'><strong>annales</strong></span> <span class='ocrx_word' id='word_1_109' title='bbox 1019 1012 1224 1049; x_wconf 90' lang='lat' dir='ltr'><strong>Acilianos</strong></span> <span class='ocrx_word' id='word_1_110' title='bbox 1249 1025 1297 1049; x_wconf 86' lang='lat' dir='ltr'><strong>ex</strong></span> <span class='ocrx_word' id='word_1_111' title='bbox 1323 1012 1468 1050; x_wconf 90' lang='lat' dir='ltr'><strong>Graeco</strong></span> <span class='ocrx_word' id='word_1_112' title='bbox 1493 1013 1534 1049; x_wconf 88' lang='lat' dir='ltr'><strong>in</strong></span> <span class='ocrx_word' id='word_1_113' title='bbox 1551 1013 1659 1049; x_wconf 90' lang='lat' dir='ltr'><strong>Lati-</strong></span> 
     </span>
     <span class='ocr_line' id='line_1_14' title="bbox 171 1081 1658 1132; baseline 0 -12"><span class='ocrx_word' id='word_1_114' title='bbox 171 1081 223 1121; x_wconf 84' lang='lat'><strong>13</strong></span> <span class='ocrx_word' id='word_1_115' title='bbox 238 1095 334 1118; x_wconf 90' lang='lat' dir='ltr'><strong>num</strong></span> <span class='ocrx_word' id='word_1_116' title='bbox 368 1095 598 1119; x_wconf 90' lang='lat' dir='ltr'><strong>sermonem</strong></span> <span class='ocrx_word' id='word_1_117' title='bbox 630 1082 767 1126; x_wconf 87' lang='lat' dir='ltr'><strong>vertit;</strong></span> <span class='ocrx_word' id='word_1_118' title='bbox 802 1087 945 1130; x_wconf 87' lang='lat' dir='ltr'><strong>captos</strong></span> <span class='ocrx_word' id='word_1_119' title='bbox 978 1083 1033 1118; x_wconf 91' lang='lat' dir='ltr'><strong>ad</strong></span> <span class='ocrx_word' id='word_1_120' title='bbox 1064 1083 1170 1119; x_wconf 90' lang='lat' dir='ltr'><strong>mille</strong></span> <span class='ocrx_word' id='word_1_121' title='bbox 1196 1083 1454 1132; x_wconf 87' lang='lat' dir='ltr'><strong>octingentos</strong></span> <span class='ocrx_word' id='word_1_122' title='bbox 1481 1084 1658 1132; x_wconf 88' lang='lat' dir='ltr'><strong>triginta,</strong></span> 
     </span>
     <span class='ocr_line' id='line_1_15' title="bbox 237 1153 1659 1203; baseline 0 -13"><span class='ocrx_word' id='word_1_123' title='bbox 237 1154 418 1202; x_wconf 88' lang='lat' dir='ltr'><strong>praedam</strong></span> <span class='ocrx_word' id='word_1_124' title='bbox 450 1154 659 1202; x_wconf 87' lang='lat' dir='ltr'><strong>ingentem</strong></span> <span class='ocrx_word' id='word_1_125' title='bbox 692 1161 871 1202; x_wconf 89' lang='lat' dir='ltr'><strong>partam;</strong></span> <span class='ocrx_word' id='word_1_126' title='bbox 905 1153 946 1188; x_wconf 92' lang='lat' dir='ltr'><strong>in</strong></span> <span class='ocrx_word' id='word_1_127' title='bbox 979 1165 1028 1188; x_wconf 90' lang='lat' dir='ltr'><strong>ea</strong></span> <span class='ocrx_word' id='word_1_128' title='bbox 1061 1153 1183 1190; x_wconf 89' lang='lat' dir='ltr'><strong>fuisse</strong></span> <span class='ocrx_word' id='word_1_129' title='bbox 1216 1155 1389 1203; x_wconf 89' lang='lat' dir='ltr'><strong>clipeum</strong></span> <span class='ocrx_word' id='word_1_130' title='bbox 1423 1160 1659 1202; x_wconf 88' lang='lat' dir='ltr'><strong>argenteum</strong></span> 
     </span>
     <span class='ocr_line' id='line_1_16' title="bbox 237 1223 1662 1273; baseline 0.001 -14"><span class='ocrx_word' id='word_1_131' title='bbox 237 1224 381 1271; x_wconf 92' lang='lat' dir='ltr'><strong>pondo</strong></span> <span class='ocrx_word' id='word_1_132' title='bbox 425 1229 587 1260; x_wconf 89' lang='lat' dir='ltr'><strong>centum</strong></span> <span class='ocrx_word' id='word_1_133' title='bbox 626 1223 788 1272; x_wconf 87' lang='lat' dir='ltr'><strong>triginta</strong></span> <span class='ocrx_word' id='word_1_134' title='bbox 827 1228 985 1272; x_wconf 89' lang='lat' dir='ltr'><strong>septem</strong></span> <span class='ocrx_word' id='word_1_135' title='bbox 1026 1236 1116 1260; x_wconf 90' lang='lat' dir='ltr'><strong>cum</strong></span> <span class='ocrx_word' id='word_1_136' title='bbox 1154 1224 1332 1273; x_wconf 86' lang='lat' dir='ltr'><strong>imagine</strong></span> <span class='ocrx_word' id='word_1_137' title='bbox 1364 1224 1524 1261; x_wconf 88' lang='lat' dir='ltr'><strong>Barcini</strong></span> <span class='ocrx_word' id='word_1_138' title='bbox 1557 1224 1662 1261; x_wconf 88' lang='lat' dir='ltr'><strong>Has-</strong></span> 
     </span>
     <span class='ocr_line' id='line_1_17' title="bbox 170 1293 1658 1344; baseline 0.001 -15"><span class='ocrx_word' id='word_1_139' title='bbox 170 1293 223 1333; x_wconf 85' lang='grc'><strong>14</strong></span> <span class='ocrx_word' id='word_1_140' title='bbox 237 1294 429 1330; x_wconf 87' lang='lat' dir='ltr'><strong>drubalis.</strong></span> <span class='ocrx_word' id='word_1_141' title='bbox 493 1294 677 1331; x_wconf 90' lang='lat' dir='ltr'><strong>Valerius</strong></span> <span class='ocrx_word' id='word_1_142' title='bbox 710 1294 851 1330; x_wconf 87' lang='lat' dir='ltr'><strong>Antias</strong></span> <span class='ocrx_word' id='word_1_143' title='bbox 883 1306 964 1330; x_wconf 88' lang='lat' dir='ltr'><strong>una</strong></span> <span class='ocrx_word' id='word_1_144' title='bbox 998 1300 1130 1342; x_wconf 69' lang='lat' dir='ltr'><strong>castra</strong></span> <span class='ocrx_word' id='word_1_145' title='bbox 1154 1295 1344 1344; x_wconf 86' lang='lat' dir='ltr'><strong>Magonis</strong></span> <span class='ocrx_word' id='word_1_146' title='bbox 1378 1301 1498 1344; x_wconf 86' lang='lat' dir='ltr'><strong>capta</strong></span> <span class='ocrx_word' id='word_1_147' title='bbox 1522 1295 1658 1339; x_wconf 86' lang='lat' dir='ltr'><strong>tradit,</strong></span> 
     </span>
     <span class='ocr_line' id='line_1_18' title="bbox 238 1365 1663 1415; baseline 0.001 -14"><span class='ocrx_word' id='word_1_148' title='bbox 238 1371 392 1414; x_wconf 90' lang='lat' dir='ltr'><strong>septem</strong></span> <span class='ocrx_word' id='word_1_149' title='bbox 410 1365 533 1402; x_wconf 90' lang='lat' dir='ltr'><strong>millia</strong></span> <span class='ocrx_word' id='word_1_150' title='bbox 551 1377 656 1402; x_wconf 91' lang='lat' dir='ltr'><strong>caesa</strong></span> <span class='ocrx_word' id='word_1_151' title='bbox 674 1365 870 1408; x_wconf 86' lang='lat' dir='ltr'><strong>hostium;</strong></span> <span class='ocrx_word' id='word_1_152' title='bbox 901 1365 1028 1401; x_wconf 88' lang='lat' dir='ltr'><strong>altero</strong></span> <span class='ocrx_word' id='word_1_153' title='bbox 1047 1366 1189 1413; x_wconf 87' lang='lat' dir='ltr'><strong>proelio</strong></span> <span class='ocrx_word' id='word_1_154' title='bbox 1208 1367 1420 1415; x_wconf 85' lang='lat' dir='ltr'><strong>eruptione</strong></span> <span class='ocrx_word' id='word_1_155' title='bbox 1438 1372 1663 1414; x_wconf 90' lang='lat' dir='ltr'><strong>pugnatum</strong></span> 
     </span>
     <span class='ocr_line' id='line_1_19' title="bbox 237 1435 1657 1484; baseline 0.001 -12"><span class='ocrx_word' id='word_1_156' title='bbox 237 1448 327 1473; x_wconf 91' lang='lat' dir='ltr'><strong>cum</strong></span> <span class='ocrx_word' id='word_1_157' title='bbox 345 1436 616 1480; x_wconf 85' lang='lat' dir='ltr'><strong>Hasdrubale,</strong></span> <span class='ocrx_word' id='word_1_158' title='bbox 636 1436 781 1472; x_wconf 90' lang='lat' dir='ltr'><strong>decem</strong></span> <span class='ocrx_word' id='word_1_159' title='bbox 798 1435 920 1471; x_wconf 88' lang='lat' dir='ltr'><strong>millia</strong></span> <span class='ocrx_word' id='word_1_160' title='bbox 939 1436 1086 1479; x_wconf 88' lang='lat' dir='ltr'><strong>occisa,</strong></span> <span class='ocrx_word' id='word_1_161' title='bbox 1108 1442 1297 1484; x_wconf 84' lang='lat' dir='ltr'><strong>quattuor</strong></span> <span class='ocrx_word' id='word_1_162' title='bbox 1315 1438 1435 1480; x_wconf 87' lang='lat' dir='ltr'><strong>millia</strong></span> <span class='ocrx_word' id='word_1_163' title='bbox 1453 1442 1657 1474; x_wconf 85' lang='lat' dir='ltr'><strong>trecentos</strong></span> 
     </span>
     <span class='ocr_line' id='line_1_20' title="bbox 167 1506 1658 1556; baseline -0.001 -11"><span class='ocrx_word' id='word_1_164' title='bbox 167 1506 221 1546; x_wconf 81' lang='grc'><strong>15</strong></span> <span class='ocrx_word' id='word_1_165' title='bbox 235 1507 398 1556; x_wconf 86' lang='lat' dir='ltr'><strong>triginta</strong></span> <span class='ocrx_word' id='word_1_166' title='bbox 431 1513 587 1555; x_wconf 89' lang='lat' dir='ltr'><strong>captos.</strong></span> <span class='ocrx_word' id='word_1_167' title='bbox 650 1506 744 1542; x_wconf 89' lang='lat' dir='ltr'><strong>Piso</strong></span> <span class='ocrx_word' id='word_1_168' title='bbox 777 1506 955 1554; x_wconf 89' lang='lat' dir='ltr'><strong>quinque</strong></span> <span class='ocrx_word' id='word_1_169' title='bbox 981 1507 1102 1542; x_wconf 89' lang='lat' dir='ltr'><strong>millia</strong></span> <span class='ocrx_word' id='word_1_170' title='bbox 1127 1507 1349 1552; x_wconf 81' lang='lat' dir='ltr'><strong>hominum,</strong></span> <span class='ocrx_word' id='word_1_171' title='bbox 1383 1520 1504 1555; x_wconf 91' lang='lat' dir='ltr'><strong>quum</strong></span> <span class='ocrx_word' id='word_1_172' title='bbox 1532 1507 1658 1556; x_wconf 88' lang='lat' dir='ltr'><strong>Mago</strong></span> 
     </span>
     <span class='ocr_line' id='line_1_21' title="bbox 237 1576 1656 1624; baseline 0.001 -10"><span class='ocrx_word' id='word_1_173' title='bbox 237 1579 432 1615; x_wconf 87' lang='lat' dir='ltr'><strong>cedentes</strong></span> <span class='ocrx_word' id='word_1_174' title='bbox 465 1584 628 1614; x_wconf 87' lang='lat' dir='ltr'><strong>nostros</strong></span> <span class='ocrx_word' id='word_1_175' title='bbox 662 1576 788 1613; x_wconf 88' lang='lat' dir='ltr'><strong>effuse</strong></span> <span class='ocrx_word' id='word_1_176' title='bbox 822 1582 1068 1624; x_wconf 86' lang='lat' dir='ltr'><strong>sequeretur,</strong></span> <span class='ocrx_word' id='word_1_177' title='bbox 1103 1589 1208 1614; x_wconf 90' lang='lat' dir='ltr'><strong>caesa</strong></span> <span class='ocrx_word' id='word_1_178' title='bbox 1242 1590 1290 1614; x_wconf 87' lang='lat' dir='ltr'><strong>ex</strong></span> <span class='ocrx_word' id='word_1_179' title='bbox 1321 1578 1477 1614; x_wconf 90' lang='lat' dir='ltr'><strong>insidiis</strong></span> <span class='ocrx_word' id='word_1_180' title='bbox 1507 1579 1656 1615; x_wconf 88' lang='lat' dir='ltr'><strong>scribit.</strong></span> 
     </span>
     <span class='ocr_line' id='line_1_22' title="bbox 167 1646 1658 1697; baseline 0.001 -13"><span class='ocrx_word' id='word_1_181' title='bbox 167 1647 220 1688; x_wconf 87' lang='grc'><strong>16</strong></span> <span class='ocrx_word' id='word_1_182' title='bbox 235 1649 357 1697; x_wconf 91' lang='lat' dir='ltr'><strong>Apud</strong></span> <span class='ocrx_word' id='word_1_183' title='bbox 383 1660 525 1685; x_wconf 88' lang='lat' dir='ltr'><strong>omnes</strong></span> <span class='ocrx_word' id='word_1_184' title='bbox 550 1659 741 1696; x_wconf 88' lang='lat' dir='ltr'><strong>magnum</strong></span> <span class='ocrx_word' id='word_1_185' title='bbox 766 1658 917 1683; x_wconf 89' lang='lat' dir='ltr'><strong>nomen</strong></span> <span class='ocrx_word' id='word_1_186' title='bbox 936 1646 1076 1684; x_wconf 89' lang='lat' dir='ltr'><strong>Marcii</strong></span> <span class='ocrx_word' id='word_1_187' title='bbox 1103 1649 1217 1685; x_wconf 89' lang='lat' dir='ltr'><strong>ducis</strong></span> <span class='ocrx_word' id='word_1_188' title='bbox 1236 1654 1315 1693; x_wconf 89' lang='lat' dir='ltr'><strong>est;</strong></span> <span class='ocrx_word' id='word_1_189' title='bbox 1341 1654 1381 1685; x_wconf 91' lang='lat' dir='ltr'><strong>et</strong></span> <span class='ocrx_word' id='word_1_190' title='bbox 1398 1661 1500 1686; x_wconf 89' lang='lat' dir='ltr'><strong>verae</strong></span> <span class='ocrx_word' id='word_1_191' title='bbox 1517 1649 1658 1697; x_wconf 88' lang='lat' dir='ltr'><strong>gloriae</strong></span> 
     </span>
     <span class='ocr_line' id='line_1_23' title="bbox 237 1718 1661 1762; baseline 0 -6"><span class='ocrx_word' id='word_1_192' title='bbox 237 1719 322 1756; x_wconf 91' lang='lat' dir='ltr'><strong>eius</strong></span> <span class='ocrx_word' id='word_1_193' title='bbox 348 1720 468 1755; x_wconf 88' lang='lat' dir='ltr'><strong>etiam</strong></span> <span class='ocrx_word' id='word_1_194' title='bbox 493 1719 685 1755; x_wconf 87' lang='lat' dir='ltr'><strong>miracula</strong></span> <span class='ocrx_word' id='word_1_195' title='bbox 709 1718 880 1762; x_wconf 88' lang='lat' dir='ltr'><strong>addunt,</strong></span> <span class='ocrx_word' id='word_1_196' title='bbox 907 1718 1111 1755; x_wconf 87' lang='lat' dir='ltr'><strong>flammam</strong></span> <span class='ocrx_word' id='word_1_197' title='bbox 1137 1719 1173 1754; x_wconf 91' lang='lat' dir='ltr'><strong>ei</strong></span> <span class='ocrx_word' id='word_1_198' title='bbox 1199 1719 1452 1756; x_wconf 87' lang='lat' dir='ltr'><strong>contionanti</strong></span> <span class='ocrx_word' id='word_1_199' title='bbox 1479 1719 1609 1756; x_wconf 90' lang='lat' dir='ltr'><strong>fusam</strong></span> <span class='ocrx_word' id='word_1_200' title='bbox 1639 1732 1661 1756; x_wconf 87' lang='lat' dir='ltr'><strong>e</strong></span> 
     </span>
     <span class='ocr_line' id='line_1_24' title="bbox 237 1789 1658 1839; baseline 0 -13"><span class='ocrx_word' id='word_1_201' title='bbox 237 1790 382 1839; x_wconf 86' lang='lat' dir='ltr'><strong>capite,</strong></span> <span class='ocrx_word' id='word_1_202' title='bbox 417 1790 504 1826; x_wconf 90' lang='lat' dir='ltr'><strong>sine</strong></span> <span class='ocrx_word' id='word_1_203' title='bbox 528 1789 654 1838; x_wconf 87' lang='lat' dir='ltr'><strong>ipsius</strong></span> <span class='ocrx_word' id='word_1_204' title='bbox 679 1801 813 1831; x_wconf 87' lang='lat' dir='ltr'><strong>sensu,</strong></span> <span class='ocrx_word' id='word_1_205' title='bbox 850 1800 939 1824; x_wconf 91' lang='lat' dir='ltr'><strong>cum</strong></span> <span class='ocrx_word' id='word_1_206' title='bbox 964 1801 1115 1838; x_wconf 87' lang='lat' dir='ltr'><strong>magno</strong></span> <span class='ocrx_word' id='word_1_207' title='bbox 1140 1802 1292 1838; x_wconf 88' lang='lat' dir='ltr'><strong>pavore</strong></span> <span class='ocrx_word' id='word_1_208' title='bbox 1318 1790 1658 1827; x_wconf 86' lang='lat' dir='ltr'><strong>circumstantium</strong></span> 
     </span>
     <span class='ocr_line' id='line_1_25' title="bbox 170 1859 1659 1908; baseline 0.001 -12"><span class='ocrx_word' id='word_1_209' title='bbox 170 1860 218 1900; x_wconf 84' lang='lat'><strong>17</strong></span> <span class='ocrx_word' id='word_1_210' title='bbox 236 1860 423 1904; x_wconf 85' lang='lat' dir='ltr'><strong>militum;</strong></span> <span class='ocrx_word' id='word_1_211' title='bbox 458 1865 847 1907; x_wconf 87' lang='lat' dir='ltr'><strong>monumentumque</strong></span> <span class='ocrx_word' id='word_1_212' title='bbox 879 1859 1055 1896; x_wconf 87' lang='lat' dir='ltr'><strong>victoriae</strong></span> <span class='ocrx_word' id='word_1_213' title='bbox 1088 1860 1174 1896; x_wconf 88' lang='lat' dir='ltr'><strong>eius</strong></span> <span class='ocrx_word' id='word_1_214' title='bbox 1207 1861 1260 1896; x_wconf 92' lang='lat' dir='ltr'><strong>de</strong></span> <span class='ocrx_word' id='word_1_215' title='bbox 1283 1860 1418 1897; x_wconf 86' lang='lat' dir='ltr'><strong>Poenis</strong></span> <span class='ocrx_word' id='word_1_216' title='bbox 1451 1872 1579 1908; x_wconf 88' lang='lat' dir='ltr'><strong>usque</strong></span> <span class='ocrx_word' id='word_1_217' title='bbox 1606 1861 1659 1897; x_wconf 92' lang='lat' dir='ltr'><strong>ad</strong></span> 
     </span>
     <span class='ocr_line' id='line_1_26' title="bbox 236 1929 1661 1980; baseline 0 -13"><span class='ocrx_word' id='word_1_218' title='bbox 236 1931 446 1967; x_wconf 87' lang='lat' dir='ltr'><strong>incensum</strong></span> <span class='ocrx_word' id='word_1_219' title='bbox 473 1930 719 1980; x_wconf 85' lang='lat' dir='ltr'><strong>Capitolium</strong></span> <span class='ocrx_word' id='word_1_220' title='bbox 752 1930 874 1965; x_wconf 88' lang='lat' dir='ltr'><strong>fuisse</strong></span> <span class='ocrx_word' id='word_1_221' title='bbox 906 1929 947 1965; x_wconf 89' lang='lat' dir='ltr'><strong>in</strong></span> <span class='ocrx_word' id='word_1_222' title='bbox 972 1930 1123 1978; x_wconf 91' lang='lat' dir='ltr'><strong>templo</strong></span> <span class='ocrx_word' id='word_1_223' title='bbox 1149 1931 1334 1979; x_wconf 90' lang='lat' dir='ltr'><strong>clipeum,</strong></span> <span class='ocrx_word' id='word_1_224' title='bbox 1368 1930 1563 1968; x_wconf 91' lang='lat' dir='ltr'><strong>Marcium</strong></span> <span class='ocrx_word' id='word_1_225' title='bbox 1589 1943 1661 1980; x_wconf 91' lang='lat' dir='ltr'><strong>ap-</strong></span> 
     </span>
     <span class='ocr_line' id='line_1_27' title="bbox 171 1999 1661 2050; baseline 0.001 -13"><span class='ocrx_word' id='word_1_226' title='bbox 171 2002 220 2042; x_wconf 77' lang='grc'><strong>18</strong></span> <span class='ocrx_word' id='word_1_227' title='bbox 236 2002 440 2050; x_wconf 89' lang='lat' dir='ltr'><strong>pellatum,</strong></span> <span class='ocrx_word' id='word_1_228' title='bbox 475 2013 565 2038; x_wconf 88' lang='lat' dir='ltr'><strong>cum</strong></span> <span class='ocrx_word' id='word_1_229' title='bbox 598 2001 774 2050; x_wconf 86' lang='lat' dir='ltr'><strong>imagine</strong></span> <span class='ocrx_word' id='word_1_230' title='bbox 807 1999 1090 2038; x_wconf 88' lang='lat' dir='ltr'><strong>Hasdrubalis.</strong></span> <span class='ocrx_word' id='word_1_231' title='bbox 1124 2022 1180 2028; x_wconf 92' lang='lat'><strong>—</strong></span> <span class='ocrx_word' id='word_1_232' title='bbox 1214 2001 1371 2047; x_wconf 76' lang='lat' dir='ltr'><strong>Quietae</strong></span> <span class='ocrx_word' id='word_1_233' title='bbox 1404 2001 1557 2038; x_wconf 90' lang='lat' dir='ltr'><strong>deinde</strong></span> <span class='ocrx_word' id='word_1_234' title='bbox 1589 2001 1661 2038; x_wconf 78' lang='lat' dir='ltr'><strong>ali—</strong></span> 
     </span>
     <span class='ocr_line' id='line_1_28' title="bbox 238 2071 1658 2120; baseline 0 -12"><span class='ocrx_word' id='word_1_235' title='bbox 238 2072 430 2120; x_wconf 85' lang='lat' dir='ltr'><strong>quamdiu</strong></span> <span class='ocrx_word' id='word_1_236' title='bbox 457 2073 499 2108; x_wconf 92' lang='lat' dir='ltr'><strong>in</strong></span> <span class='ocrx_word' id='word_1_237' title='bbox 524 2071 724 2120; x_wconf 87' lang='lat' dir='ltr'><strong>Hispania</strong></span> <span class='ocrx_word' id='word_1_238' title='bbox 747 2083 810 2107; x_wconf 92' lang='lat' dir='ltr'><strong>res</strong></span> <span class='ocrx_word' id='word_1_239' title='bbox 837 2071 960 2117; x_wconf 90' lang='lat' dir='ltr'><strong>fuere,</strong></span> <span class='ocrx_word' id='word_1_240' title='bbox 989 2072 1167 2120; x_wconf 88' lang='lat' dir='ltr'><strong>utrisque</strong></span> <span class='ocrx_word' id='word_1_241' title='bbox 1191 2077 1285 2120; x_wconf 91' lang='lat' dir='ltr'><strong>post</strong></span> <span class='ocrx_word' id='word_1_242' title='bbox 1308 2077 1441 2108; x_wconf 90' lang='lat' dir='ltr'><strong>tantas</strong></span> <span class='ocrx_word' id='word_1_243' title='bbox 1465 2072 1506 2109; x_wconf 91' lang='lat' dir='ltr'><strong>in</strong></span> <span class='ocrx_word' id='word_1_244' title='bbox 1530 2073 1658 2111; x_wconf 87' lang='lat' dir='ltr'><strong>vicem</strong></span> 
     </span>
     <span class='ocr_line' id='line_1_29' title="bbox 237 2142 1658 2191; baseline 0.001 -13"><span class='ocrx_word' id='word_1_245' title='bbox 237 2148 428 2191; x_wconf 88' lang='lat' dir='ltr'><strong>acceptas</strong></span> <span class='ocrx_word' id='word_1_246' title='bbox 472 2143 683 2190; x_wconf 88' lang='lat' dir='ltr'><strong>illatasque</strong></span> <span class='ocrx_word' id='word_1_247' title='bbox 726 2143 864 2179; x_wconf 86' lang='lat' dir='ltr'><strong>clades</strong></span> <span class='ocrx_word' id='word_1_248' title='bbox 908 2143 1190 2180; x_wconf 87' lang='lat' dir='ltr'><strong>cunctantibus</strong></span> <span class='ocrx_word' id='word_1_249' title='bbox 1235 2142 1453 2191; x_wconf 90' lang='lat' dir='ltr'><strong>periculum</strong></span> <span class='ocrx_word' id='word_1_250' title='bbox 1493 2155 1658 2180; x_wconf 88' lang='lat' dir='ltr'><strong>summae</strong></span> 
     </span>
     <span class='ocr_line' id='line_1_30' title="bbox 237 2213 548 2250; baseline 0 -1"><span class='ocrx_word' id='word_1_251' title='bbox 237 2225 367 2249; x_wconf 88' lang='lat' dir='ltr'><strong>rerum</strong></span> <span class='ocrx_word' id='word_1_252' title='bbox 401 2213 548 2250; x_wconf 88' lang='lat' dir='ltr'><strong>facere.</strong></span> 
     </span>
    </p>

    <p class='ocr_par' dir='ltr' id='par_1_3' title="bbox 111 2280 1658 2545">
     <span class='ocr_line' id='line_1_31' title="bbox 111 2280 1658 2333; baseline 0 -14"><span class='ocrx_word' id='word_1_253' title='bbox 111 2280 175 2325; x_wconf 86' lang='grc'><strong>40</strong></span> <span class='ocrx_word' id='word_1_254' title='bbox 357 2283 463 2320; x_wconf 91' lang='lat' dir='ltr'><strong>Dum</strong></span> <span class='ocrx_word' id='word_1_255' title='bbox 493 2284 578 2320; x_wconf 91' lang='lat' dir='ltr'><strong>haec</strong></span> <span class='ocrx_word' id='word_1_256' title='bbox 607 2283 649 2319; x_wconf 91' lang='lat' dir='ltr'><strong>in</strong></span> <span class='ocrx_word' id='word_1_257' title='bbox 673 2283 873 2332; x_wconf 89' lang='lat' dir='ltr'><strong>Hispania</strong></span> <span class='ocrx_word' id='word_1_258' title='bbox 895 2290 1102 2333; x_wconf 89' lang='lat' dir='ltr'><strong>geruntur,</strong></span> <span class='ocrx_word' id='word_1_259' title='bbox 1132 2284 1358 2329; x_wconf 90' lang='lat' dir='ltr'><strong>Marcellus,</strong></span> <span class='ocrx_word' id='word_1_260' title='bbox 1388 2284 1515 2333; x_wconf 90' lang='lat' dir='ltr'><strong>captis</strong></span> <span class='ocrx_word' id='word_1_261' title='bbox 1540 2284 1658 2332; x_wconf 86' lang='lat' dir='ltr'><strong>Syra-</strong></span> 
     </span>
     <span class='ocr_line' id='line_1_32' title="bbox 239 2354 1657 2404; baseline 0 -14"><span class='ocrx_word' id='word_1_262' title='bbox 239 2355 356 2399; x_wconf 89' lang='lat' dir='ltr'><strong>cusis,</strong></span> <span class='ocrx_word' id='word_1_263' title='bbox 383 2367 505 2402; x_wconf 92' lang='lat' dir='ltr'><strong>quum</strong></span> <span class='ocrx_word' id='word_1_264' title='bbox 531 2359 666 2391; x_wconf 91' lang='lat' dir='ltr'><strong>cetera</strong></span> <span class='ocrx_word' id='word_1_265' title='bbox 690 2354 731 2390; x_wconf 89' lang='lat' dir='ltr'><strong>in</strong></span> <span class='ocrx_word' id='word_1_266' title='bbox 755 2354 888 2391; x_wconf 89' lang='lat' dir='ltr'><strong>Sicilia</strong></span> <span class='ocrx_word' id='word_1_267' title='bbox 911 2360 1025 2391; x_wconf 89' lang='lat' dir='ltr'><strong>tanta</strong></span> <span class='ocrx_word' id='word_1_268' title='bbox 1050 2355 1130 2392; x_wconf 90' lang='lat' dir='ltr'><strong>fide</strong></span> <span class='ocrx_word' id='word_1_269' title='bbox 1153 2361 1276 2404; x_wconf 89' lang='lat' dir='ltr'><strong>atque</strong></span> <span class='ocrx_word' id='word_1_270' title='bbox 1299 2354 1528 2403; x_wconf 85' lang='lat' dir='ltr'><strong>integritate</strong></span> <span class='ocrx_word' id='word_1_271' title='bbox 1547 2366 1657 2391; x_wconf 88' lang='lat' dir='ltr'><strong>com-</strong></span> 
     </span>
     <span class='ocr_line' id='line_1_33' title="bbox 237 2425 1655 2474; baseline 0 -13"><span class='ocrx_word' id='word_1_272' title='bbox 237 2425 454 2473; x_wconf 88' lang='lat' dir='ltr'><strong>posuisset,</strong></span> <span class='ocrx_word' id='word_1_273' title='bbox 484 2431 525 2461; x_wconf 93' lang='lat' dir='ltr'><strong>ut</strong></span> <span class='ocrx_word' id='word_1_274' title='bbox 548 2437 634 2461; x_wconf 88' lang='lat' dir='ltr'><strong>non</strong></span> <span class='ocrx_word' id='word_1_275' title='bbox 658 2425 785 2461; x_wconf 90' lang='lat' dir='ltr'><strong>modo</strong></span> <span class='ocrx_word' id='word_1_276' title='bbox 811 2437 925 2461; x_wconf 89' lang='lat' dir='ltr'><strong>suam</strong></span> <span class='ocrx_word' id='word_1_277' title='bbox 948 2426 1133 2474; x_wconf 87' lang='lat' dir='ltr'><strong>gloriam,</strong></span> <span class='ocrx_word' id='word_1_278' title='bbox 1159 2427 1235 2462; x_wconf 90' lang='lat' dir='ltr'><strong>sed</strong></span> <span class='ocrx_word' id='word_1_279' title='bbox 1257 2426 1379 2462; x_wconf 87' lang='lat' dir='ltr'><strong>etiam</strong></span> <span class='ocrx_word' id='word_1_280' title='bbox 1402 2425 1655 2461; x_wconf 89' lang='lat' dir='ltr'><strong>maiestatem</strong></span> 
     </span>
     <span class='ocr_line' id='line_1_34' title="bbox 237 2495 1654 2545; baseline 0 -14"><span class='ocrx_word' id='word_1_281' title='bbox 237 2496 377 2544; x_wconf 91' lang='lat' dir='ltr'><strong>populi</strong></span> <span class='ocrx_word' id='word_1_282' title='bbox 406 2496 581 2532; x_wconf 91' lang='lat' dir='ltr'><strong>Romani</strong></span> <span class='ocrx_word' id='word_1_283' title='bbox 615 2501 793 2544; x_wconf 88' lang='lat' dir='ltr'><strong>augeret,</strong></span> <span class='ocrx_word' id='word_1_284' title='bbox 827 2501 1067 2532; x_wconf 89' lang='lat' dir='ltr'><strong>ornamenta</strong></span> <span class='ocrx_word' id='word_1_285' title='bbox 1100 2497 1221 2541; x_wconf 86' lang='lat' dir='ltr'><strong>urbis,</strong></span> <span class='ocrx_word' id='word_1_286' title='bbox 1255 2497 1371 2545; x_wconf 88' lang='lat' dir='ltr'><strong>signa</strong></span> <span class='ocrx_word' id='word_1_287' title='bbox 1402 2495 1654 2543; x_wconf 88' lang='lat' dir='ltr'><strong>tabulasque,</strong></span> 
     </span>
    </p>

    <p class='ocr_par' dir='ltr' id='par_1_4' title="bbox 196 2565 1657 2686">
     <span class='ocr_line' id='line_1_35' title="bbox 196 2565 1655 2615; baseline -0.001 -12"><span class='ocrx_word' id='word_1_288' title='bbox 196 2565 223 2605; x_wconf 79' lang='lat'><strong>:2</strong></span> <span class='ocrx_word' id='word_1_289' title='bbox 237 2567 381 2614; x_wconf 86' lang='lat' dir='ltr'><strong>quibus</strong></span> <span class='ocrx_word' id='word_1_290' title='bbox 399 2567 666 2603; x_wconf 89' lang='lat' dir='ltr'><strong>abundabant</strong></span> <span class='ocrx_word' id='word_1_291' title='bbox 683 2567 903 2615; x_wconf 75' lang='lat' dir='ltr'><strong>Syracusae,</strong></span> <span class='ocrx_word' id='word_1_292' title='bbox 922 2567 1095 2602; x_wconf 87' lang='lat' dir='ltr'><strong>Romam</strong></span> <span class='ocrx_word' id='word_1_293' title='bbox 1111 2567 1283 2611; x_wconf 89' lang='lat' dir='ltr'><strong>devexit,</strong></span> <span class='ocrx_word' id='word_1_294' title='bbox 1302 2566 1476 2603; x_wconf 85' lang='lat' dir='ltr'><strong>hostium</strong></span> <span class='ocrx_word' id='word_1_295' title='bbox 1490 2566 1655 2614; x_wconf 90' lang='lat' dir='ltr'><strong>quidem</strong></span> 
     </span>
     <span class='ocr_line' id='line_1_36' title="bbox 237 2637 1657 2686; baseline 0.001 -14"><span class='ocrx_word' id='word_1_296' title='bbox 237 2637 303 2673; x_wconf 88' lang='lat' dir='ltr'><strong>illa</strong></span> <span class='ocrx_word' id='word_1_297' title='bbox 335 2637 466 2685; x_wconf 89' lang='lat' dir='ltr'><strong>spolia</strong></span> <span class='ocrx_word' id='word_1_298' title='bbox 499 2643 539 2673; x_wconf 86' lang='lat' dir='ltr'><strong>et</strong></span> <span class='ocrx_word' id='word_1_299' title='bbox 569 2642 685 2686; x_wconf 90' lang='lat' dir='ltr'><strong>parta</strong></span> <span class='ocrx_word' id='word_1_300' title='bbox 717 2637 809 2673; x_wconf 93' lang='lat' dir='ltr'><strong>belli</strong></span> <span class='ocrx_word' id='word_1_301' title='bbox 841 2637 925 2673; x_wconf 89' lang='lat' dir='ltr'><strong>iure</strong></span> <span class='ocrx_word' id='word_1_302' title='bbox 936 2648 945 2681; x_wconf 86' lang='lat'>;</span> <span class='ocrx_word' id='word_1_303' title='bbox 980 2642 1156 2674; x_wconf 89' lang='lat' dir='ltr'><strong>ceterum</strong></span> <span class='ocrx_word' id='word_1_304' title='bbox 1185 2637 1282 2673; x_wconf 91' lang='lat' dir='ltr'><strong>inde</strong></span> <span class='ocrx_word' id='word_1_305' title='bbox 1306 2637 1475 2686; x_wconf 89' lang='lat' dir='ltr'><strong>primum</strong></span> <span class='ocrx_word' id='word_1_306' title='bbox 1499 2637 1657 2673; x_wconf 85' lang='lat' dir='ltr'><strong>initium</strong></span> 
     </span>
    </p>
   </div>
  </div>
 </body>
</html>
