1789 2955
553 99 660 130 Liber
685 98 810 129 xxw.
853 97 909 139 (A.
938 98 999 129 Ch.
1031 97 1127 138 214.)
1467 96 1549 137 183

131 246 182 270 ne
211 233 262 269 ab
288 231 504 269 obsidione
530 230 682 279 Capuae
708 230 856 266 bellum
885 229 969 265 eius
994 229 1089 264 anni
1113 230 1288 265 Romani
1311 229 1547 277 inciperent.

130 303 271 351 Itaque
303 303 460 351 legatos
494 301 546 337 ad
580 300 853 336 Hannibalern
879 304 1035 335 oratum
1060 300 1266 344 miserunt,
1300 306 1342 336 ut
1366 300 1547 348 Capuam
1565 299 1590 338 ‘2

130 373 348 410 exercitum
374 372 628 408 admoveret:
665 371 719 406 ad
743 382 833 406 eam
858 370 1181 418 oppugnandam
1203 382 1334 407 novos
1353 370 1548 406 exercitus

130 443 247 481 scribi
266 444 421 486 Romae,
445 453 521 477 nec
547 441 662 476 ullius
686 441 793 477 urbis
818 440 1040 476 defectioni
1058 440 1187 488 magis
1204 440 1388 477 infensos
1409 453 1548 477 eorum

129 513 289 550 animos
322 524 425 549 esse.
487 511 535 547 Id
568 511 662 559 quia
688 516 770 547 tam
794 511 951 559 trepide
976 510 1230 553 nuntiabant,
1263 512 1547 547 maturandum
1565 510 1589 549 3

129 581 336 620 Hannibal
367 588 490 626 ratus,
524 594 575 617 ne
608 581 875 629 praevenirent
896 581 1084 623 Romani,
1118 581 1324 629 profectus
1348 581 1464 630 Arpis
1495 583 1548 617 ad

129 653 265 690 Tifata
304 653 345 689 in
384 652 585 689 veteribus
627 651 766 688 castris
799 663 919 699 super
952 649 1135 699 Capuam
1169 652 1369 688 consedit.
1433 651 1590 695 Inde,4

129 723 314 760 Numidis
346 722 622 771 Hispanisque
656 722 709 757 ad
741 720 971 769 praesidium
1005 721 1120 757 simul
1153 727 1389 765 castrorum,
1434 722 1548 758 simul

129 794 281 843 Capuae
320 793 479 836 relictis,
521 805 611 829 cum
652 798 787 829 cetero
828 792 1002 828 exercitu
1043 793 1097 828 ad
1135 793 1265 828 lacum
1299 793 1445 829 Averni
1477 805 1549 841 per

129 865 307 914 speciem
350 863 616 907 sacrificandi,
655 875 697 898 re
729 863 817 911 ipsa
849 867 892 898 ut
923 867 1097 899 tentaret
1128 864 1321 899 Puteolos
1354 864 1547 911 quodque

128 935 182 971 ibi
215 934 446 983 praesidium
479 939 576 976 erat,
612 933 840 970 descendit.
903 932 1117 976 Maximus,
1152 938 1367 981 postquam
1392 932 1590 971 Hanni-5

128 1005 262 1041 balem
301 1004 418 1053 Arpis
458 1004 685 1053 profectum
725 1008 764 1039 et
806 1003 965 1051 regredi
1003 1003 1044 1039 in
1078 1002 1345 1051 Campaniam
1385 1005 1548 1041 allatum

129 1079 202 1118 est,
233 1087 309 1112 nec
340 1075 406 1111 die
435 1087 511 1112 nec
543 1079 667 1111 nocte
696 1074 925 1110 intermisso
948 1073 1089 1109 itinere
1113 1074 1167 1109 ad
1190 1075 1407 1111 exercitum
1429 1076 1545 1117 redit,

129 1150 169 1182 et
186 1145 248 1182 Ti.
269 1144 498 1182 Gracchum
523 1146 574 1181 ab
591 1144 762 1181 Luceria
779 1143 1058 1180 Beneventum
1076 1145 1217 1193 copias
1235 1145 1468 1188 admovere,
1496 1147 1546 1192 Q.
1564 1144 1588 1183 6

128 1215 298 1252 Fabium
322 1221 536 1264 praetorem
561 1214 608 1266 (is
627 1215 727 1251 filius
746 1215 922 1251 consulis
941 1213 1041 1264 erat)
1060 1216 1115 1250 ad
1127 1215 1339 1252 Luceriam
1358 1216 1546 1253 Graccho

129 1287 349 1322 succedere
381 1286 504 1322 iubet.
566 1286 613 1322 In
646 1285 820 1322 Siciliam
854 1285 1004 1322 eodem
1036 1291 1220 1334 tempore
1246 1287 1329 1323 duo
1354 1284 1585 1335 praetoresT

128 1356 311 1405 profecti,
335 1357 378 1393 P.
399 1355 610 1393 Cornelius
628 1357 682 1392 ad
700 1356 930 1399 exercitum,
957 1356 1006 1392 T.
1027 1355 1234 1399 Otacilius,
1255 1357 1322 1405 qui
1339 1358 1547 1395 maritimae

129 1439 210 1463 orae
241 1427 379 1474 reique
410 1427 543 1463 navali
575 1432 787 1475 praeesset;
828 1431 867 1463 et
899 1427 1021 1463 ceteri
1053 1426 1094 1463 in
1127 1439 1220 1463 suas
1253 1428 1422 1476 quisque
1455 1426 1586 1477 pro-S

127 1497 278 1534 vincias
296 1497 480 1546 profecti,
507 1502 547 1533 et
564 1498 708 1545 quibus
727 1502 989 1545 prorogatum
1007 1497 1217 1545 imperium
1236 1503 1333 1541 erat,
1349 1500 1544 1541 casdem,

128 1579 228 1614 quas
261 1568 382 1616 priori
415 1580 538 1611 anno,
572 1568 760 1615 regiones
795 1567 1068 1604 obtinuerunt.

246 1638 312 1673 Ad
334 1636 624 1681 Hannibalem,
659 1650 781 1685 quum
809 1638 863 1673 ad
886 1638 1017 1673 lacum
1041 1638 1188 1674 Averni
1214 1644 1334 1682 esset,
1369 1640 1547 1687 quinque
1614 1635 1659 1679 13

127 1707 286 1744 nobiles
304 1707 468 1744 iuvenes
487 1709 538 1743 ab
557 1708 738 1744 Tarento
757 1713 966 1751 venerunt,
985 1709 1130 1756 partim
1148 1709 1202 1744 ad
1220 1708 1545 1746 Trasumennum

126 1777 276 1824 lacum,
298 1778 442 1826 partim
466 1779 520 1814 ad
539 1777 703 1814 Cannas
729 1778 835 1826 capti
862 1778 1096 1829 dimissique
1122 1779 1270 1815 domos
1290 1792 1379 1816 cum
1398 1781 1546 1816 eadem

127 1848 331 1891 comitate,
357 1860 436 1896 qua
460 1860 554 1884 usus
573 1849 766 1885 adversus
785 1861 928 1885 omnes
947 1849 1225 1885 Romanorum
1244 1850 1378 1886 socios
1396 1850 1546 1887 Poenus

127 1918 268 1955 fuerat.
332 1918 379 1954 Ei
418 1930 620 1954 memores
661 1919 950 1955 beneficiorum
984 1919 1068 1956 eius
1100 1920 1322 1968 perpulisse
1356 1918 1588 1968 magnam?

125 1994 282 2038 partem
306 2001 349 2026 se
374 1989 589 2025 iuventutis
608 1989 841 2026 Tarentinae
865 1989 1055 2033 referunt,
1083 1995 1125 2025 ut
1142 1989 1384 2027 Hannibalis
1410 1991 1546 2027 amici-

126 2059 222 2095 tiam
255 2072 302 2096 ac
331 2059 569 2097 societatem
593 2072 713 2108 quam
736 2061 875 2109 populi
897 2060 1074 2097 Romani
1095 2061 1272 2102 mallent,
1307 2061 1546 2109 legatosque

126 2130 177 2165 ab
208 2129 289 2166 suis
316 2129 462 2166 missos
485 2142 630 2178 rogare
654 2130 940 2174 Hannibalem,
968 2135 1011 2166 ut
1034 2131 1250 2167 exercitum
1276 2131 1442 2179 propius
1466 2131 1546 2167 Ta-

125 2205 281 2236 rentum
302 2201 540 2236 admoveat:
571 2201 602 2236 si
622 2201 736 2249 signa
755 2201 852 2243 eius,
879 2202 910 2238 si
929 2206 1061 2238 castra
1079 2207 1300 2250 conspecta
1320 2214 1344 2237 a
1362 2201 1543 2237 Tarento
1560 2200 1584 2239 3

121 2269 217 2314 sint,
258 2270 367 2306 haud
405 2271 527 2306 ullam
566 2271 875 2308 intercessuram
909 2284 1077 2315 moram,
1119 2271 1215 2320 quin
1248 2272 1400 2307 urbs*⁹⁶
1413 2266 1463 2320 1);
1505 2271 1545 2307 in

125 2345 329 2388 potestate
361 2341 561 2377 iuniorum
595 2342 768 2389 plebem,
802 2342 842 2378 in
869 2354 993 2378 manu
1017 2342 1146 2394 plebis
1172 2354 1255 2378 rem
1280 2342 1545 2377 Tarentinam

126 2422 229 2447 esse.
292 2410 499 2447 Hannibal
522 2412 777 2448 collaudatos
802 2425 875 2449 eos
901 2418 1174 2460 oneratosque
1199 2412 1429 2460 ingentibus
1455 2411 1587 2459 pro-4

125 2481 256 2517 missis
289 2482 457 2518 domum
489 2483 544 2518 ad
577 2487 711 2531 coepta
734 2484 977 2519 maturanda
999 2483 1131 2519 redire
1153 2483 1282 2524 iubet;
1317 2494 1360 2517 se
1382 2481 1422 2517 in
1447 2485 1545 2517 tern-

125 2562 226 2598 pore
252 2551 463 2588 affuturum
489 2565 592 2589 esse.
643 2552 733 2590 Hac
758 2565 848 2590 cum
873 2566 945 2602 spe
964 2553 1117 2590 dimissi
1136 2552 1359 2588 Tarentini.
1408 2550 1586 2600 Ipsum5

164 2629 192 2672 ¹)
219 2630 425 2662 Exciderunt
452 2633 605 2673 quaedam
634 2633 666 2663 in
691 2633 779 2664 hanc
807 2634 1023 2665 sententiam:
1053 2633 1089 2663 ei
1116 2632 1321 2662 tradatur.
