1768 2943
546 113 651 144 Liber
677 113 769 144 xxx.
823 111 878 154 (A.
906 114 968 144 Ch.
995 113 1089 155 218.)
1470 116 1525 157 23

108 246 237 284 fessus
270 244 404 293 quiete
437 244 553 281 unius
587 245 667 281 diei
699 244 884 289 reficitur,
917 245 1075 282 intento
1101 247 1206 282 duce
1232 248 1287 283 ad
1315 248 1526 285 consilium

107 321 336 366 opportune
361 316 680 364 exsequendum.
740 316 910 352 Postero
937 317 1002 353 die
1027 317 1198 365 profecti
1224 330 1271 353 ex
1296 319 1388 355 loco
1414 320 1525 356 edito

107 388 216 424 fumo
250 387 491 437 significant,
526 387 718 424 transisse
747 393 786 424 et
813 388 923 423 haud
951 388 1090 436 procul
1120 388 1284 432 abesse;
1319 391 1431 436 quod
1460 390 1525 425 ubi

107 457 266 507 accepit
282 456 503 502 Hannibal,
529 470 580 494 ne
599 458 771 506 tempori
789 458 966 502 deesset,
992 459 1063 494 dat
1082 458 1239 507 signum
1258 460 1311 495 ad
1329 460 1527 496 traiicien-

107 529 217 565 dum.
279 528 365 564 Iam
397 533 559 577 paratas
593 534 834 577 aptatasque
863 530 1040 565 habebat
1064 530 1193 578 pedes
1218 530 1368 575 lintres,
1403 543 1527 579 eques

107 599 190 635 fere
223 604 388 647 propter
419 611 548 648 equos
581 612 720 636 naves.
784 599 953 636 Navium
988 613 1136 649 agmen
1164 602 1218 637 ad
1243 600 1525 649 excipiendum

107 670 264 706 adversi
296 669 492 718 impetum
526 670 700 707 fluminis
732 676 845 720 parte
879 672 1085 720 superiore
1119 672 1394 708 transmittens
1421 677 1527 707 tran-

107 741 340 790 quillitatem
378 741 484 777 infra
524 742 811 778 traiicientibus
850 742 1031 778 lintribus
1065 743 1291 791 praebebat;
1333 746 1557 790 equorum}

106 825 199 862 pars
223 825 372 861 magna
396 818 542 849 nantes
567 813 662 849 loris
687 825 709 848 a
734 813 937 861 puppibus
960 814 1234 858 trahebantur,
1268 819 1412 862 praeter
1441 825 1526 855 eos,

107 895 209 932 quos
248 884 439 920 instratos
480 883 754 932 frenatosque,
804 890 846 920 ut
884 885 1087 933 extemplo
1129 897 1294 933 egresso
1327 884 1368 920 in
1401 884 1527 932 ripam

108 955 231 1003 equiti
256 954 343 991 usui
373 959 522 999 essent,
549 954 827 1003 imposuerant
849 955 890 991 in
915 968 1053 992 naves.
1118 955 1224 992 Galli
1250 961 1466 991 occursant
1489 955 1528 990 in

107 1026 194 1075 ripa
219 1037 310 1062 cum
334 1024 451 1061 variis
476 1025 691 1062 ululatibus
709 1031 911 1074 cantuque
928 1027 1051 1064 moris
1070 1027 1143 1071 sui,
1169 1027 1398 1074 quatientes
1417 1031 1530 1062 scuta

108 1109 228 1145 super
245 1096 379 1145 capita
392 1095 677 1144 vibrantesque
693 1097 867 1133 dexteris
882 1098 974 1142 tela,
994 1109 1227 1145 quanquam
1242 1102 1281 1133 et
1295 1110 1343 1133 ex
1357 1097 1529 1133 adverso

108 1168 284 1204 terrebat
315 1172 428 1203 tanta
461 1167 517 1203 vis
549 1168 711 1204 navium
745 1180 834 1204 cum
867 1168 1021 1218 ingenti
1056 1180 1159 1205 sono
1185 1168 1359 1204 fluminis
1385 1173 1423 1204 et
1452 1168 1530 1204 cla-

107 1250 221 1275 more
238 1238 349 1274 vario
367 1243 579 1275 nautarum
597 1239 858 1287 militumque,
878 1245 918 1276 et
936 1240 1003 1288 qui
1021 1239 1252 1276 nitebantur
1271 1251 1529 1287 perrumpere

109 1310 302 1359 impetum
335 1310 510 1346 fluminis
543 1315 582 1346 et
615 1310 681 1359 qui
715 1323 763 1346 ex
788 1311 911 1346 altera
937 1311 1022 1359 ripa
1048 1310 1294 1347 traiicientes
1320 1322 1415 1346 suos
1439 1309 1530 1346 hor-

109 1381 309 1417 tabantur.
371 1380 455 1417 Iam
489 1381 585 1417 satis
618 1387 812 1430 paventes
841 1382 1013 1417 adverso
1042 1381 1210 1417 tumultu
1238 1381 1449 1417 terribilior
1480 1382 1557 1417 ab}

109 1456 223 1500 tergo
257 1452 425 1488 adortus
458 1452 622 1497 clamor,
657 1452 796 1489 castris
830 1452 880 1488 ab
914 1451 1122 1488 Hannone
1156 1453 1297 1500 captis.
1361 1452 1458 1488 Mox
1493 1459 1531 1489 et

108 1522 195 1571 ipse
219 1523 375 1567 aderat,
402 1535 635 1572 ancepsque
661 1529 788 1559 terror
813 1523 1110 1567 circumstabat,
1136 1528 1176 1559 et
1193 1535 1214 1559 e
1232 1523 1401 1560 navibus
1419 1528 1528 1560 tanta

109 1593 145 1629 vi
174 1598 419 1630 armatorum
447 1594 487 1630 in
515 1599 661 1630 terram
692 1595 892 1630 evadente
918 1599 958 1630 et
982 1595 1033 1630 ab
1058 1599 1173 1643 tergo
1198 1594 1415 1643 improvisa
1442 1607 1531 1643 pre-

110 1669 244 1701 mente
278 1664 379 1701 acie.
443 1664 548 1701 Galli
578 1671 796 1714 postquam
826 1671 996 1713 utroque
1027 1665 1103 1700 vim
1130 1665 1263 1702 facere
1289 1664 1425 1700 conati
1450 1665 1532 1712 pel-

109 1735 307 1780 lebantur,
340 1747 419 1784 qua
443 1740 582 1784 patere
611 1736 739 1773 visum
757 1736 929 1772 maxime
947 1736 1032 1779 iter,
1064 1740 1338 1784 perrumpunt,
1368 1734 1533 1783 trepidi-

111 1818 189 1853 que
221 1806 262 1842 in
295 1806 407 1842 vicos
439 1807 590 1855 passim
624 1819 719 1843 suos
753 1806 980 1855 diffugiunt.
1044 1805 1263 1849 Hannibal,
1298 1806 1441 1844 ceteris
1465 1818 1532 1842 co—

111 1877 185 1925 piis
231 1889 305 1926 per
349 1877 475 1914 otium
523 1878 711 1923 traiectis,
761 1890 957 1927 spernens
1000 1878 1079 1913 iam
1122 1876 1301 1914 Gallicos
1343 1878 1532 1914 tumultus

111 1952 241 1984 castra
272 1947 394 1984 locat.

229 2018 549 2067 Elephantorum
574 2021 902 2057 traiiciendorum
931 2019 1039 2055 varia
1058 2019 1227 2056 consilia
1247 2019 1367 2056 fuisse
1387 2020 1531 2062 credo;

113 2094 220 2126 certe
244 2090 370 2127 variat
392 2092 588 2128 memoria
615 2097 715 2129 actae
740 2092 809 2128 rei.
860 2091 1037 2137 Quidam
1057 2091 1316 2139 congregatis
1336 2091 1389 2126 ad
1406 2090 1532 2138 ripam

112 2160 336 2209 elephantis
374 2162 540 2198 tradunt
581 2162 872 2199 ferocissimum
907 2175 955 2199 ex
988 2162 1034 2198 iis
1068 2161 1260 2197 irritatum
1294 2163 1345 2197 ab
1378 2166 1533 2197 rectore

115 2243 202 2276 suo,
237 2244 359 2280 quum
383 2233 650 2282 refugientem
677 2233 717 2270 in
747 2246 893 2282 aquam
920 2230 1121 2284 [nantem]
1149 2237 1396 2281 sequeretur,
1432 2237 1534 2268 trax-

112 2302 190 2339 isse
228 2315 409 2352 gregem,
454 2308 497 2339 ut
536 2316 736 2352 quemque
769 2305 975 2341 timentem
1011 2304 1264 2340 altitudinem
1299 2303 1535 2340 destitueret

1546 1098 1571 1137 2

1559 1382 1571 1420 Nave

113 2373 273 2418 vadum,
307 2374 458 2423 impetu
482 2374 572 2422 ipso
598 2375 770 2411 fluminis
794 2376 835 2411 in
860 2375 1026 2411 alteram
1052 2375 1179 2423 ripam
1205 2376 1400 2423 rapiente.
1458 2374 1574 2410 (Te-⁴3

115 2447 241 2480 terum
265 2444 393 2493 magis
419 2450 591 2489 constat,
621 2445 771 2482 ratibus
795 2446 1004 2489 traiectos;
1040 2446 1081 2482 id
1106 2451 1149 2482 ut
1174 2446 1294 2482 tutius
1324 2444 1535 2481 consilium

114 2519 208 2551 ante
240 2527 324 2551 rem
356 2515 472 2560 foret,
515 2516 571 2552 ita
603 2521 694 2553 acta
725 2529 767 2552 re
801 2517 854 2552 ad
887 2516 1010 2552 fidem
1042 2517 1208 2565 pronius
1242 2521 1315 2552 est.
1392 2516 1534 2551 Ratem

116 2596 236 2621 unam
265 2586 465 2622 ducentos
490 2587 656 2635 longam
679 2588 822 2636 pedes,
856 2587 1149 2636 quinquaginta
1173 2587 1295 2623 latam
1319 2599 1342 2622 a
1366 2591 1470 2623 terra
1495 2587 1534 2622 in

116 2667 277 2692 amnem
300 2662 576 2705 porrexerunt,
606 2670 740 2706 quam,
771 2670 823 2694 ne
849 2659 1029 2694 secunda
1055 2670 1160 2706 aqua
1186 2657 1420 2701 deferretur,
1450 2657 1535 2705 plu—

1551 2514 1572 2553 T

1593 952 1655 996 28
