1789 2955
262 123 344 163 162
686 120 788 150 Liber
813 119 940 149 xxm.
974 118 1028 161 (A.
1050 129 1079 149 u.
1102 129 1130 149 c.
1154 117 1250 159 539.)

257 253 393 296 nebat,
427 252 587 288 crebras
620 251 878 287 excursiones
910 251 952 287 in
985 263 1123 299 agrum
1156 250 1368 298 Hirpinum
1402 257 1440 286 et
1473 251 1672 287 Samnites

190 323 242 362 14
258 323 468 359 Caudinos
502 321 608 365 fecit,
643 322 832 368 adeoque
867 322 1003 357 omnia
1036 321 1140 357 ferro
1169 327 1290 368 atque
1312 322 1394 368 igni
1417 323 1597 365 vastavit,
1632 331 1673 358 ut

129 391 195 434 42
259 393 512 440 antiquarum
552 392 726 427 cladium
760 391 925 427 Samnio
964 391 1199 428 memoriam
1233 398 1458 428 renovaret.
1531 392 1671 440 Itaque

258 463 460 511 extemplo
490 463 611 511 legati
641 463 695 497 ad
718 461 991 497 Hannibalem
1018 461 1128 498 missi
1151 462 1266 497 simul
1289 474 1337 496 ex
1360 468 1527 509 utraque
1549 469 1671 510 gente

216 534 311 574 2ita
334 534 504 570 Poenum
527 533 688 569 allocuti
713 538 816 568 sunt.
877 532 1054 569 «Hostes
1076 532 1215 580 populi
1240 532 1426 576 Romani,
1452 532 1670 577 Hannibal,

258 604 401 640 fuimus
424 604 595 652 primum
618 615 688 651 per
710 615 786 639 nos
809 603 897 651 ipsi,
928 603 1067 650 quoad
1089 609 1228 638 nostra
1251 615 1374 646 arma,
1400 608 1547 639 nostrae
1570 603 1672 639 vires

258 686 332 711 nos
363 675 480 710 tutari
508 679 710 721 poterant.
773 674 994 721 Postquam
1018 674 1063 709 iis
1087 685 1227 721 parum
1250 673 1488 715 fidebamus,
1520 674 1671 722 Pyrrho

215 746 241 785 3
256 746 340 793 regi
365 756 441 781 nos
467 744 741 787 adiunximus;
767 756 790 779 a
814 755 894 791 quo
919 743 1043 779 relicti
1061 755 1206 791 pacem
1224 743 1495 779 necessariam
1515 745 1672 792 accepi-

257 828 356 860 mus,
391 815 617 862 fuimusque
649 815 690 850 in
723 826 772 850 ea
804 826 876 862 per
908 824 1039 849 annos
1072 825 1199 861 prope
1232 814 1524 862 quinquaginta
1555 815 1608 850 ad
1629 815 1673 850 icl

215 886 427 935 4tempus,
462 897 543 933 quo
567 891 608 920 tu
630 885 671 921 in
693 884 849 920 Italiam
874 884 1028 920 venisti.
1083 883 1172 919 Tua
1195 895 1271 920 nos
1293 896 1378 920 non
1401 885 1528 932 magis
1553 885 1672 921 virtus

257 957 499 1004 fortunaque
542 968 661 1004 quam
706 956 825 991 unica
868 954 1038 991 comitas
1083 965 1130 990 ac
1169 955 1398 1002 benignitas
1437 967 1533 1003 erga
1566 956 1671 991 cives

257 1033 431 1072 nostros,
462 1038 565 1075 quos
588 1032 730 1074 captos
754 1025 872 1061 nobis
895 1025 1094 1068 remisisti,
1117 1025 1173 1060 ita
1196 1025 1426 1061 conciliavit
1448 1026 1530 1069 tibi,
1555 1032 1609 1069 ut,
1634 1032 1672 1062 te

256 1099 367 1135 salvo
386 1103 507 1145 atque
520 1097 711 1133 incolumi
725 1096 870 1140 amico,
890 1107 973 1132 non
987 1096 1114 1132 modo
1128 1096 1321 1144 populum
1336 1096 1578 1140 Romanum,
1599 1097 1673 1132 sed

215 1167 307 1207 5ne
340 1169 443 1204 deos
476 1167 641 1215 quidem
674 1167 810 1211 iratos,
846 1167 877 1202 si
911 1166 971 1202 fas
995 1172 1055 1202 est
1077 1167 1170 1210 dici,
1205 1166 1447 1203 timeremus.
1512 1168 1563 1203 At
1586 1168 1672 1202 her-

256 1240 343 1276 cule
376 1250 461 1274 non
493 1238 622 1274 solum
655 1238 846 1274 incolumi
880 1243 920 1273 et
947 1237 1110 1281 victore,
1145 1237 1219 1273 sed
1241 1243 1441 1285 praesente
1463 1244 1515 1282 te,
1550 1250 1672 1286 quum

255 1311 456 1359 ploratum
480 1320 608 1357 prope
635 1308 851 1355 coniugum
877 1319 923 1344 ac
941 1308 1157 1343 liberorum
1175 1314 1406 1345 nostrorum
1423 1309 1615 1344 exaudire
1633 1315 1673 1345 et

256 1379 467 1429 flagrantia
499 1384 606 1414 tecta
638 1390 782 1426 posses
816 1378 1067 1426 conspicere,
1101 1379 1155 1413 ita
1189 1390 1324 1414 sumus
1357 1379 1571 1426 aliquoties
1599 1379 1674 1416 hac

256 1456 395 1487 aestate
428 1449 640 1493 devastati,
674 1455 716 1484 ut
749 1448 803 1484 M.
838 1448 1065 1492 Marcellus,
1100 1459 1183 1484 non
1206 1447 1413 1484 Hannibal
1445 1450 1586 1486 vicisse
1619 1449 1674 1485 ad

256 1521 420 1557 Cannas
453 1519 636 1555 videatur
667 1519 968 1566 glorienturque
1001 1519 1189 1562 Romani,
1224 1524 1275 1562 te,
1310 1520 1363 1555 ad
1396 1532 1518 1556 unum
1544 1521 1671 1556 modo

214 1592 239 1629 6
254 1593 375 1629 ictum
398 1592 613 1639 vigentem,
638 1589 744 1625 velut
765 1589 907 1625 aculeo
932 1589 1080 1624 emisso
1104 1594 1277 1637 torpere.
1333 1589 1408 1625 Per
1433 1602 1564 1626 annos
1588 1603 1672 1625 cen-

255 1668 336 1699 tum
377 1674 468 1698 cum
507 1660 660 1709 populo
694 1660 884 1696 Romano
924 1659 1071 1695 bellum
1103 1660 1316 1707 gessimus,
1357 1661 1467 1696 nullo
1501 1666 1671 1696 externo

256 1733 382 1769 adiuti
407 1743 482 1768 nec
508 1732 613 1767 duce
639 1742 713 1766 nec
739 1730 928 1774 exercitu,
954 1730 1029 1766 nisi
1049 1730 1162 1777 quod
1185 1742 1256 1778 per
1273 1731 1481 1766 biennium
1498 1731 1670 1779 Pyrrhus

254 1809 396 1840 nostro
436 1802 562 1850 magis
595 1801 717 1836 milite
750 1812 843 1837 suas
876 1801 984 1836 auxit
1015 1801 1117 1836 vires
1150 1812 1270 1848 quam
1304 1801 1384 1837 suis
1418 1801 1562 1837 viribus
1596 1813 1671 1837 nos

216 1872 454 1912 7defe'ndit.
518 1870 613 1907 Non
646 1883 724 1919 ego
759 1871 949 1907 secundis
981 1871 1100 1907 rebus
1133 1871 1280 1907 nostris
1312 1871 1530 1919 gloriabor,
1566 1872 1670 1907 duos

256 1943 443 1980 consules
467 1954 514 1979 ac
539 1942 644 1977 duos
663 1941 895 1978 consulares
914 1941 1110 1976 exercitus
1128 1941 1178 1976 ab
1196 1941 1315 1976 nobis
1333 1941 1406 1977 sub
1424 1942 1561 1989 iugum
1579 1942 1671 1978 mis-

256 2025 337 2057 sos,
379 2018 418 2048 et
456 2013 487 2048 si
526 2024 606 2059 qua
645 2012 721 2047 alia
753 2017 821 2047 aut
854 2011 943 2047 laeta
976 2017 1045 2046 aut
1075 2011 1253 2059 gloriosa
1285 2011 1403 2047 nobis
1436 2018 1669 2048 evenerunt.

214 2082 239 2122 8
256 2083 356 2129 Quae
379 2095 523 2131 aspera
545 2083 798 2129 adversaque
820 2087 915 2117 tunc
938 2081 1184 2125 acciderunt,
1208 2081 1363 2117 minore
1385 2082 1669 2130 indignatione

214 2152 240 2193 9
255 2152 402 2188 referre
429 2165 656 2201 possumus,
681 2164 801 2200 quam
824 2163 911 2199 quae
936 2152 1059 2188 hodie
1083 2152 1284 2188 eveniunt.
1334 2151 1473 2200 Magni
1497 2153 1670 2188 dictato-

255 2209 321 2259 res·
349 2234 439 2259 cum
468 2223 667 2271 magistris
697 2222 888 2270 equitum,
919 2222 1000 2257 bini
1032 2222 1219 2258 consules
1243 2234 1333 2258 cum
1356 2223 1458 2259 binis
1483 2223 1668 2259 consula-

254 2294 362 2329 ribus
387 2293 624 2329 exercitibus
648 2292 980 2340 ingrediebantur
1003 2292 1103 2328 fines
1126 2298 1308 2335 nostros;
1338 2297 1432 2328 ante
1458 2293 1666 2340 explorato

256 2369 296 2399 et
327 2363 515 2399 subsidiis
547 2362 688 2411 positis
721 2368 761 2398 et
793 2364 865 2398 sub
899 2363 1022 2411 signis
1056 2364 1110 2398 ad
1138 2362 1418 2410 populandum
1441 2362 1665 2405 ducebant;

187 2432 241 2473 10
254 2445 361 2469 nunc
389 2433 645 2481 propraetoris
673 2434 789 2469 unius
817 2439 857 2468 et
883 2434 992 2481 parvi
1022 2433 1076 2468 ad
1103 2433 1297 2468 tuendam
1322 2431 1468 2467 Nolam
1491 2432 1665 2480 praesidii

255 2503 393 2551 praeda
420 2514 586 2546 .sumus;
625 2503 705 2538 iam
744 2515 796 2539 ne
834 2503 1110 2550 manipulatim
1142 2503 1319 2550 quidem,
1360 2502 1434 2538 sed
1466 2502 1667 2538 latronum

255 2574 382 2609 modo
407 2578 643 2621 percursant
667 2573 761 2609 totis
787 2572 931 2609 finibus
956 2573 1103 2609 nostris
1127 2572 1409 2620 negligentius,
1435 2583 1556 2619 quam
1574 2572 1606 2607 si
1623 2571 1665 2607 in

187 2641 235 2682 11
258 2643 446 2679 Romano
471 2649 710 2691 vagarentur
734 2654 846 2691 agro.
896 2642 1030 2679 Causa
1048 2648 1182 2678 autem
1200 2642 1284 2679 haec
1303 2648 1375 2686 est,
1401 2642 1513 2689 quod
1531 2653 1664 2695 neque
