1768 2943
234 107 286 148 78
659 105 762 136 Liber
789 105 897 135 XXII.
933 103 987 147 (A.
1015 115 1045 135 u.
1074 116 1101 136 c.
1130 104 1223 147 537.)

231 237 285 272 ad
318 236 550 284 quindecim
573 236 694 272 millia
716 236 889 273 hostium
915 237 1165 282 occiderunt,
1192 242 1381 285 quattuor
1408 237 1529 274 millia
1557 249 1647 275 cum

230 307 362 343 multis
394 306 627 343 militaribus
660 307 784 355 signis
817 307 993 355 capiunt.

111 373 171 417 22
352 376 445 413 Hoc
477 382 582 413 statu
614 389 744 413 rerum
776 376 818 412 in
850 376 1049 425 Hispania
1080 377 1123 413 P.
1158 377 1293 425 Scipio
1326 378 1366 413 in
1399 378 1648 426 provinciam

230 448 350 493 venit,
384 453 606 496 prorogato
639 452 732 496 post
764 447 1017 484 consulatum
1049 447 1218 496 imperio
1243 448 1293 483 ab
1318 454 1461 485 senatu
1489 449 1647 494 missus,

231 531 321 555 cum
353 519 514 567 triginta
547 518 679 566 longis
707 518 875 554 navibus
908 523 948 554 et
979 523 1075 554 octo
1098 518 1270 554 millibus
1292 518 1459 555 militum
1482 532 1647 569 magno-

193 586 308 637 2que
341 594 571 625 commeatu
604 589 791 624 advecto.
840 588 901 624 Ea
928 588 1066 625 classis
1090 588 1235 636 ingens
1260 589 1421 637 agmine
1445 591 1648 628 oneraria-

230 672 316 695 rum
348 660 487 708 procul
520 659 605 695 visa
637 671 727 695 cum
750 671 900 707 magna
923 658 1058 695 laetitia
1080 658 1224 694 civium
1247 660 1531 708 sociorumque
1554 673 1647 710 por-

192 728 314 768 3tum
339 730 585 766 Tarraconis
610 742 658 765 ex
683 730 764 766 alto
789 729 929 765 tenuit.
977 728 1036 764 Ibi
1062 729 1185 765 milite
1214 730 1413 778 exposito,
1440 731 1647 779 profectus

230 801 365 849 Scipio
391 800 499 836 fratri
523 812 566 836 se
590 800 810 848 coniungit,
845 812 892 836 ac
911 800 1063 835 deinde
1081 799 1285 835 communi
1304 800 1440 838 animo
1459 803 1648 839 consilio-

191 869 218 908 4
231 883 310 919 que
334 871 531 919 gerebant
549 871 708 908 bellum.
759 870 978 918 Occupatis
1001 870 1119 918 igitur
1137 868 1540 918 Carthaginiensibus
1559 872 1648 909 Cel-

229 942 396 978 tiberico
429 941 550 985 bello,
584 942 694 977 haud
717 945 952 977 cunctanter
969 938 1165 976 Hiberum
1189 942 1548 989 transgrediuntur,
1573 956 1648 980 nec

229 1013 309 1049 ullo
329 1012 414 1049 viso
433 1013 564 1057 hoste,
594 1013 815 1061 Saguntum
840 1016 1014 1060 pergunt
1037 1011 1107 1055 ire,
1134 1011 1247 1058 quod
1271 1011 1325 1046 ibi
1343 1011 1509 1048 obsides
1527 1013 1648 1049 totius

229 1082 439 1131 Hispaniae
473 1083 644 1119 traditos
677 1083 728 1118 ab
761 1081 993 1118 Hannibale
1027 1081 1135 1118 fama
1168 1087 1254 1118 erat
1284 1082 1450 1119 modico
1482 1083 1524 1119 in
1556 1095 1648 1120 arce

191 1151 425 1191 beustodiri
459 1153 664 1202 praesidio.
713 1152 760 1188 Id
783 1164 908 1188 unum
932 1152 1077 1201 pignus
1102 1152 1316 1189 inclinatos
1342 1153 1397 1189 ad
1419 1153 1648 1190 Romanam

231 1225 468 1261 societatem
503 1223 682 1260 omnium
707 1222 915 1272 Hispaniae
947 1222 1190 1271 populorum
1217 1223 1375 1260 animos
1403 1224 1647 1268 morabatur,

191 1294 215 1332 6
229 1308 281 1331 ne
315 1295 513 1343 sanguine
546 1295 713 1330 liberum
746 1306 907 1330 suorum
933 1294 1050 1342 culpa
1075 1293 1318 1330 defectionis
1351 1293 1536 1330 lueretur.
1585 1293 1648 1330 Eo

229 1365 386 1401 vinculo
417 1364 659 1413 Hispaniam
691 1365 746 1399 vir
778 1376 880 1400 unus
913 1364 1063 1400 sollerti
1094 1364 1223 1412 magis
1257 1376 1377 1411 quam
1411 1347 1518 1400 fideli
1551 1376 1649 1400 con-

229 1435 317 1472 silio
351 1434 532 1472 exsolvit.
596 1435 751 1471 Abelux
784 1440 869 1471 erat
901 1434 1068 1483 Sagunti
1101 1434 1248 1471 nobilis
1283 1434 1501 1483 Hispanus,
1544 1435 1647 1471 fidus

228 1511 322 1542 ante
339 1505 495 1549 Poenis;
529 1510 625 1550 tum,
651 1506 784 1553 qualia
810 1506 1044 1554 plerumque
1070 1510 1161 1541 sunt
1186 1505 1448 1541 barbarorum
1469 1505 1646 1553 ingenia,

192 1574 320 1614 Teum
366 1576 528 1612 fortuna
570 1581 794 1612 mutaverat
836 1576 972 1612 fidem.
1037 1575 1225 1611 Ceterum
1267 1575 1517 1624 transfugam
1561 1576 1647 1612 sine

228 1659 386 1696 magnae
418 1647 475 1683 rei
508 1647 741 1696 proditione
769 1647 999 1682 venientem
1028 1647 1082 1682 ad
1107 1646 1244 1682 hostes
1270 1645 1365 1682 nihil
1389 1647 1498 1682 aliud
1526 1659 1647 1695 quam

227 1731 351 1755 unum
383 1718 458 1754 vile
498 1724 619 1766 atque
659 1717 809 1754 infame
848 1729 994 1766 corpus
1038 1728 1128 1753 esse
1160 1721 1282 1760 ratus,
1322 1717 1365 1752 id
1404 1718 1564 1766 agebat,
1606 1723 1648 1753 ut

191 1788 351 1838 aquam
384 1789 600 1825 maximum
633 1788 951 1824 emolumentum
982 1788 1098 1824 novis
1131 1787 1252 1824 sociis
1285 1792 1405 1824 esset.
1470 1787 1647 1824 Circum-

228 1860 376 1908 spectis
398 1859 516 1908 igitur
534 1859 734 1903 omnibus,
763 1870 852 1906 quae
875 1858 1037 1894 fortuna
1059 1859 1273 1907 potestatis
1297 1859 1382 1894 eius
1406 1863 1568 1906 poterat
1586 1857 1644 1894 fa-

228 1943 331 1974 cere,
344 1930 554 1966 obsidibus
568 1929 820 1977 potissimum
835 1929 1044 1966 tradendis
1057 1929 1236 1965 animum
1248 1928 1410 1973 adiecit,
1421 1941 1512 1965 eam
1525 1941 1646 1965 unam

227 2013 311 2037 rem
328 2000 502 2036 maxime
527 2005 635 2036 ratus
654 1999 957 2036 conciliaturam
976 2000 1171 2036 Romanis
1195 2000 1420 2048 principum
1438 1999 1646 2048 Hispaniae

190 2069 460 2109 9a1nicitiam.
525 2071 606 2106 Sed
639 2082 761 2118 quum
792 2070 945 2107 iniussu
976 2070 1156 2107 Bostaris
1189 2070 1367 2119 praefecti
1400 2069 1495 2106 satis
1529 2069 1648 2106 sciret

227 2142 323 2178 nihil
357 2142 545 2178 obsidum
579 2142 771 2178 custodes
805 2140 982 2177 facturos
1015 2153 1118 2185 esse,
1153 2141 1365 2178 Bostarem
1396 2141 1527 2189 ipsum
1561 2145 1645 2176 arte

161 2209 214 2250 lO
227 2212 472 2260 aggreditur.
537 2211 679 2248 Castra
712 2218 822 2248 extra
854 2211 994 2247 urbem
1026 2212 1068 2248 in
1099 2212 1190 2260 ipso
1223 2212 1338 2248 litore
1370 2211 1546 2247 habebat
1568 2210 1647 2247 Bo-

229 2288 321 2326 star,
354 2288 397 2318 ut
429 2282 583 2318 aditum
617 2295 665 2318 ea
697 2287 811 2331 parte
841 2282 1127 2318 intercluderet
1148 2282 1355 2319 Romanis.
1404 2281 1463 2318 Ibi
1486 2293 1577 2318 eum
1604 2281 1645 2317 in

229 2358 426 2389 secretum
459 2353 692 2395 abductum,
719 2353 825 2389 velut
856 2353 1127 2401 ignorantem,
1161 2357 1314 2397 monet,
1344 2363 1425 2400 quo
1459 2357 1564 2388 statu
1597 2351 1646 2388 sit

161 2423 309 2461 llres:
344 2428 494 2459 metum
528 2423 776 2459 continuisse
809 2424 862 2459 ad
895 2436 985 2459 eam
1018 2423 1126 2460 diem
1159 2423 1436 2471 Hispanorum
1473 2422 1644 2466 animos,

228 2493 321 2541 quia
353 2494 493 2542 procul
527 2493 700 2530 Romani
734 2493 942 2537 abessent;
977 2505 1084 2529 nunc
1118 2494 1174 2530 cis
1200 2493 1392 2529 Hiberum
1416 2497 1547 2529 castra
1565 2493 1646 2528 Ro-

229 2576 350 2600 mana
382 2576 485 2608 esse,
520 2576 654 2600 arcem
678 2569 803 2600 tutam
828 2563 1136 2612 perfugiumque
1161 2576 1288 2600 novas
1311 2563 1536 2600 volentibus
1560 2573 1643 2606 res;

228 2635 377 2682 itaque,
396 2646 499 2682 quos
517 2640 646 2671 metus
665 2646 749 2671 non
767 2639 916 2678 teneat,
937 2633 1135 2670 beneficio
1155 2640 1194 2670 et
1210 2634 1338 2682 gratia
1351 2633 1645 2669 devinciendos
