1768 2943
262 110 316 150 (58
684 108 788 139 Liber
815 108 924 139 XXII.
963 107 1018 150 (A.
1047 119 1076 140 u.
1104 120 1132 141 c.
1160 109 1254 152 537.)

261 245 359 284 tuta,
393 252 441 275 ex
475 240 580 288 agris
613 252 775 288 quoque
810 240 1084 289 demigrarent
1107 254 1250 279 omnes
1274 242 1452 291 regionis
1475 242 1573 288 eius,
1599 255 1678 291 qua

260 311 383 346 iturus
416 309 621 346 Hannibal
655 316 775 354 esset,
809 311 924 347 tectis
956 312 1064 359 prius
1096 312 1272 349 incensis
1305 324 1353 348 ac
1386 312 1564 361 frugibus
1592 325 1679 350 cor-

220 378 398 430 5ruptis,
431 393 484 417 ne
516 381 628 418 cuius
659 381 716 416 rei
749 380 868 429 copia
901 387 1021 427 esset,
1055 382 1142 431 ipse
1167 383 1229 418 via
1253 383 1450 419 Flaminia
1474 383 1679 432 profectus

261 452 421 488 obviam
454 451 611 489 consuli
643 451 914 499 exercituque,
948 464 1071 500 quum
1096 453 1151 489 ad
1175 452 1354 489 Tiberim
1383 452 1488 489 circa
1516 452 1680 491 Ocricu-

260 523 341 558 lum
372 522 647 571 prospexisset
679 534 827 570 agmen
866 522 1158 571 consulemque
1191 535 1282 560 cum
1316 522 1517 572 equitibus
1549 525 1605 560 ad
1637 536 1681 561 se

260 592 603 642 progredientem,
637 591 832 628 viatorem
854 592 972 637 misit,
1006 593 1074 641 qui
1099 594 1255 630 consuli
1278 593 1494 638 nuntiaret,
1528 599 1571 630 ut
1594 594 1680 631 sine

219 660 243 699 6
260 663 464 700 lictoribus
497 663 551 698 ad
584 662 827 699 dictatorem
858 663 1023 699 veniret.
1074 663 1152 710 Qui
1177 676 1301 712 quum
1329 664 1440 700 dicto
1468 664 1680 713 paruisset,

261 744 585 781 congressusque
610 745 751 769 eorum
774 733 983 781 ingentem
1006 735 1185 783 speciem
1210 735 1418 771 dictaturae
1444 735 1555 784 apud
1573 734 1682 772 cives

261 803 478 851 sociosque
510 808 708 840 vetustate
740 804 820 839 iam
852 815 980 852 prope
1015 804 1164 841 oblitos
1197 805 1282 841 eius
1315 804 1471 853 imperii
1505 804 1680 849 fecisset,

260 875 398 911 litterae
431 874 482 910 ab
515 874 613 910 urbe
646 873 775 910 allatae
808 878 913 918 sunt,
946 886 1070 910 naves
1099 875 1306 911 onerarias
1332 880 1603 911 commeatum
1631 876 1682 911 ab

261 943 376 982 Ostia
407 944 450 980 in
481 943 723 993 Hispaniam
755 945 809 980 ad
842 944 1059 980 exercitum
1092 950 1301 993 portantes
1330 958 1354 981 a
1378 945 1507 982 classe
1530 945 1683 983 Punica

223 1012 245 1051 7
262 1015 367 1052 circa
398 1020 559 1064 portum
584 1014 792 1051 Cosanum
818 1019 958 1062 captas
987 1026 1090 1050 esse.
1138 1015 1281 1063 Itaque
1309 1016 1512 1064 extemplo
1542 1016 1683 1052 consul

261 1085 420 1122 Ostiam
451 1085 651 1134 proficisci
683 1084 827 1128 iussus,
861 1084 1125 1133 navibusque,
1161 1098 1249 1134 quae
1283 1087 1338 1122 ad
1370 1086 1511 1122 urbem
1533 1086 1684 1122 Roma-

261 1168 357 1192 nam
389 1161 458 1191 aut
483 1154 607 1192 Ostiae
640 1160 789 1199 essent,
824 1155 1037 1203 completis
1070 1156 1193 1193 milite
1226 1169 1274 1193 ac
1306 1157 1515 1193 navalibus
1547 1156 1682 1201 sociis,

225 1224 450 1275 Spersequi
482 1225 659 1262 hostium
691 1226 864 1262 classem
896 1238 942 1262 ac
976 1226 1094 1263 litora
1119 1226 1242 1264 Italiae
1267 1227 1398 1263 tutari.
1447 1227 1601 1276 Magna
1627 1228 1684 1264 vis

262 1297 472 1333 hominum
490 1297 720 1345 conscripta
737 1297 879 1333 Romae
904 1301 1006 1340 erat;
1041 1297 1213 1334 libertini
1239 1297 1373 1342 etiam,
1403 1297 1547 1346 quibus
1572 1298 1685 1335 liberi

225 1364 250 1403 9
264 1372 402 1404 essent
424 1372 464 1403 et
488 1372 584 1404 aetas
608 1367 800 1412 militaris,
833 1367 874 1403 in
899 1368 1020 1403 verba
1047 1368 1286 1404 iuraverant.
1336 1367 1396 1404 Ex
1425 1368 1505 1405 hoc
1528 1369 1684 1405 urbano

263 1438 452 1482 exercitu,
495 1437 562 1486 qui
600 1437 778 1474 minores
810 1437 988 1485 quinque
1027 1443 1067 1474 et
1104 1438 1266 1486 triginta
1309 1438 1426 1476 annis
1469 1444 1597 1484 erant,
1642 1439 1683 1476 in

262 1520 386 1545 naves
418 1508 609 1557 impositi,
644 1507 721 1552 alii,
755 1512 798 1543 ut
828 1507 916 1544 urbi
947 1508 1225 1557 praesiderent,
1258 1509 1398 1545 relicti.

154 1573 198 1618 12
379 1578 577 1622 Dictator,
597 1578 771 1614 exercitu
790 1578 967 1615 consulis
986 1585 1157 1628 accepto
1177 1592 1200 1615 a
1212 1579 1352 1615 Fulvio
1365 1579 1513 1616 Flacco
1531 1580 1682 1628 legato,

263 1663 334 1699 per
357 1661 498 1698 agrum
516 1649 709 1685 Sabinum
727 1649 864 1694 Tibur,
899 1662 980 1697 quo
1007 1650 1116 1686 diem
1141 1650 1197 1686 ad
1221 1650 1549 1686 conveniendum
1573 1650 1684 1687 edix—

226 1718 350 1757 2erat
391 1720 507 1757 novis
544 1718 747 1763 militibus,
787 1719 908 1756 venit.
977 1720 1079 1757 Inde
1118 1721 1322 1757 Praeneste
1361 1733 1411 1757 ac
1448 1721 1684 1758 transversis

265 1791 453 1828 limitibus
470 1791 511 1827 in
526 1789 631 1826 viam
646 1789 835 1826 Latinam
852 1796 914 1827 est
931 1803 1130 1839 egressus,
1156 1792 1279 1836 unde,
1303 1791 1511 1828 itineribus
1530 1803 1685 1828 summa

265 1871 357 1895 cum
379 1871 474 1895 cura
499 1860 729 1908 exploratis,
763 1861 817 1896 ad
841 1861 1001 1897 hostem
1027 1861 1150 1906 ducit,
1183 1862 1293 1898 nullo
1318 1862 1424 1905 loco,
1457 1861 1534 1897 nisi
1558 1873 1686 1910 quan-

225 1927 250 1967 3
265 1935 348 1965 tum
365 1929 588 1966 necessitas
606 1935 784 1978 cogeret,
804 1930 974 1968 fortunae
993 1943 1037 1967 se
1055 1931 1353 1968 commissurus.
1403 1931 1496 1977 Quo
1513 1932 1686 1981 primum

266 1999 334 2036 die
351 2000 461 2036 haud
479 2000 618 2049 procul
637 2001 753 2049 Arpis
770 2000 811 2037 in
829 2007 1053 2051 conspectu
1070 2001 1244 2038 hostium
1262 2002 1399 2050 posuit
1416 2007 1559 2047 castra,
1578 2003 1687 2039 nulla

266 2082 380 2106 mora
398 2069 519 2115 facta,
538 2070 635 2118 quin
647 2070 797 2108 Poenus
815 2072 1008 2109 educeret
1019 2072 1060 2109 iu
1075 2072 1204 2109 aciem
1219 2072 1462 2121 copiamque
1475 2072 1687 2121 pugnandi

225 2138 432 2179 4faceret.
481 2141 564 2176 Sed
597 2141 663 2176 ubi
696 2141 832 2188 quieta
865 2142 1003 2179 omnia
1033 2144 1144 2191 apud
1174 2143 1312 2179 hostes
1340 2155 1417 2179 nec
1445 2148 1577 2179 castra
1606 2143 1686 2179 ullo

267 2211 436 2247 tumultu
467 2216 578 2247 mota
603 2211 724 2255 videt,
758 2212 973 2261 increpans
998 2214 1176 2261 quidem,
1210 2214 1337 2250 victos
1362 2214 1529 2250 tandem
1546 2217 1566 2258 †
1583 2226 1687 2261 quos

267 2281 436 2318 Martios
455 2281 612 2318 animos
632 2282 840 2327 Romanis,
865 2283 1192 2332 debellatumque
1218 2290 1257 2320 et
1282 2296 1522 2321 concessum
1540 2296 1688 2333 propa-

226 2349 347 2389 51am
373 2352 425 2388 de
443 2352 584 2387 virtute
607 2364 655 2388 ac
682 2353 811 2401 gloria
835 2365 939 2398 esse,
968 2354 1008 2390 in
1035 2360 1166 2391 castra
1189 2354 1325 2398 rediit;
1360 2359 1538 2390 ceterum
1566 2354 1688 2391 tacita

269 2433 364 2459 cura
388 2422 566 2458 animum
589 2422 767 2467 incessit,
801 2424 915 2471 quod
938 2435 1030 2460 cum
1048 2425 1152 2461 duce
1171 2425 1488 2473 haudquaquam
1504 2424 1688 2461 Flaminii

269 2492 579 2541 Semproniique
607 2493 722 2530 simili
748 2493 878 2530 futura
901 2494 974 2531 sibi
999 2506 1062 2531 res
1081 2501 1188 2532 esset
1204 2507 1252 2531 ac
1270 2501 1352 2531 tum
1370 2495 1534 2531 demum
1551 2495 1688 2531 edocti

232 2560 385 2599 ssmalis
412 2563 586 2599 Romani
615 2575 753 2612 parem
780 2563 999 2601 Hannibali
1033 2565 1178 2601 ducem
1211 2565 1461 2614 quaesissent.
1514 2565 1567 2601 Et
1598 2577 1689 2614 pru-

272 2633 453 2669 dentiam
482 2633 645 2681 quidem
670 2634 765 2670 novi
783 2635 991 2672 dictatoris
1010 2636 1212 2684 extemplo
1237 2635 1384 2678 timuit;
1419 2635 1690 2672 constantiam
