1768 2943
211 96 291 136 12ss
632 93 737 124 Liber
757 92 884 123 XXIII.
925 91 980 133 (A.
1002 102 1032 123 u.
1055 102 1083 123 c.
1105 91 1200 134 538.)

208 225 479 261 Hannibalem
512 231 627 274 pater
659 225 739 261 filio
772 237 866 261 meo
899 225 1011 273 potui
1044 226 1219 274 placare,
1254 225 1376 261 filium
1405 224 1629 262 Hannibali

169 294 292 335 5n0n
318 293 510 344 possum?
543 296 625 332 Sed
650 297 700 332 sit
722 295 818 331 nihil
843 295 984 340 sancti,
1011 308 1095 332 non
1120 296 1234 340 fides,
1259 308 1343 332 non
1361 295 1515 344 religio,
1540 308 1626 333 non

207 367 356 415 pietas;
381 366 608 402 audeantur
631 365 815 410 infanda,
840 367 871 402 si
889 379 974 403 non
992 366 1210 415 perniciem
1228 366 1348 402 nobis
1367 377 1457 402 cum
1475 366 1626 402 scelere

170 434 194 474 6
210 436 353 472 ferunt.
401 435 517 472 Unus
543 448 803 484 aggressurus
828 448 870 473 es
885 434 1183 472 Hannibalem?
1218 436 1327 481 Quid
1352 436 1417 472 illa
1435 437 1550 472 turba
1568 442 1631 474 tot

206 507 422 543 liberorum
448 505 761 554 servorumque?
794 506 892 554 quid
916 507 957 543 in
979 519 1102 543 unum
1129 507 1271 543 intenti
1297 507 1476 543 omnium
1495 506 1626 544 oculi?

168 575 189 615 7
207 577 304 624 quid
329 582 389 612 tot
412 575 590 613 dextrae?
623 582 904 625 torpescentne
928 577 968 613 in
994 577 1170 613 amentia
1194 575 1284 614 illa?
1317 577 1481 614 Vultum
1500 578 1628 626 ipsius

206 646 461 690 Hannibalis,
497 658 618 694 quem
647 647 787 683 armati
815 648 1010 684 exercitus
1039 648 1234 684 sustinere
1263 652 1468 694 nequeunt,
1506 661 1626 696 quem

206 718 340 753 horret
365 717 538 765 populus
558 717 779 762 Romanus,
805 724 846 754 tu
870 716 1111 755 sustinebis?
1143 718 1199 754 Ut
1217 719 1294 754 alia
1313 719 1458 754 auxilia
1476 719 1624 762 desint,

206 800 269 824 me
294 788 423 836 ipsum
450 787 579 831 ferire,
609 800 753 836 corpus
780 801 913 824 meum
933 793 1213 836 opponentem
1231 801 1304 836 pro
1323 801 1495 836 corpore
1513 788 1627 825 Han-

166 857 361 901 8nibalis‚
392 857 634 895 sustinebis?
667 859 786 907 Atqui
816 871 886 907 per
911 871 1043 894 meum
1072 865 1213 907 pectus
1238 859 1440 907 petendus
1467 859 1530 895 ille
1556 859 1626 895 tibi

206 929 586 977 transfigendusque
621 935 693 966 est.
758 930 840 965 Sed
864 930 926 966 hic
951 935 989 965 te
1016 930 1206 965 deterreri
1233 930 1319 966 sine
1345 930 1480 978 potius
1506 942 1626 978 quam

205 999 283 1035 illic
315 999 432 1035 vinci.
496 999 672 1036 Valeant
704 1012 845 1048 preces
871 1001 980 1048 apud
1005 1006 1044 1036 te
1068 1012 1180 1044 meae,
1216 1000 1317 1036 sicut
1339 1012 1413 1048 pro
1438 1006 1476 1037 te
1501 1001 1626 1038 hodie

165 1067 190 1107 9
205 1070 425 1105 valuerunt.
436 1084 452 1104 »
504 1069 803 1106 Lacrimantem
820 1071 917 1106 inde
935 1071 1119 1112 iuvenem
1136 1082 1306 1107 cernens
1321 1071 1501 1107 medium
1516 1084 1626 1108 com-

205 1140 389 1187 plectitur
432 1145 553 1188 atque
598 1141 737 1177 osculo
781 1141 936 1178 haerens
976 1154 1061 1177 non
1100 1146 1194 1177 ante
1234 1141 1419 1189 precibus
1461 1142 1625 1186 abstitit,

206 1221 325 1257 quam
354 1211 531 1258 pervicit,
563 1216 605 1247 ut
631 1211 812 1260 gladium
842 1218 1013 1260 poneret
1037 1212 1239 1259 fidemque
1264 1213 1392 1255 daret,
1422 1212 1519 1248 nihil
1546 1212 1628 1249 fac-

138 1277 336 1318 loturum
375 1280 467 1316 tale.
544 1281 648 1317 Tum
689 1282 842 1318 iuvenis
892 1282 1006 1330 «Ego
1050 1282 1238 1330 quidem»
1289 1282 1431 1330 inquit,
1481 1296 1627 1331 «quam

205 1351 343 1398 patriae
369 1351 503 1387 debeo
528 1352 734 1399 pietatem,
769 1353 973 1389 exsolvam
999 1353 1114 1401 patri.
1178 1353 1308 1388 Tuam
1336 1353 1459 1389 doleo
1484 1353 1626 1399 vicem,

138 1419 186 1459 11
206 1421 267 1457 cui
296 1426 355 1457 ter
380 1422 550 1469 proditae
575 1422 713 1470 patriae
739 1423 1021 1459 sustinendum
1046 1428 1107 1459 est
1131 1423 1295 1466 crimen,
1330 1425 1467 1468 semel,
1501 1435 1625 1472 quum

207 1491 450 1528 defectionis
479 1494 528 1528 ab
555 1493 764 1537 Romanis,
798 1493 954 1537 iterum,
989 1506 1110 1541 quum
1139 1494 1250 1542 pacis
1280 1505 1369 1529 cum
1394 1491 1626 1529 Hannibale

206 1561 310 1598 fuisti
330 1567 482 1606 auctor,
502 1563 659 1599 tertium
679 1563 816 1607 hodie,
837 1575 958 1611 quum
976 1563 1238 1600 restituendae
1256 1563 1453 1600 Romanis
1473 1561 1625 1610 Capuae

137 1630 189 1670 12
203 1644 317 1668 mora
342 1638 463 1680 atque
486 1633 823 1681 impedimentum
850 1646 906 1670 es.
970 1634 1046 1678 Tu,
1081 1634 1223 1682 patria,
1258 1633 1418 1677 ferrum,
1445 1645 1527 1681 quo
1551 1645 1626 1681 pro

203 1708 242 1738 te
275 1709 450 1739 armatus
485 1704 588 1741 hanc
623 1715 757 1740 arcem
783 1704 961 1740 hostium
984 1705 1066 1749 inii,
1101 1705 1296 1753 quoniam
1321 1716 1468 1753 parens
1493 1709 1629 1740 extor-

136 1771 186 1811 13
202 1778 310 1820 quet,
339 1774 514 1822 recipe»
567 1773 666 1810 Haec
691 1786 812 1822 quum
832 1775 1011 1818 dixisset,
1037 1775 1217 1824 gladium
1235 1775 1275 1811 in
1293 1775 1496 1823 publicum
1514 1779 1625 1811 trans

202 1843 418 1879 maceriam
451 1844 555 1880 horti
588 1845 735 1880 abiecit
768 1849 820 1888 et,
855 1857 937 1892 quo
971 1845 1102 1882 minus
1125 1857 1188 1882 res
1213 1850 1402 1893 suspecta
1427 1849 1546 1888 esset,
1581 1856 1626 1881 se

201 1913 287 1961 ipse
321 1914 506 1949 convivio
540 1914 734 1950 reddidit.

95 1977 138 2022 10
319 1984 489 2020 Postero
514 1984 580 2019 die
605 1990 769 2021 senatus
796 1984 985 2033 frequens
1004 1986 1123 2022 datus
1141 1984 1382 2029 Hannibali;
1410 1985 1478 2021 ubi
1495 1985 1625 2034 prima

200 2054 285 2090 eius
318 2055 448 2090 oratio
473 2055 698 2102 perblanda
723 2067 770 2091 ac
794 2055 972 2104 benigna
997 2055 1081 2099 fuit,
1116 2068 1195 2103 qua
1219 2056 1368 2104 gratias
1395 2055 1478 2104 egit
1505 2054 1625 2092 Cam-

199 2123 329 2171 panis,
356 2124 468 2171 quod
492 2125 710 2161 amicitiam
734 2138 848 2162 suam
867 2126 1063 2162 Romanae
1088 2126 1272 2163 societati
1290 2125 1620 2174 praeposuissent,

161 2191 239 2232 2et
270 2194 373 2229 inter
406 2199 541 2230 cetera
574 2195 790 2243 magnifica
814 2196 1014 2244 promissa
1037 2196 1238 2245 pollicitus
1266 2200 1332 2239 est,
1366 2196 1476 2232 brevi
1503 2200 1625 2244 caput

196 2263 319 2300 Italiae
354 2264 464 2300 omni
493 2263 678 2312 Capuam
712 2265 798 2301 fore
831 2266 998 2314 iuraque
1030 2267 1127 2303 inde
1161 2279 1251 2303 cum
1285 2266 1426 2302 ceteris
1459 2266 1622 2315 populis

159 2332 184 2372 3
208 2334 437 2370 Romanum
478 2334 597 2370 etiarn
631 2335 859 2382 petiturum.
937 2336 1074 2373 Unum
1107 2348 1196 2373 esse
1229 2341 1430 2373 exsortem
1461 2336 1624 2374 Punicae

207 2403 391 2440 amicitiae
410 2403 656 2452 foederisque
682 2416 819 2441 secum
838 2405 945 2449 facti,
972 2419 1091 2454 quem
1108 2418 1242 2454 neque
1260 2418 1350 2443 esse
1368 2405 1623 2456 Campanum

196 2486 330 2521 neque
363 2474 441 2510 dici
475 2474 640 2519 debere,
674 2474 853 2523 Magium
881 2474 1071 2519 Decium;
1106 2488 1196 2512 eum
1222 2477 1439 2525 postulare,
1473 2482 1515 2513 ut
1546 2477 1622 2514 sibi

197 2543 383 2586 dedatur,
409 2555 457 2580 ac
482 2556 524 2580 se
550 2549 748 2592 praesente
774 2545 826 2580 de
845 2557 896 2581 eo
914 2545 1108 2582 referatur
1126 2551 1373 2594 senatusque
1392 2547 1619 2584 consultum

157 2612 276 2651 4fiat.
347 2612 502 2650 Omnes
535 2614 575 2650 in
609 2626 699 2650 eam
733 2614 976 2651 sententiam
1008 2615 1151 2659 ierunt,
1195 2628 1427 2664 quanquam
1459 2629 1621 2666 magnae
