1789 2955
524 61 640 96 Liber
664 60 810 96 XXVI.
859 63 921 105 (A.
949 61 1014 97 Ch.
1039 63 1134 106 210.)
1490 64 1542 103 55

113 194 343 241 merataque
373 192 483 236 sunt;
527 190 657 227 tritici
689 189 986 239 quadringenta
1015 190 1141 227 millia
1173 189 1360 237 modium,
1404 175 1562 227 hordei'

111 264 284 302 ducenta
314 263 581 312 septuaginta.
642 262 772 299 Naves
804 262 995 298 onerariae
1027 262 1236 311 sexaginta
1258 265 1341 299 tres
1366 262 1406 299 in
1431 267 1551 312 portu
1570 264 1592 299 9

113 338 352 386 expugnatae
383 338 601 384 captaeque,
644 333 827 383 quaedam
859 347 947 370 cum
979 334 1062 371 suis
1095 334 1297 372 oneribus.
1335 335 1547 382 frumento,

112 408 247 454 armis,
294 419 372 444 aere
410 409 605 456 praeterea
642 406 828 455 ferroque
869 407 908 442 et
938 405 1074 443 linteis
1106 409 1145 443 et
1176 409 1310 456 sparto
1344 411 1382 444 et
1412 407 1546 444 navali

112 480 193 518 alia
231 479 401 516 materia
439 477 490 515 ad
529 478 691 515 classem
732 477 1019 524 aedificandam,
1052 481 1096 514 ut
1136 479 1347 515 minimum
1373 479 1549 516 omnium
1571 479 1620 515 10

113 553 218 590 inter
247 553 379 589 tantas
411 564 505 601 opes
536 550 633 587 belli
664 553 800 599 captas
832 549 1033 598 Carthago
1066 551 1152 600 ipsa
1182 551 1314 588 fuerit.

227 623 286 661 Eo
326 623 389 660 die
429 622 578 672 Scipio,
625 622 666 660 C.
698 622 824 659 Laelio
866 636 953 659 cum
995 623 1114 659 sociis
1154 623 1364 660 navalibus
1410 623 1549 660 urbem
1638 618 1696 666 48

114 695 317 734 custodire
362 695 480 741 iusso,
526 695 611 744 ipse
658 695 699 731 in
745 697 874 732 castra
914 694 1093 743 legiones
1130 695 1304 741 reduxit,
1349 696 1592 745 fessosque-‘2

112 768 258 805 milites
299 767 482 805 omnibus
522 780 600 804 uno
634 767 699 803 die
730 766 830 804 belli
863 766 1060 815 operibus,
1109 767 1257 816 quippe
1290 768 1359 816 qui
1392 770 1431 805 et
1462 768 1548 805 acie

113 840 371 877 dimicassent
401 842 441 876 et
471 838 667 888 capienda
690 839 789 875 urbe
812 841 967 875 tantum
992 839 1143 876 laboris
1168 840 1419 889 periculique
1444 840 1547 877 adis-

114 915 204 951 sent
235 915 275 950 et
304 915 422 962 capta
447 924 534 948 cum
561 910 622 956 iis,
656 911 723 960 qui
747 911 787 947 in
813 924 943 947 arcem
962 912 1233 959 confugerant,
1264 912 1402 962 iniquo
1430 913 1549 950 etiam

113 984 202 1022 loco
232 986 491 1034 pugnassent,
523 996 661 1020 curare
687 996 853 1032 corpora
878 983 1009 1021 iussit.
1071 983 1240 1021 Postero
1266 985 1331 1021 die
1355 985 1551 1022 militibus
1570 985 1592 1021 3

113 1057 404 1106 navalibusque
436 1056 555 1093 sociis
587 1056 825 1101 convocatis,
857 1056 1028 1105 primum
1061 1056 1124 1093 dis
1148 1056 1441 1094 immortalibus
1467 1057 1550 1095 lau-

116 1128 185 1166 des
233 1132 448 1178 gratesque
494 1129 588 1176 egit,
633 1128 702 1177 qui
740 1141 780 1165 se
821 1142 899 1164 non
936 1127 1048 1165 urbis
1079 1129 1204 1165 solun]
1238 1130 1551 1178 opulentissimae

116 1201 293 1239 omnium
332 1201 373 1238 in
410 1200 612 1250 Hispania
648 1213 727 1237 uno
767 1199 830 1237 die
863 1204 1084 1250 compotem
1116 1201 1313 1248 fecissent,
1358 1202 1427 1239 sed
1458 1205 1550 1239 ante

114 1287 160 1311 eo
193 1273 485 1322 congessissent
515 1285 650 1310 omnes
668 1271 819 1309 Africae
844 1276 963 1322 atque
987 1273 1194 1323 Hispaniae
1219 1287 1326 1323 opes,
1355 1277 1398 1310 ut
1422 1288 1550 1324 neque

115 1346 297 1383 hostibus
327 1345 540 1395 quicquam
570 1344 866 1393 relinqueretur
897 1348 935 1382 et
967 1346 1045 1383 sibi
1077 1359 1123 1383 ac
1154 1346 1236 1384 suis
1260 1347 1392 1384 omnia
1414 1360 1550 1396 super.-

116 1421 259 1456 essent.
319 1417 497 1455 Militum
529 1416 672 1454 deinde
702 1417 892 1455 virtutem
924 1418 1184 1466 collaudavit,
1229 1419 1337 1468 quod
1377 1432 1443 1456 eos
1474 1432 1553 1455 non
1572 1418 1597 1454 4

116 1490 274 1541 eruptio
297 1490 485 1537 hostium,
516 1503 597 1526 non
620 1489 791 1526 altitudo
816 1491 1016 1537 moenium,
1039 1504 1118 1528 non
1141 1491 1394 1541 inexplorata
1417 1491 1551 1540 stagni

116 1562 231 1610 vada,
274 1576 355 1600 non
385 1562 595 1600 castellum
627 1562 670 1598 in
701 1562 781 1599 alto
813 1563 967 1599 tumulo
999 1563 1131 1610 situm,
1175 1577 1255 1600 non
1285 1563 1552 1600 munitissima

115 1648 188 1671 arx
219 1634 489 1681 deterruisset,
536 1648 615 1684 quo
653 1634 783 1671 minus
819 1635 1151 1672 transcenderent
1196 1635 1331 1672 omnia
1374 1648 1552 1685 perrum-

115 1709 349 1756 perentque.
396 1707 541 1757 Itaque
574 1719 800 1756 quanquam
834 1706 1018 1743 omnibus
1050 1707 1185 1744 omnia
1215 1707 1392 1754 deberet,
1414 1708 1552 1756 praeci·
1572 1706 1594 1743 5

116 1792 239 1829 puum
265 1779 430 1817 muralis
454 1792 608 1817 coronae
633 1779 752 1816 decus
777 1779 862 1815 eius
886 1792 981 1825 esse,
1013 1779 1083 1828 qui
1114 1779 1266 1829 primus
1286 1771 1452 1817 >murum
1484 1779 1550 1817 ad-

116 1851 356 1898 scendisset,
387 1851 657 1902 profiteretur,
689 1852 757 1901 qui
780 1865 820 1888 se
845 1851 1010 1899 dignum
1035 1865 1080 1888 eo
1105 1851 1272 1889 duceret
1294 1852 1413 1890 dono.
1460 1852 1555 1890 Duo
1574 1853 1596 1888 6

116 1924 287 1974 professi
318 1927 422 1971 sunt,
452 1924 502 1971 Q
518 1924 749 1969 Tiberilius,
783 1923 963 1960 centurio
994 1924 1163 1972 legionis
1195 1928 1359 1974 quartae,
1391 1928 1430 1961 et
1461 1923 1550 1963 Sex.

118 1995 315 2045 Digitius,
356 1997 488 2034 socius
519 1996 683 2033 navalis.
743 1995 827 2033 Nec
858 1995 934 2045 ipsi
965 1998 1047 2032 tam
1079 1996 1183 2033 inter
1214 2010 1254 2033 se
1285 1998 1430 2034 acriter
1461 2010 1551 2034 con-

115 2068 346 2115 tendebant,
378 2082 496 2118 quam
527 2068 660 2106 studia
691 2068 961 2106 excitaverant
991 2071 1161 2117 uterque
1192 2069 1254 2106 sui
1280 2070 1458 2119 corporis
1482 2069 1551 2106 ho-

118 2140 280 2178 minum.
341 2139 470 2178 Sociis
503 2140 545 2178 O.
578 2140 739 2187 Laelius,
784 2140 994 2189 praefectus
1035 2140 1184 2191 classis,
1232 2141 1465 2190 legionariis
1495 2141 1594 2179 M.7

117 2212 380 2263 Sempronius
405 2213 631 2250 Tuditanus
657 2213 805 2250 aderat.
852 2212 912 2249 Ea
934 2213 1135 2250 contentio
1159 2226 1280 2262 quum
1304 2226 1429 2263 prope
1454 2213 1555 2250 sedi·
1573 2212 1598 2249 8

117 2285 266 2322 tionem
307 2285 475 2335 veniret,
523 2284 661 2334 Scipio
699 2287 779 2322 tres
810 2288 1109 2334 recuperatores
1140 2299 1261 2334 quum
1294 2299 1334 2323 se
1366 2285 1552 2322 daturum

118 2357 430 2407 pronuntiasset,
447 2358 516 2407 qui
541 2358 702 2407 cognita
726 2370 844 2394 causa
866 2357 1116 2407 testibusque
1143 2357 1292 2395 auditis
1318 2358 1553 2405 iudicarent,

118 2432 207 2467 uter
246 2430 357 2480 prior
396 2430 437 2467 in
470 2429 659 2479 oppidum
690 2430 1011 2477 transcendisset,
1057 2429 1098 2467 C.
1129 2430 1256 2467 Laelio
1288 2433 1325 2466 et
1356 2429 1411 2466 M.
1443 2428 1551 2466 Sem·
1571 2430 1593 2466 9

118 2502 274 2552 pronio,
301 2501 505 2540 advocatis
532 2502 662 2551 partis
689 2501 910 2551 utriusque,
935 2501 981 2539 P.
1001 2501 1231 2539 Cornelium
1255 2501 1476 2539 Caudinum
1504 2501 1552 2538 de

119 2573 252 2611 medio
285 2573 444 2621 adiecit,
475 2587 621 2624 eosque
651 2578 732 2611 tres
764 2577 1064 2624 recuperatores
1095 2574 1304 2611 considere
1330 2576 1369 2611 et
1394 2587 1553 2611 causam

121 2658 359 2695 cognoscere
390 2645 516 2684 iussit.
578 2646 710 2694 Quum
742 2660 804 2684 res
837 2660 882 2685 eo
913 2647 1061 2684 maiore
1101 2649 1286 2695 ageretur
1327 2646 1555 2693 certamine,
1577 2646 1626 2683 10
