1789 2955
554 110 659 139 Liber
685 109 792 139 xxv.
838 107 892 150 (A.
921 109 984 139 cn.
1011 107 1105 151 212.)
1452 111 1533 151 241

114 241 335 289 pugnabat,
369 246 543 276 stantem
577 241 779 288 extemplo
812 240 853 276 in
882 240 1018 288 fugam
1043 245 1284 276 averterunt.
1347 240 1536 284 Romani,
1556 239 1609 278 14

116 322 349 359 quanquam
367 310 660 346 circumventos
679 311 770 346 hinc
789 311 932 358 pedes,
953 310 1045 346 hinc
1059 322 1184 358 eques
1200 310 1381 358 urgebat,
1400 316 1536 346 tamen

114 380 362 428 aliquamdiu
394 392 574 428 pugnam
606 386 780 424 traxere;
814 386 1022 428 postremo
1056 386 1095 416 et
1127 380 1203 428 ipsi
1236 386 1349 429 terga
1378 386 1537 417 vertunt

115 456 238 499 atque
277 451 332 486 ad
371 450 511 486 urbem
552 450 721 499 fugiunt.
785 451 844 486 Ibi
881 450 1112 499 proditores
1146 451 1381 498 conglobati
1416 463 1538 498 quum
1556 448 1609 489 15

116 521 371 570 popularium
388 532 537 568 agmen
554 521 786 569 patentibus
804 521 930 569 portis
948 522 1216 569 accepissent,
1241 521 1307 556 ubi
1326 521 1538 557 Romanos

115 591 227 628 fusos
259 591 314 626 ad
345 591 484 626 urbem
518 590 609 626 ferri
642 592 840 635 viderunt,
874 591 1145 635 conclamant,
1179 592 1330 627 instare
1353 591 1536 635 Poenum,

116 661 418 710 permixtosque
451 666 490 696 et
523 661 662 698 hostes
694 662 834 697 urbem
866 661 1090 705 invasuros,
1124 663 1165 698 ni
1198 673 1371 710 propere
1399 667 1538 709 portas

115 732 320 768 claudant.
383 730 444 766 Ita
471 731 656 768 exclusos
680 732 891 768 Romanos
917 732 1125 780 praebuere
1151 732 1256 768 hosti
1281 732 1336 767 ad
1362 732 1536 775 caedern;
1556 729 1608 770 16

115 802 272 838 Atinius
304 808 443 838 tamen
475 812 567 837 cum
598 801 737 850 paucis
770 807 970 850 receptus.
1033 802 1189 838 Seditio
1217 802 1314 838 inde
1337 802 1540 850 paulisper

116 873 256 917 tenuit,
282 884 402 920 quum
429 872 470 907 in
494 871 574 907 fide
599 872 678 907 alz'z'
698 874 945 915 manendum,
971 872 1036 907 alii
1059 873 1292 908 cedendum
1311 872 1481 908 fortunae
1500 878 1540 908 et

115 943 361 979 tradendam
373 942 512 978 urbem
526 942 741 979 victoribus
750 947 976 978 censerent.
1020 941 1222 986 Ceterum,
1237 943 1537 991 utplerumque‚
1557 941 1608 981 17

117 1012 278 1048 fortuna
311 1018 351 1048 et
382 1012 552 1049 consilia
583 1013 690 1050 mala
716 1013 916 1056 vicerunt;
950 1013 1087 1049 Atinio
1118 1025 1207 1049 cum
1236 1013 1316 1049 suis
1346 1014 1401 1049 ad
1429 1025 1539 1049 mare

116 1094 164 1119 ac
188 1094 314 1119 naves
337 1083 531 1128 deducto,
557 1084 686 1132 magis
710 1083 804 1131 quia
825 1083 901 1131 ipsi
927 1084 980 1119 ob
1003 1083 1214 1131 imperium
1238 1083 1279 1120 in
1303 1095 1347 1120 se
1371 1083 1467 1120 mite
1492 1096 1540 1120 ac

116 1153 263 1189 iustum
286 1154 512 1190 consultum
536 1154 740 1197 volebant,
771 1166 891 1201 quam
913 1159 1100 1202 respectu
1123 1155 1417 1198 Romanorum,
1443 1153 1540 1190 Car-

117 1223 394 1272 thaginienses
425 1224 467 1260 in
499 1225 640 1260 urbem
672 1225 889 1273 accipiunt.

237 1293 436 1331 Consules
476 1306 498 1329 a
531 1293 768 1331 Benevento
808 1295 849 1331 in
883 1294 1138 1344 Campanum
1181 1308 1321 1344 agrum
1354 1295 1537 1343 legiones
1557 1293 1609 1334 18

118 1365 284 1409 ducunt,
309 1377 394 1401 non
417 1365 473 1401 ad
501 1364 701 1401 frumenta
718 1366 859 1409 modo,
885 1377 974 1413 quae
991 1365 1072 1401 iam
1089 1366 1130 1401 in
1148 1366 1281 1402 herbis
1299 1371 1427 1410 erant,
1453 1377 1541 1402 cor-

116 1437 357 1485 rumpenda,
381 1436 456 1472 sed
478 1436 532 1471 ad
556 1435 739 1484 Capuam
763 1437 1100 1484 oppugnandam,
1123 1436 1304 1472 nobilem
1327 1448 1370 1472 se
1393 1448 1541 1473 consu—
1559 1434 1610 1474 19

118 1506 242 1543 latum
264 1511 347 1543 tam
370 1506 573 1554 opulentae
591 1507 698 1543 urbis
716 1506 877 1543 excidio
895 1506 969 1542 rati
988 1505 1179 1551 facturos,
1206 1507 1321 1542 simul
1340 1512 1379 1542 et
1395 1507 1540 1554 ingens

118 1577 313 1625 flagitium
341 1577 511 1625 imperio
542 1578 793 1625 dempturos,
828 1578 941 1625 quod
969 1577 1055 1612 urbi
1083 1582 1165 1612 tarn
1195 1577 1435 1625 propinquae
1464 1583 1541 1612 ter-

117 1647 214 1682 tium
232 1659 384 1683 annum
400 1647 597 1695 impunita
615 1648 794 1684 defectio
813 1653 933 1683 esset.
983 1645 1171 1683 Ceterum
1189 1659 1241 1683 ne
1258 1646 1540 1683 Beneventum
1555 1644 1612 1685 20

117 1717 204 1753 sine
234 1718 423 1766 praesidio
450 1724 570 1763 esset,
605 1725 645 1754 et
673 1727 716 1754 ut
740 1719 795 1754 ad
819 1718 949 1754 subita
974 1717 1079 1761 belli,
1114 1717 1146 1753 si
1171 1716 1391 1761 Hannibal,
1427 1718 1541 1765 quod

118 1787 315 1824 facturum
338 1788 449 1824 haud
473 1789 727 1833 dubitabant,
754 1789 809 1825 ad
834 1800 954 1836 opem
981 1787 1192 1823 ferendam
1215 1788 1336 1823 sociis
1355 1786 1541 1836 Capuam

116 1858 304 1902 venisset,
335 1859 479 1906 equitis
508 1859 586 1896 vim
610 1860 808 1896 sustinere
833 1864 1015 1907 possent,
1046 1858 1109 1894 Ti.
1137 1857 1367 1894 Gracchum
1391 1870 1440 1893 ex
1463 1857 1541 1894 Lu—

118 1928 230 1965 canis
276 1940 367 1965 cum
410 1930 589 1978 equitatu
633 1942 680 1967 ac
724 1929 798 1965 levi
841 1934 1042 1965 armatura
1084 1927 1361 1964 Beneventum
1405 1928 1540 1963 venire

117 1998 276 2043 iubent;
309 1999 538 2047 legionibus
571 2000 805 2049 stativisque
838 2000 892 2035 ad
926 1998 1172 2035 obtinendas
1204 2010 1268 2035 res
1300 1999 1341 2034 in
1363 1998 1541 2035 Lucanis

117 2070 292 2118 aliquem
316 2070 550 2118 praeficeret.
599 2070 801 2115 Graccho,
827 2071 1061 2119 priusquam
1084 2082 1133 2105 ex
1150 2068 1326 2105 Lucanis
1345 2075 1537 2112 moveret,
1603 2064 1646 2109 16

120 2140 360 2177 sacrificanti
392 2141 503 2177 triste
538 2142 768 2190 prodigium
803 2141 953 2179 factum
976 2145 1049 2176 est.
1113 2140 1179 2176 Ad
1202 2145 1307 2183 exta,
1342 2137 1583 2178 sacrificio?

117 2216 363 2260 perpetrato,
388 2223 543 2259 angues
568 2212 652 2247 duo
676 2224 724 2248 ex
750 2212 911 2248 occulto
935 2211 1076 2259 allapsi
1096 2210 1276 2246 adedere
1293 2210 1416 2253 iecur,
1443 2221 1540 2245 con-

118 2282 326 2330 spectique
358 2287 526 2330 repente
559 2294 608 2317 ex
641 2282 768 2318 oculis
796 2282 993 2318 abierunt.
1056 2281 1103 2316 Id
1132 2292 1255 2328 quum
1282 2277 1580 2328 haruspicum3

117 2352 274 2388 monitu
297 2351 535 2388 sacrificium
557 2352 844 2388 instauraretur
868 2358 989 2400 atque
1011 2351 1204 2387 intentius
1223 2356 1314 2386 exta
1333 2361 1539 2386 servaren-

119 2427 193 2464 tur,
218 2422 360 2458 iterum
379 2434 426 2458 ac
444 2422 603 2458 tertium
621 2424 786 2459 tradunt
803 2423 975 2470 allapsos
992 2422 1200 2469 libatoque
1216 2421 1396 2457 iocinere
1414 2420 1542 2456 intac-

119 2497 183 2529 tos
196 2504 350 2540 angues
360 2492 505 2529 abisse.
541 2492 676 2538 Quum
685 2492 918 2540 haruspices
929 2493 983 2528 ad
992 2493 1277 2540 imperatorem
1287 2491 1329 2526 id
1340 2490 1541 2538 pertinere
1555 2489 1583 2528 4

120 2562 351 2610 prodigium
375 2564 714 2611 praemonuissent
738 2568 778 2599 et
800 2563 852 2598 ab
878 2563 1046 2600 occultis
1065 2563 1292 2599 cavendum
1312 2560 1542 2597 hominibus

122 2632 409 2680 consultisque,
434 2634 542 2669 nulla
566 2638 703 2670 tamen
727 2633 983 2682 providentia
1009 2633 1134 2669 fatum
1158 2632 1373 2668 imminens
1391 2631 1544 2668 moveri

191 2696 292 2723 Livius
314 2707 348 2723 ex
370 2707 426 2725 ree.
447 2698 602 2731 Madvigii.
642 2699 691 2724 111.
1216 2699 1260 2732 16
