1768 2943
224 97 307 138 104
640 95 744 126 Liber
770 95 880 126 XXII.
916 93 970 137 (A.
998 105 1029 126 u.
1057 105 1084 126 c.
1112 93 1208 136 538.)

222 227 340 262 citum
385 227 571 270 servavit;
620 227 674 263 ad
707 226 871 263 Cannas
914 226 1132 274 fugientem
1173 226 1379 263 consulem
1421 227 1482 262 vix
1523 227 1636 274 quin-

222 297 414 345 quaginta
447 297 570 334 secuti
604 303 708 341 sunt,
753 297 913 333 alterius
946 296 1152 333 morientis
1185 307 1313 344 prope
1346 301 1453 332 totus
1487 297 1636 333 exerci-

221 374 284 403 tus
316 367 401 403 fuit.

180 435 207 474 4
340 437 449 474 Binis
481 438 521 473 in
555 437 692 473 castris
725 449 846 485 quum
872 437 1085 473 multitudo
1112 436 1331 473 semiermis
1356 436 1442 473 sine
1466 437 1636 474 ducibus

221 514 341 553 esset,
375 508 570 551 nuntium,
604 507 670 555 qui
694 507 734 543 in
758 507 975 544 maioribus
1001 512 1127 551 erant,
1158 506 1329 550 mittunt,
1357 507 1454 542 dum
1479 507 1635 555 proelio,

222 579 374 614 deinde
406 591 455 614 ex
487 578 621 614 laetitia
652 577 779 625 epulis
808 576 998 626 fatigatos
1024 578 1136 625 quies
1164 582 1362 613 nocturna
1386 577 1524 614 hostes
1549 589 1638 625 pre-

222 654 360 692 meret,
394 653 436 684 ut
467 649 522 684 ad
554 660 597 684 se
630 647 862 684 transirent:
898 659 979 684 uno
1013 648 1174 696 agmine
1206 647 1426 684 Canusium
1459 648 1637 684 abituros

181 714 325 755 5esse.
388 718 489 754 Eam
523 718 763 754 sententiam
797 717 861 753 alii
894 723 1020 754 totam
1052 718 1278 766 aspernari;
1313 730 1380 754 cur
1404 717 1510 754 enim
1535 718 1637 762 illos,

222 789 288 836 qui
313 801 355 825 se
381 793 600 833 arcessant,
625 788 737 836 ipsos
762 799 845 824 non
870 788 1018 832 venire,
1048 800 1171 835 quum
1195 800 1307 836 aeque
1333 788 1524 836 coniungi
1548 799 1639 836 pos-

180 906 188 912 (
223 857 337 895 sent?
371 859 464 907 quia
488 858 673 895 videlicet
695 858 816 906 plena
841 857 1015 894 hostium
1041 858 1178 895 omnia
1200 859 1241 895 in
1267 858 1404 895 medio
1423 864 1571 903 essent,
1598 863 1639 894 et

223 929 390 966 aliorum
431 941 550 977 quam
583 941 655 965 sua
688 940 861 976 corpora
892 933 1007 964 tanto
1040 928 1218 976 periculo
1252 929 1415 965 mallent
1447 929 1636 966 obiicere.

181 994 319 1036 6A1iis
352 1012 435 1036 non
468 1005 550 1036 tam
582 998 782 1035 sententia
815 998 1027 1046 displicere
1053 1010 1173 1046 quam
1199 998 1355 1035 animus
1380 1000 1539 1036 deesse.
1595 1000 1638 1037 P.

223 1070 484 1118 Sempronius
502 1069 731 1105 Tuditanus
750 1068 930 1104 tribunus
948 1068 1134 1104 militum:
1167 1068 1294 1117 «Capi
1312 1082 1409 1118 ergo
1428 1070 1635 1106 mavultis»

223 1141 351 1188 inquit
373 1141 448 1176 «ab
467 1140 700 1176 avarissimo
719 1144 759 1175 et
777 1138 1054 1175 crudelissimo
1073 1138 1202 1183 hoste,
1223 1140 1489 1188 aestimarique
1507 1141 1640 1189 capita

223 1216 355 1246 vestra
379 1215 419 1246 et
443 1210 594 1257 exquiri
618 1209 746 1258 pretia
770 1209 820 1244 ab
846 1209 1200 1257 interrogantibus,
1234 1209 1444 1247 Romanus
1468 1211 1562 1247 civis
1587 1211 1640 1248 sis

224 1293 274 1316 an
308 1279 476 1316 Latinus
518 1280 664 1323 socius,
709 1284 750 1315 ut
789 1292 837 1314 ex
876 1284 944 1315 tua
983 1279 1227 1315 contumelia
1265 1285 1305 1315 et
1337 1281 1496 1316 miseria
1528 1281 1640 1316 alteri

184 1345 357 1387 Thonos
397 1348 620 1398 quaeratur?
668 1349 763 1385 Non
803 1355 857 1392 tu,
902 1349 934 1385 si
974 1349 1136 1396 quidem
1175 1349 1221 1386 L.
1262 1350 1411 1386 AEmilii
1450 1351 1640 1395 consulis,

225 1421 291 1469 qui
324 1433 367 1457 se
400 1421 506 1456 bene
538 1419 639 1455 mori
672 1431 792 1467 quam
825 1419 989 1468 turpiter
1021 1420 1151 1455 vivere
1177 1421 1326 1464 maluit,
1361 1426 1402 1457 et
1425 1427 1486 1458 tot
1511 1421 1642 1458 fortis-

225 1492 415 1528 simorum
447 1490 632 1534 virorum,
668 1490 734 1538 qui
759 1489 864 1526 circa
888 1502 980 1525 eum
1005 1489 1193 1526 cumulati
1216 1490 1363 1536 iacent,
1398 1492 1503 1528 cives
1532 1492 1640 1528 estis.

184 1557 208 1596 8
225 1562 307 1598 Sed
332 1566 550 1609 antequam
576 1559 766 1608 opprimit
787 1559 852 1596 lux
876 1560 1111 1608 maioraque
1138 1560 1312 1597 hostium
1332 1561 1494 1609 agmina
1514 1562 1642 1598 obsae-

225 1632 339 1680 piunt
369 1631 456 1675 iter,
489 1642 560 1679 per
592 1630 681 1674 hos,
715 1630 781 1678 qui
814 1630 1034 1666 inordinati
1059 1635 1181 1678 atque
1204 1630 1464 1680 incompositi
1489 1632 1643 1668 obstre-

184 1696 209 1736 9
225 1708 325 1751 punt
351 1702 490 1751 portis,
525 1712 794 1749 erumpamus.
857 1701 980 1736 Ferro
1005 1706 1126 1749 atque
1151 1702 1325 1738 audacia
1349 1702 1415 1738 vz'a
1438 1701 1480 1738 fit
1505 1714 1643 1750 quam-

226 1773 282 1809 vis
316 1784 385 1821 per
418 1771 624 1809 confertos
657 1772 809 1808 hostes.
873 1770 1016 1808 Cuneo
1049 1771 1215 1819 quidem
1247 1772 1325 1809 hoc
1357 1773 1489 1808 laxum
1522 1778 1643 1820 atque

227 1844 399 1880 solutum
433 1854 593 1891 agmen,
628 1847 669 1877 ut
701 1842 733 1878 si
766 1841 861 1877 nihil
886 1841 1032 1885 obstet,
1067 1842 1256 1879 disiicias.
1319 1842 1460 1890 Itaque
1483 1842 1537 1878 ite
1562 1854 1644 1878 me·

227 1926 330 1958 cum,
370 1913 436 1961 qui
480 1918 520 1948 et
550 1916 707 1948 vosmet
738 1912 849 1960 ipsos
882 1917 922 1948 et
953 1924 1035 1947 rem
1067 1912 1268 1960 publicam
1301 1913 1451 1949 salvam
1484 1912 1639 1948 vultis.»

160 1977 213 2018 10
227 1983 325 2020 Haec
360 1983 427 2019 ubi
459 1983 568 2019 dicta
601 1982 728 2026 dedit,
773 1982 929 2030 stringit
958 1983 1151 2031 gladium,
1186 1995 1399 2030 cuneoque
1432 1982 1540 2019 facto
1574 1994 1644 2031 per

159 2049 208 2088 11
227 2054 386 2090 medios
418 2053 528 2090 vadit
552 2053 703 2097 hostes,
737 2058 789 2098 et,
824 2064 945 2100 quum
968 2053 1009 2089 in
1034 2053 1136 2088 latus
1161 2053 1358 2097 dextrum,
1392 2053 1505 2101 quod
1530 2058 1642 2101 pate-

226 2125 309 2168 bat,
349 2122 536 2161 Numidae
574 2124 855 2168 iacularentur,
896 2123 1097 2159 translatis
1136 2122 1176 2159 in
1209 2123 1392 2159 dextrum
1425 2122 1560 2166 scutis,
1603 2123 1644 2158 in

228 2194 382 2230 maiora
414 2199 545 2231 castra
577 2195 631 2230 ad
664 2199 879 2231 sexcentos
912 2198 1136 2237 evaserunt,
1171 2198 1292 2241 atque
1323 2193 1420 2230 inde
1447 2193 1642 2241 protinus,

229 2264 309 2300 alio
335 2275 485 2312 magno
504 2264 664 2312 agmine
683 2264 890 2307 adiuncto,
916 2262 1137 2299 Canusium
1153 2263 1375 2299 incolumes
1392 2263 1643 2311 perveniunt.

164 2328 327 2371 12Haee
360 2335 471 2383 apud
503 2334 630 2383 victos
663 2334 791 2382 magis
823 2334 974 2382 impetu
1007 2334 1245 2378 animorum,
1286 2345 1404 2381 quem
1436 2334 1643 2381 ingenium

231 2417 345 2442 suum
378 2405 521 2452 cuique
553 2410 622 2440 aut
654 2404 735 2441 fors
769 2405 906 2448 dabat,
941 2417 1061 2452 quam
1094 2416 1142 2440 ex
1175 2403 1344 2441 consilio
1371 2403 1550 2451 ipsorum
1577 2408 1644 2439 aut

230 2476 398 2524 imperio
432 2476 665 2522 cuiusquam
699 2475 936 2523 agebantur.

126 2536 169 2578 51
351 2544 569 2581 Hannibali
608 2544 747 2581 victori
787 2556 908 2592 quum
941 2544 1062 2580 ceteri
1096 2543 1320 2581 circumfusi
1352 2543 1645 2592 gratularentur
