1789 2955
541 110 645 142 Liber
670 111 795 142 XXIV.
838 109 894 152 (A.
923 111 984 142 Ch.
1011 110 1106 153 214.)
1446 112 1531 155 203

117 244 300 287 salutem,
339 247 382 278 ut
413 242 576 286 assolet,
610 242 801 291 scriptum
833 247 930 286 erat,
969 247 1078 279 recte
1110 254 1201 278 eum
1234 248 1354 291 atque
1388 243 1530 280 ordine

118 313 276 358 fecisse,
302 313 415 361 quod
438 312 480 348 in
496 311 708 349 Leontinis
732 312 828 348 nulli
846 312 1113 361 pepercisset;
1139 313 1214 349 sed
1233 314 1412 349 omnium
1429 326 1531 349 mer·
1547 306 1571 348 8

116 381 370 420 cenariorum
393 382 560 419 militum
584 383 759 419 eandem
785 395 875 419 esse
900 394 1076 425 causam,
1110 395 1187 419 nec
1211 395 1391 430 unquam
1416 384 1532 432 Syra-

116 465 234 490 cusas
265 452 481 501 quieturas,
516 454 650 490 donec
683 452 898 501 quicquam
922 459 1179 490 externorum
1202 452 1438 490 auxiliorum
1464 459 1532 490 aut

114 524 156 560 in
188 523 286 559 urbe
317 528 386 560 aut
417 523 457 559 in
490 522 666 559 exercitu
690 534 764 559 suo
789 528 908 560 esset.
971 524 1111 572 Itaque
1136 525 1253 560 daret
1276 535 1456 572 operam,
1491 517 1572 560 ut9

115 605 201 638 eos,
230 593 297 642 qui
325 605 416 630 cum
444 593 524 630 suis
551 592 788 642 praetoribus
816 598 947 630 castra
975 595 1029 629 ad
1057 594 1225 642 Megara
1253 594 1462 638 haberent,
1491 594 1533 631 in

115 676 229 700 suam
246 668 493 712 potestatem
509 664 713 712 redigeret
731 675 777 700 ac
796 663 993 712 supplicio
1012 676 1151 700 eorum
1165 664 1352 700 liberaret
1363 665 1531 700 tandem

115 734 348 782 Syracusas.
397 733 497 770 Haec
521 745 643 781 quum
668 734 835 771 recitata
858 738 1008 778 essent,
1034 746 1124 771 cum
1149 739 1264 771 tanto
1283 735 1459 771 clamore
1477 735 1532 771 ad
1550 727 1604 768 10

115 816 227 841 arma
259 804 483 841 discursum
515 809 589 848 est,
622 809 665 840 ut
696 809 890 853 praetores
915 804 1019 841 inter
1042 806 1253 841 tumultum
1276 805 1413 854 pavidi
1437 805 1532 841 abe-

115 873 355 922 quitaverint
386 874 618 923 Syracusas.
697 874 748 911 Et
786 887 839 911 ne
878 875 974 923 fuga
1013 874 1177 923 quidem
1211 887 1348 911 eorum
1384 875 1531 912 seditio
1550 868 1599 909 11

116 956 350 993 compressa
378 949 452 989 est,
476 944 731 993 impetusque
749 946 790 981 in
808 946 1084 993 Syracusanos
1101 945 1246 982 milites
1264 945 1428 990 fiebant,
1455 957 1531 982 nec

115 1016 167 1053 ab
192 1016 272 1052 ullo
296 1020 563 1064 temperatum
587 1015 704 1058 foret,
728 1014 770 1051 ni
794 1014 999 1064 Epicydes
1022 1020 1143 1064 atque
1168 1015 1441 1065 Hippocrates
1465 1016 1532 1053 irae

114 1086 379 1123 multitudinis
412 1086 573 1123 obviam
605 1086 744 1129 issent,
777 1097 862 1122 non
895 1098 919 1122 a
950 1086 1227 1122 misericordia
1260 1091 1329 1123 aut
1353 1087 1531 1123 humano
1550 1078 1603 1120 12

115 1157 300 1201 consilio,
335 1157 410 1193 sed
432 1169 484 1193 ne
511 1168 625 1204 spem
649 1155 801 1192 reditus
826 1156 1094 1204 praeciderent
1117 1156 1191 1192 sibi
1216 1161 1255 1192 et
1279 1169 1401 1205 quum
1419 1157 1531 1206 ipsos

115 1228 231 1265 simul
248 1227 392 1264 milites
410 1227 515 1263 fidos
533 1227 742 1270 haberent,
772 1226 887 1262 simul
905 1227 1085 1271 obsides,
1111 1232 1194 1263 tum
1212 1232 1413 1276 cognatos
1432 1239 1532 1275 quo·-
1550 1218 1602 1260 13

116 1310 194 1346 que
218 1310 357 1334 eorum
385 1302 507 1345 atque
534 1297 688 1333 amicos
716 1301 830 1333 tanto
854 1296 998 1334 merito
1022 1297 1206 1346 primum,
1240 1298 1336 1334 dein
1360 1297 1531 1346 pignore

114 1368 190 1406 sibi
215 1368 490 1405 conciliarent.
539 1367 797 1416 Expertique,
824 1379 944 1415 quam
967 1380 1072 1404 vana
1090 1373 1159 1404 aut
1175 1368 1250 1404 levi
1268 1380 1365 1404 aura
1382 1367 1532 1403 mobile
1550 1359 1603 1400 14

114 1439 254 1487 vulgus
287 1443 407 1482 esset,
440 1437 605 1474 militem
637 1437 775 1474 nancti
799 1450 847 1474 ex
872 1450 922 1474 eo
947 1450 1129 1483 numero,
1165 1438 1231 1487 qui
1254 1438 1295 1474 in
1320 1437 1532 1474 Leontinis

114 1509 366 1547 circumsessi
393 1513 520 1552 erant,
548 1509 784 1552 subornant,
814 1513 857 1544 ut
883 1509 1101 1557 Syracusas
1131 1509 1326 1558 perferret
1348 1508 1533 1545 nuntium

114 1579 428 1616 convenientem
451 1579 522 1622 eis,
551 1591 640 1626 quae
665 1579 720 1614 ad
737 1578 875 1626 Mylan
900 1578 1002 1615 falso
1028 1580 1213 1616 nuntiata
1237 1584 1364 1623 erant,
1394 1583 1533 1615 aucto·
1551 1570 1605 1611 15

114 1660 280 1698 remque
313 1661 356 1686 se
388 1648 621 1685 exhibendo
655 1660 702 1686 ac
734 1649 841 1685 velut
872 1649 969 1693 visa,
1004 1661 1092 1697 quae
1126 1649 1250 1686 dubia
1282 1654 1409 1694 erant,
1443 1661 1534 1685 nar-

114 1721 246 1757 rando
265 1719 490 1756 concitaret
505 1719 584 1755 iras
601 1719 824 1755 hominum.
872 1718 978 1755 Huic
995 1732 1079 1756 non
1099 1721 1209 1769 apud
1227 1720 1388 1768 vulgum
1405 1719 1533 1755 modo
1597 1708 1659 1753 32

114 1790 217 1827 fides
246 1789 331 1834 fuit,
366 1790 441 1826 sed
469 1795 654 1826 senatum
682 1800 846 1837 quoque
873 1789 914 1826 in
943 1791 1092 1826 curiam
1116 1791 1371 1827 introductus
1394 1790 1532 1826 movit.

114 1860 240 1897 Haud
263 1860 355 1897 vani
380 1860 547 1909 quidam
575 1861 761 1897 homines
779 1861 913 1909 palam
933 1861 1047 1905 ferre,
1074 1862 1253 1909 perbene
1271 1861 1476 1897 detectam
1493 1860 1534 1896 in

113 1930 327 1967 Leontinis
352 1943 442 1968 esse
467 1931 674 1968 avaritiam
692 1936 732 1967 et
750 1931 1028 1968 crudelitatem
1047 1932 1346 1975 Romanorum;
1372 1931 1532 1974 eadem,

115 2002 149 2038 si
186 2001 405 2038 intrassent
437 2002 669 2050 Syracusas,
711 2007 780 2038 aut
818 2001 992 2039 foediora
1025 2002 1160 2046 etiam,
1205 2013 1286 2050 quo
1320 2001 1448 2038 maius
1480 2001 1534 2037 ibi

115 2071 290 2108 avaritiae
321 2071 527 2120 praemium
561 2076 681 2115 esset,
715 2071 893 2109 facturos
919 2072 1054 2109 fuisse.
1116 2072 1257 2120 Itaque
1281 2069 1576 2110 claudendas?

115 2141 249 2178 cuncti
280 2146 419 2190 portas
452 2147 492 2178 et
524 2142 837 2178 custodiendam
870 2143 1009 2178 urbem
1044 2154 1230 2186 censere;
1266 2143 1340 2179 sed
1372 2154 1456 2178 non
1483 2143 1533 2178 ab

115 2212 261 2249 iisdem
285 2224 428 2248 omnes
451 2212 592 2249 timere
614 2224 691 2248 nec
716 2213 886 2249 eosdem
912 2212 1063 2249 odisse.
1123 2213 1188 2249 Ad
1212 2212 1381 2249 militare
1404 2224 1534 2261 genus

117 2294 239 2319 omne
264 2287 501 2331 partemque
529 2295 719 2331 magnam
745 2282 873 2331 plebis
898 2283 1068 2320 invisum
1093 2295 1182 2320 esse
1207 2295 1359 2319 nomen
1385 2283 1534 2318 Roma—

116 2363 231 2397 num;
265 2357 458 2401 praetores
487 2353 821 2402 optimatiumque
849 2353 980 2401 pauci,
1015 2365 1246 2402 quanquam
1274 2353 1399 2389 inflati
1428 2364 1533 2389 vano
1550 2350 1576 2390 3

118 2422 259 2459 nuntio
277 2427 403 2467 erant,
422 2428 560 2461 tamen
577 2425 632 2460 ad
649 2423 815 2472 propius
832 2424 1151 2472 praesentiusque
1168 2423 1317 2459 malum
1335 2422 1535 2459 cautiores

117 2504 222 2530 esse.
284 2493 336 2530 Et
366 2493 448 2529 iam
479 2494 534 2529 ad
565 2491 820 2542 Hexapylum
854 2499 969 2530 erant
993 2494 1265 2543 Hippocrates
1294 2497 1415 2540 atque
1441 2490 1577 2540 Epi-4

117 2563 256 2611 cydes,
295 2563 611 2611 serebanturque
644 2564 847 2611 colloquia
879 2576 950 2612 per
982 2564 1234 2613 propinquos
1266 2562 1534 2611 popularium,

118 2632 185 2680 qui
212 2632 252 2669 in
277 2633 452 2670 exercitu
469 2638 596 2677 erant,
626 2638 668 2670 ut
690 2639 829 2682 portas
853 2635 1056 2682 aperirent
1080 2634 1338 2680 sinerentque
1356 2644 1536 2669 commu-
