1789 2955
528 103 632 134 Liber
658 103 782 134 XXIV.
830 102 884 144 (A.
913 103 974 134 Ch.
1001 103 1096 146 215.)
1439 106 1518 146 17]·

104 246 251 284 pugnae
274 234 328 270 ad
354 232 518 270 Cannas
544 233 703 277 fuisset;
737 233 799 270 vix
824 234 1030 270 credibilia
1055 235 1161 271 enim
1186 236 1342 284 legatos
1367 236 1522 272 Hanni-

104 294 205 341 balis
229 315 411 345 narrare;
445 303 559 348 velle,
585 303 682 351 quid
706 303 787 340 veri
811 303 873 348 sit,
899 304 1013 348 scire,
1039 310 1081 340 ut
1105 318 1153 341 ex
1171 318 1235 349 eo,
1261 311 1389 342 utram
1408 319 1521 355 spem

105 379 306 423 sequatur,
341 373 551 410 consilium
585 373 731 422 capiat.
795 374 983 418 Romani,
1018 387 1139 423 quum
1169 376 1273 412 serio
1297 376 1563 425 legationes&

104 444 244 481 audire
278 444 479 492 coepisset,
513 444 713 480 redituros
745 456 788 480 se
822 445 876 480 ad
908 456 999 481 eum
1022 445 1206 482 dicentes
1229 458 1332 490 esse,
1366 447 1523 484 monito

104 514 233 564 magis
251 527 302 551 eo
317 526 437 563 quam
452 519 611 563 rogato,
630 527 682 551 ne
697 515 819 551 fidem
834 520 985 551 temere
1000 520 1184 560 mutaret,
1203 516 1522 564 proficiscuntur.

104 585 377 633 Hieronymus
403 585 560 634 legatos
579 584 866 634 Carthaginem
891 586 998 622 misit
1023 587 1076 622 ad
1102 586 1236 623 foedus
1262 598 1309 622 ex
1328 586 1524 622 societate
1541 585 1562 625 7

105 668 195 692 cum
218 655 449 691 Hannibale
474 662 595 704 pacta
619 655 865 693 faciendum.
914 656 1130 701 Convenit,
1155 663 1210 700 ut,
1235 668 1357 704 quum
1375 657 1526 692 Roma-

104 739 181 763 nos
209 727 342 763 Sicilia
375 726 623 775 expulissent
654 724 712 776 (id
746 732 881 762 autem
913 727 1022 763 brevi
1056 727 1154 773 fore,
1191 727 1223 763 si
1250 739 1375 763 naves
1404 732 1525 775 atque

106 797 322 834 exercitum
340 794 570 846 misissent),
596 795 763 832 Himera
781 797 923 841 amnis,
950 796 1016 844 qui
1035 796 1159 832 ferme
1178 796 1320 833 dividit
1338 797 1524 841 insulam,

105 867 194 904 finis
217 866 331 916 regni
356 867 596 915 Syracusani
621 879 668 903 ac
692 866 831 903 Punici
855 867 1009 915 imperii
1034 872 1154 904 esset.
1205 867 1335 903 Aliam
1358 867 1524 910 deinde,
1542 866 1566 906 8

104 938 266 974 inflatus
290 937 634 974 assentationibus
658 949 810 982 eorum,
838 938 903 985 qui
928 950 1019 973 eum
1044 950 1129 974 non
1148 937 1338 974 Hieronis
1357 942 1524 981 tantum,

106 1008 181 1045 sed
217 1007 355 1056 Pyrrhi
393 1007 514 1044 etiam
554 1008 673 1056 regis,
721 1009 890 1044 materni
929 1008 1004 1052 avi,
1047 1008 1242 1044 iubebant
1281 1008 1526 1049 meminisse,

105 1078 352 1127 legationem
376 1078 494 1122 misit,
521 1090 601 1126 qua
625 1090 782 1126 aequum
808 1079 1015 1123 censebat,
1042 1078 1175 1115 Sicilia
1199 1078 1273 1115 sibi
1292 1078 1401 1114 omni
1421 1079 1526 1121 cedi,

106 1148 229 1184 Italiae
253 1148 463 1196 imperium
481 1148 686 1196 proprium
705 1149 827 1196 quaeri
847 1148 1172 1197 Carthaginiensi
1191 1149 1359 1197 populo.
1409 1148 1526 1185 Hanc
1542 1147 1567 1188 9

106 1219 309 1255 levitatem
341 1231 390 1254 ac
421 1219 684 1255 iactationem
717 1219 839 1255 animi
872 1232 1006 1268 neque
1038 1219 1286 1255 mirabantur
1318 1219 1358 1255 in
1383 1218 1527 1254 iuvene

106 1289 259 1326 furioso
311 1301 444 1337 neque
493 1289 730 1338 arguebant,
786 1291 1014 1326 dummodo
1063 1294 1290 1326 averterent
1336 1301 1429 1325 eum
1477 1290 1533 1325 ab

107 1360 317 1397 Romanis.

227 1431 309 1467 Sed
342 1430 480 1467 omnia
511 1430 552 1467 in
586 1443 636 1467 eo
670 1431 890 1480 praecipitia
923 1432 978 1467 ad
1011 1431 1173 1468 exitium
1198 1430 1370 1467 fuerunt.
1424 1430 1528 1466 Nam
1594 1427 1620 1470 7

108 1514 243 1550 quum,
276 1500 490 1550 praemissis
519 1500 770 1550 Hippocrate
805 1507 926 1550 atque
951 1502 1135 1551 Epicyde
1169 1514 1257 1538 cum
1286 1501 1390 1538 binis
1418 1501 1530 1537 milli-

108 1574 183 1609 bus
208 1578 453 1609 armatorum
478 1573 532 1608 ad
556 1573 775 1609 tentandas
801 1573 932 1617 urbes,
959 1585 1046 1621 quae
1072 1572 1270 1621 praesidiis
1288 1572 1531 1608 tenebantur

109 1643 319 1687 Romanis,
359 1648 400 1679 et
437 1642 524 1691 ipse
563 1642 604 1678 in
636 1642 864 1680 Leontinos
904 1656 994 1680 cum
1033 1648 1169 1679 cetero
1210 1642 1319 1679 omni
1354 1641 1529 1678 exercitu
1545 1641 1571 1681 2

109 1712 240 1764 (erant
267 1718 400 1750 autem
430 1714 485 1749 ad
514 1713 747 1761 quindecim
775 1713 896 1749 millia
924 1713 1106 1762 peditum
1134 1709 1408 1762 equitumque)
1438 1724 1530 1761 pro-

111 1784 239 1821 fectus
263 1788 361 1828 erat,
386 1783 531 1820 liberas
557 1784 667 1820 aedes
691 1784 889 1820 coniurati
915 1782 970 1834 (et
994 1796 1136 1820 omnes
1162 1784 1266 1820 forte
1290 1780 1530 1831 militabant)
1546 1782 1572 1823 3

110 1854 366 1890 imminentes
384 1854 456 1890 viae
474 1859 669 1902 angustae,
689 1866 768 1902 qua
787 1854 1040 1890 descendere
1059 1855 1112 1890 ad
1131 1854 1260 1890 forum
1276 1866 1343 1890 rex
1359 1854 1529 1896 solebat,

111 1929 379 1974 sumpserunt.
451 1924 510 1960 Ibi
543 1936 666 1973 quum
697 1924 878 1961 instructi
912 1925 1134 1973 armatique
1167 1924 1289 1961 ceteri
1321 1923 1573 1963 transitum4

112 2000 395 2044 exspectantes
423 1999 588 2039 starent,
618 1995 685 2030 uni
714 2007 762 2031 ex
788 1995 845 2031 eis
870 1993 1106 2046 (Dinomeni
1132 1995 1204 2031 fuit
1227 1992 1408 2045 nomen),
1439 1994 1532 2042 quia

112 2071 248 2103 custos
281 2065 462 2114 eorporis
495 2070 592 2109 erat,
626 2070 760 2114 partes
794 2066 900 2102 datae
935 2071 1039 2110 sunt,
1073 2071 1127 2110 ut,
1163 2078 1284 2114 quum
1312 2064 1532 2114 appropin-

114 2141 254 2185 quaret
280 2136 411 2172 ianuae
435 2148 516 2179 rex,
546 2148 617 2184 per
642 2148 806 2172 causam
832 2135 1007 2183 aliquam
1031 2137 1071 2172 in
1098 2136 1294 2185 angustiis
1319 2135 1533 2172 sustineret

113 2208 163 2242 ab
189 2212 304 2255 tergo
328 2218 490 2254 agmen.
553 2206 626 2250 Ita,
656 2210 698 2241 ut
721 2211 982 2250 convenerat,
1012 2206 1161 2243 factum
1187 2211 1260 2243 est.
1316 2206 1532 2253 Tanquam
1548 2205 1574 2245 5

114 2277 266 2313 laxaret
289 2277 439 2312 elatum
463 2277 613 2324 pedem
638 2276 689 2312 ab
714 2276 851 2312 stricto
877 2277 1006 2321 nodo,
1032 2282 1211 2314 moratus
1230 2277 1386 2313 turbam
1405 2275 1533 2311 Dino-

114 2359 255 2384 menes
279 2352 433 2383 tantum
457 2346 652 2383 intervalli
678 2346 784 2390 fecit,
814 2351 868 2391 ut,
898 2359 1020 2394 quum
1045 2347 1085 2383 in
1110 2352 1420 2395 praetereuntem
1447 2346 1533 2382 sine

115 2417 278 2454 armatis
324 2429 460 2466 regem
508 2417 681 2466 impetus
724 2417 848 2461 fieret,
898 2417 1188 2454 confoderetur
1231 2417 1385 2464 aliquot
1425 2416 1534 2464 prius

116 2487 357 2531 vulneribus,
382 2500 503 2536 quam
528 2488 702 2525 succurri
725 2492 879 2536 posset.
929 2487 1116 2524 Clamore
1135 2492 1175 2524 et
1192 2487 1359 2524 tumultu
1378 2486 1532 2530 audito,
1549 2485 1574 2526 6

115 2557 157 2594 in
183 2557 457 2594 Dinomenem
489 2559 569 2595 iam
597 2559 707 2595 haud
735 2558 858 2594 dubie
887 2558 1117 2594 obstantem
1147 2558 1227 2594 tela
1254 2556 1533 2601 coniiciuntur,

118 2627 221 2664 inter
252 2639 340 2676 quae
373 2632 523 2673 tamen,
558 2629 719 2665 duobus
741 2628 921 2677 acceptis
943 2628 1185 2671 vulneribus,
1219 2627 1358 2663 evasit.
1422 2625 1572 2676 Fuga7

189 2692 288 2718 Livius
310 2701 344 2718 ex
366 2693 596 2726 ree.-Madvigii.
634 2693 685 2719 111.
1208 2693 1252 2727 12
