1768 2943
549 90 653 121 Liber
678 90 788 121 xxn.
828 89 884 131 (A.
912 90 974 121 ch.
1001 88 1096 133 217.)
1467 91 1521 132 73

220 220 283 258 Eo
310 221 414 258 forte
438 221 505 257 die
529 220 729 257 Minucius
762 233 805 257 se
838 221 1103 257 coniunxerat
1119 222 1261 266 Fabio,
1294 222 1439 259 missus
1465 223 1520 258 ad
1535 221 1585 261 11

102 291 343 328 firmandum
376 291 565 341 praesidio
599 291 757 335 saltum,
791 291 858 339 qui
892 303 1012 339 super
1043 291 1307 329 Tarracinam
1339 293 1380 329 in
1413 299 1519 330 artas

102 367 268 400 coactus
302 362 440 400 fauces
471 362 654 398 imminet
683 361 796 406 mari,
829 374 882 398 ne
913 362 965 398 ab
998 362 1189 398 Sinuessa
1214 363 1362 400 Poenus
1380 364 1522 412 Appiae

102 433 224 470 limite
255 433 465 482 pervenire
496 433 537 469 in
571 444 711 481 agrum
735 433 965 469 Romanum
989 437 1141 481 posset.
1192 431 1429 470 Coniunctis
1454 446 1521 470 ex·
1536 433 1589 473 12

102 504 289 540 ercitibus
322 503 495 540 dictator
528 514 575 539 ac
607 503 800 551 magister
831 503 1010 551 equitum
1042 507 1174 539 castra
1206 503 1246 538 in
1272 503 1377 539 viam
1409 504 1522 540 defe-

100 580 204 619 runt,
245 586 326 623 qua
358 573 565 610 Hannibal
608 574 798 609 ducturus
832 578 936 617 erat;
981 574 1065 610 duo
1098 574 1195 609 inde
1227 574 1349 609 millia
1381 574 1520 610 hostes

101 646 283 682 aberant.
331 645 501 682 Postero
529 644 597 680 die
619 643 753 688 Poeni,
782 645 895 691 quod
919 644 991 680 viae
1018 644 1122 682 inter
1145 645 1241 681 bina
1265 649 1396 680 castra
1421 650 1518 689 erat,
1589 642 1632 686 16

102 716 264 764 agmine
297 715 565 764 complevere.
630 714 764 760 Quum
796 715 972 751 Romani
1005 715 1078 751 sub
1118 715 1208 764 ipso
1242 715 1558 755 constitissent2

100 786 218 830 vallo,
253 786 363 822 haud
395 785 518 821 dubie
543 785 720 833 aequiore
744 785 850 829 loco,
885 784 1079 821 successit
1103 789 1239 821 tamen
1257 786 1407 822 Poenus
1432 797 1522 822 cum

100 856 300 906 expeditis
342 856 624 904 equitibusque
667 856 722 891 ad
763 856 1048 892 lacessendum
1093 856 1266 892 hostem.
1343 856 1522 906 Carptim

100 927 214 964 Poeni
248 932 288 963 et
318 928 601 976 procursando
633 927 954 975 recipiendoque
979 938 1068 963 sese
1093 939 1346 975 pugnavere;
1380 926 1560 966 restitit3

101 1009 175 1034 suo
207 998 300 1034 loco
325 989 513 1034 Romana
546 998 654 1034 acies
665 1009 674 1041 ;
708 997 817 1033 lenta
848 1009 986 1045 pugna
1019 1002 1059 1033 et
1083 1009 1131 1033 ex
1157 997 1366 1034 dictatoris
1393 998 1522 1046 magis

100 1081 221 1117 quam
245 1067 486 1105 Hannibalis
512 1068 584 1103 fuit
606 1068 827 1104 voluntate.
876 1067 1050 1104 Ducenti
1075 1068 1125 1104 ab
1150 1069 1359 1112 Romanis,
1395 1069 1522 1104 octin-

99 1139 211 1188 genti
244 1139 421 1175 hostium
453 1138 653 1175 cecidere.

217 1209 399 1246 Inclusus
422 1210 521 1245 inde
538 1208 664 1245 videri
682 1207 902 1253 Hannibal,
937 1209 999 1245 via
1023 1210 1077 1245 ad
1096 1209 1317 1246 Casilinum
1336 1210 1518 1254 obsessa,
1533 1209 1560 1248 4

100 1292 223 1328 quum
247 1279 390 1328 Capua
412 1285 452 1316 et
475 1279 683 1316 Samnium
716 1284 755 1315 et
786 1284 943 1315 tantum
975 1281 1026 1315 ab
1059 1284 1175 1328 tergo
1200 1280 1367 1317 divitum
1391 1281 1523 1317 socio-

98 1362 186 1386 rum
204 1351 399 1387 Romanis
433 1355 685 1387 commeatus
718 1350 970 1395 subveheret,
1004 1351 1154 1387 Poenus
1178 1351 1283 1387 inter
1306 1352 1523 1388 Formiana

99 1433 195 1457 saxa
213 1433 261 1457 ac
278 1421 428 1458 Literni
456 1433 601 1457 arenas
630 1425 856 1469 stagnaque
881 1425 922 1456 et
944 1433 1016 1469 per
1040 1421 1225 1458 horridas
1249 1422 1367 1458 silvas
1393 1422 1523 1457 hiber-

98 1497 264 1528 naturus
297 1497 424 1536 esset;
457 1504 534 1528 nee
557 1491 832 1528 Hannibalem
866 1491 1017 1535 fefellit,
1053 1492 1133 1528 suis
1166 1504 1208 1528 se
1242 1492 1393 1528 artibus
1426 1491 1563 1541 peti.5

97 1562 238 1610 Itaque
271 1574 392 1610 quum
425 1575 497 1611 per
521 1562 743 1598 Casilinum
777 1563 952 1597 evadere
983 1573 1068 1597 non
1101 1567 1242 1610 posset
1273 1562 1523 1610 petendique

97 1637 259 1669 montes
277 1637 318 1668 et
333 1633 471 1681 iugum
489 1632 691 1668 Calliculae
712 1633 989 1680 superandum
1007 1637 1127 1676 esset,
1147 1633 1293 1668 necubi
1312 1634 1522 1669 Romanus

97 1703 296 1739 inclusum
328 1703 494 1739 vallibus
534 1715 683 1751 agmen
722 1703 1024 1751 aggrederetur,
1065 1703 1280 1739 ludibrium
1313 1703 1561 1742 oculorumss

99 1774 235 1822 specie
260 1774 434 1809 terribile
458 1774 512 1809 ad
538 1772 811 1810 frustrandum
835 1773 994 1808 hostem
1021 1778 1288 1817 commentus,
1323 1774 1521 1823 principio

97 1845 230 1881 noctis
262 1843 396 1880 furtim
428 1844 649 1880 succedere
681 1844 735 1879 ad
767 1848 929 1879 montes
963 1843 1111 1879 statuit.
1162 1844 1333 1881 Fallacis
1365 1844 1559 1883 consiliiT

98 1914 187 1951 talis
219 1919 438 1963 apparatus
471 1914 555 1950 fuit.
604 1914 734 1951 Faces
758 1914 938 1962 undique
964 1927 1012 1950 ex
1037 1915 1142 1963 agris
1167 1916 1347 1952 collectae
1372 1916 1522 1952 fasces-

98 1997 177 2033 que
224 1985 421 2033 virgarum
470 1990 592 2033 atque
639 1984 740 2021 aridi
789 1985 980 2021 sarmenti
1027 1985 1285 2034 praeligantur
1332 1987 1522 2024 cornibus

97 2056 235 2100 boum,
284 2067 388 2103 quos
431 2055 610 2091 domitos
651 2055 958 2103 indomitosque
1002 2057 1149 2093 multos
1193 2057 1297 2094 inter
1345 2065 1521 2093 ceteram

98 2131 300 2174 agrestem
332 2126 513 2174 praedam
545 2126 707 2174 agebat.
770 2127 836 2162 Ad
869 2127 952 2162 duo
986 2127 1108 2163 millia
1149 2127 1274 2164 ferme
1307 2128 1431 2164 boum
1465 2126 1560 2166 ‹ef-8

99 2195 218 2240 fecta,
252 2195 581 2245 Hasdrubalique
613 2197 824 2245 negotium
857 2197 1010 2241 datum,
1052 2203 1095 2233 ut
1133 2203 1255 2234 nocte
1287 2199 1331 2234 id
1363 2211 1521 2235 armen-

97 2271 181 2302 tum
213 2267 398 2303 accensis
430 2267 620 2304 cornibus
648 2267 702 2303 ad
734 2271 895 2303 montes
919 2273 1070 2316 ageret,
1096 2268 1282 2314 maxime,
1311 2270 1342 2305 si
1367 2274 1519 2318 posset,

99 2348 218 2385 super
243 2337 366 2373 saltus
399 2338 449 2373 ab
484 2338 601 2374 hoste
633 2338 827 2374 insessos.
875 2337 1016 2375 Primis
1034 2339 1212 2375 tenebris
1231 2339 1390 2376 silentio
1408 2345 1520 2376 mota
1589 2335 1631 2379 17

99 2412 249 2452 castra;
283 2408 409 2444 boves
433 2407 642 2455 aliquanto
667 2412 762 2443 ante
781 2407 896 2456 signa
915 2409 1007 2445 acti.
1056 2409 1137 2446 Ubi
1155 2411 1210 2445 ad
1227 2410 1386 2446 radices
1404 2422 1519 2446 mon·
1535 2409 1560 2448 :2

99 2478 195 2513 tium
228 2478 394 2526 viasque
427 2482 621 2526 angustas
653 2484 817 2515 ventum
850 2485 924 2524 est,
959 2479 1118 2528 signum
1151 2481 1353 2528 extemplo
1388 2481 1518 2525 datur,

99 2553 142 2584 ut
164 2548 348 2585 accensis
372 2548 562 2585 cornibus
587 2554 770 2585 armenta
793 2550 835 2586 in
853 2550 1048 2586 adversos
1067 2551 1320 2586 concitentur
1338 2556 1517 2595 montes;

100 2624 140 2655 et
171 2624 301 2656 metus
331 2619 420 2668 ipse
451 2619 665 2656 relucentis
697 2620 869 2657 flammae
902 2633 951 2656 ex
984 2620 1115 2668 capite
1148 2620 1339 2668 calorque
1362 2621 1441 2657 iam
1465 2621 1519 2657 ad
