1789 2955
127 939 172 984 18

237 112 322 152 244
656 113 760 144 Liber
788 113 895 145 xxv.
937 113 991 157 (A.
1019 125 1050 146 u.
1077 125 1105 146 c.
1133 115 1228 156 5412.)

236 242 453 278 exercitum
478 243 754 280 decucurrisse
779 256 868 281 cum
892 245 1074 293 tripudiis
1098 246 1372 294 Hispanorum
1395 249 1650 296 motibusque

236 325 437 349 armorum
465 318 505 349 et
527 325 742 361 corporum
764 326 845 351 suae
869 316 1012 363 cuique
1033 317 1145 364 genti
1167 318 1350 362 assuetis,
1383 318 1472 366 ipso
1496 318 1651 355 Hanni-

235 383 326 418 bale
359 383 469 419 omni
501 395 631 419 rerum
664 384 957 432 verborumque
989 386 1146 422 honore
1170 388 1382 436 exsequias
1407 389 1649 425 celebrante.

194 451 219 490 b*
236 451 333 489 Haec
367 454 543 497 tradunt,
585 453 651 500 qui
683 453 724 489 in
757 453 931 492 Lucanis
964 456 1019 492 rei
1052 462 1177 504 gestae
1210 463 1396 494 auctores
1429 464 1534 495 sunt.
1611 459 1652 495 Si

235 523 322 567 illis,
354 523 420 571 qui
450 525 504 560 ad
528 523 717 560 Calorem
744 524 905 561 fluvium
931 526 1186 562 interfectum
1211 533 1451 572 memorant,
1486 529 1652 565 credere

195 591 218 630 7
235 592 344 637 velis,
371 594 512 642 capitis
538 599 694 630 tantum
719 594 893 632 Gracchi
918 596 1055 632 hostes
1080 596 1197 644 potiti
1221 603 1332 641 sunt;
1358 609 1408 634 eo
1435 599 1573 635 delato
1598 599 1653 635 ad

235 660 521 708 Hannibalem,
555 664 699 701 missus
732 665 782 701 ab
817 678 867 701 eo
891 665 1106 702 confestim
1130 664 1334 711 Carthalo,
1369 668 1499 716 quiin
1521 674 1653 705 castra

235 732 422 769 Romana
460 735 515 770 ad
554 733 629 771 Cn.
671 734 905 771 Cornelium
944 740 1186 783 quaestorem
1225 737 1420 780 deferrem
1460 739 1494 775 is
1534 738 1652 775 funus

233 801 486 851 imperatoris
518 805 558 841 in
592 806 743 849 castris,
783 805 1079 841 celebrantibus
1112 818 1203 842 curn
1235 808 1410 844 exercitu
1442 807 1653 845 Beneven-

235 873 352 917 tanis,
388 873 495 911 fecit.

354 943 554 982 Consules
577 958 717 994 agrum
735 945 990 993 Campanum
1013 945 1184 994 ingressi
1207 959 1328 995 quum
1351 948 1502 996 passim
1523 961 1654 997 popu-

234 1015 421 1059 larentur,
462 1016 674 1064 eruptione
714 1016 1016 1064 oppidanorum
1056 1021 1096 1051 et
1128 1016 1319 1065 Magonis
1352 1030 1443 1055 cum
1474 1019 1654 1067 equitatu

234 1085 356 1121 territi
389 1090 429 1121 et
460 1087 606 1134 trepidi
634 1088 688 1123 ad
717 1087 833 1135 signa
862 1086 1006 1122 milites
1031 1086 1192 1134 palatos
1221 1088 1371 1135 passim
1400 1096 1652 1133 revocarunt,

234 1160 286 1199 et,
312 1156 473 1192 vixdum
495 1156 689 1193 instructa
706 1157 806 1201 acie,
832 1156 908 1193 fusi
927 1168 1047 1205 supra
1065 1157 1171 1193 mille
1189 1163 1229 1193 et
1245 1158 1491 1207 quingentos
1508 1159 1654 1195 milites

194 1224 220 1264 2
235 1225 466 1263 amiserunt.
514 1227 616 1263 Inde
640 1228 784 1276 ingens
809 1226 962 1263 ferocia
986 1228 1170 1275 superbae
1195 1234 1340 1276 suopte
1357 1229 1524 1277 ingenio
1542 1229 1655 1277 genti

236 1296 370 1339 crevit,
396 1297 609 1345 multisque
626 1298 775 1346 proeliis
793 1298 1050 1334 lacessebant
1068 1298 1299 1341 Romanos;
1326 1299 1401 1335 sed
1417 1299 1654 1335 intentiores

234 1367 288 1403 ad
321 1368 547 1403 cavendum
581 1369 768 1405 consules
800 1379 881 1403 una
913 1380 1052 1416 pugna
1084 1367 1236 1404 fecerat
1266 1369 1427 1405 incaute
1451 1374 1572 1417 atque
1596 1369 1656 1406 in-

194 1434 419 1474 3consulte
457 1438 569 1474 inita.
633 1438 821 1473 Restituit
859 1443 996 1474 tamen
1036 1438 1096 1474 his
1135 1438 1293 1475 animos
1337 1444 1376 1475 et
1407 1439 1481 1475 illis
1514 1439 1655 1476 minuit

235 1507 450 1544 audaciam
488 1519 611 1556 parva
650 1520 731 1543 una
773 1519 855 1552 res;
897 1509 970 1544 sed
1003 1508 1044 1544 in
1077 1508 1184 1544 bello
1216 1509 1313 1544 nihil
1346 1514 1429 1545 tam
1460 1510 1546 1546 leve
1579 1516 1652 1555 est,

192 1576 221 1616 4
235 1579 347 1626 quod
365 1591 450 1615 non
466 1590 625 1627 magnae
643 1578 846 1615 interdum
863 1578 919 1615 rei
936 1583 1188 1615 momentum
1206 1578 1339 1615 faciat.
1394 1579 1442 1616 T.
1462 1579 1653 1625 Quinctio

235 1648 422 1697 Crispino
445 1648 597 1686 Badius
620 1648 854 1696 Campanus
888 1649 1038 1697 hospes
1071 1654 1156 1685 erat
1187 1649 1444 1698 perfamiliari
1476 1650 1654 1699 hospitio

233 1719 405 1756 iunctus.
469 1719 660 1756 Creverat
692 1720 962 1764 consuetudo,
997 1721 1111 1768 quod
1145 1732 1251 1768 aeger
1273 1721 1414 1757 Romae
1437 1721 1547 1769 apud
1571 1719 1655 1757 Cri-

235 1789 395 1838 spinum
407 1789 559 1827 Badius
572 1796 667 1827 ante
680 1789 957 1826 defectionem
972 1789 1230 1839 Campanam
1244 1791 1458 1827 liberaliter
1470 1791 1655 1827 comiter-

193 1858 221 1898 5
236 1872 313 1908 que
338 1865 498 1897 curatus
522 1861 664 1897 fuerat.
712 1860 749 1896 Is
775 1865 858 1896 tum
881 1859 1034 1897 Badius
1059 1873 1298 1910 progressus
1324 1866 1418 1898 ante
1443 1861 1653 1904 stationes,

234 1943 323 1979 quae
355 1943 429 1979 pro
461 1936 580 1980 porta
611 1931 786 1975 stabant,
819 1930 954 1967 vocari
983 1930 1212 1979 Crispinum
1243 1932 1369 1968 iussit.
1433 1931 1559 1977 Quod
1587 1931 1654 1967 ubi

235 2006 297 2040 est
314 2000 502 2049 Crispino
527 2001 767 2045 nuntiatum,
792 2005 901 2036 ratus
925 2001 1172 2048 colloquium
1197 2001 1370 2038 amicum
1395 2013 1442 2038 ac
1461 2001 1655 2038 familiare

235 2072 370 2119 quaeri,
389 2077 581 2108 manente
598 2071 793 2107 memoria
811 2071 931 2107 etiam
949 2072 990 2107 in
1003 2071 1178 2108 discidio
1191 2072 1443 2120 publicorum
1457 2071 1654 2108 foederum

195 2138 375 2190 ssprivati
407 2142 513 2186 iuris,
547 2142 710 2190 paulum
743 2153 767 2177 a
799 2142 942 2178 ceteris
974 2132 1185 2190 processit.
1249 2142 1469 2190 Postquam
1492 2142 1533 2179 in
1557 2154 1654 2179 con-

236 2217 418 2260 spectum
440 2223 599 2256 venere,
638 2212 846 2247 «Provoco
870 2217 934 2247 te»
960 2212 1090 2260 inquit
1115 2213 1194 2248 «ad
1216 2225 1408 2261 pugnam,
1441 2211 1648 2261 Crispine»

236 2282 407 2327 Badius;
445 2283 799 2319 «conscendamus
824 2294 966 2330 equos,
993 2282 1286 2330 summotisque
1311 2283 1410 2326 aliis,
1437 2288 1523 2319 uter
1548 2283 1653 2319 bello

200 2350 377 2390 7meli0r
409 2353 470 2397 sit,
505 2354 812 2389 decernamus.»
878 2353 942 2388 Ad
976 2365 1025 2388 ea
1050 2352 1257 2401 Crispinus
1289 2364 1365 2389 nec
1398 2353 1473 2389 sibi
1497 2364 1572 2389 nec
1600 2353 1654 2388 illi

237 2422 292 2458 ait
324 2423 462 2460 hostes
490 2423 650 2467 deesse,
683 2422 725 2458 in
750 2422 894 2470 quibus
922 2423 1106 2460 virtutem
1131 2423 1371 2466 ostendant;
1406 2435 1462 2466 se,
1496 2423 1654 2459 etiamsi

236 2492 277 2528 in
309 2493 397 2529 acie
429 2493 658 2537 occurrerit,
691 2492 997 2538 declinaturum,
1032 2501 1090 2530 ne
1115 2493 1303 2542 hospitali
1332 2493 1444 2530 caede
1471 2493 1653 2529 dextram

197 2560 222 2601 8
237 2562 377 2607 violet;
398 2575 696 2610 conversusque
712 2562 862 2599 abibat.
906 2563 1122 2600 Enimvero
1137 2563 1310 2600 ferocius
1323 2568 1405 2599 tum
1419 2561 1653 2611 Campanus

237 2632 446 2681 increpare
481 2634 689 2670 mollitiam
721 2633 1003 2681 ignaviamque
1036 2639 1076 2670 et
1107 2645 1150 2670 se
1183 2633 1309 2682 digna
1340 2634 1488 2682 probra
1521 2634 1562 2669 in
1594 2633 1653 2669 in-
