1789 2955
524 84 640 119 Liber
665 83 809 119 XXVI.
861 55 922 128 (A.
949 83 1014 117 Ch.
1039 84 1134 127 210.)
1489 90 1541 127 35

229 213 473 250 Permutatis
498 212 728 262 provinciis,
752 211 879 250 Siculi
906 213 944 250 in
971 216 1151 250 senatum
1176 213 1396 252 introducti
1413 215 1537 252 multa
1623 210 1680 260 30

115 285 371 324 de'Hieronis
395 285 501 334 regis
521 284 599 321 fide
624 287 818 334 perpetua
843 298 938 334 erga
961 285 1154 334 populum
1171 285 1393 323 Romanum
1417 286 1540 324 verba

113 357 303 404 fecerunt,
342 357 383 394 in
423 356 594 405 gratiam
633 356 836 406 publicam
882 360 1116 394 avertentes.
1177 356 1467 405 Hieronymum
1499 371 1543 395 ac
1561 359 1583 394 2

111 432 250 480 postea
265 428 542 479 Hippocraten
564 430 683 477 atque
699 427 905 477 Epicyden
933 431 1124 476 tyrannos
1140 441 1261 478 quum
1279 429 1328 465 ob
1346 429 1437 474 alia,
1456 432 1541 466 tum

113 504 277 551 propter
300 499 561 537 defectionem
588 499 638 536 ab
662 499 852 537 Romanis
876 499 925 536 ad
947 499 1215 537 Hannibalem
1248 500 1394 537 invisos
1418 501 1539 538 fuisse

113 571 205 611 sibi.
252 570 314 609 Ob
332 585 416 608 eam
441 584 599 609 causam
624 574 664 609 et
680 572 966 620 Hieronymum
995 585 1017 608 a
1041 572 1295 621 principibus
1318 573 1539 609 iuventutis

112 656 237 694 prope
251 643 414 693 publico
437 644 602 682 consilio
620 644 887 690 interfectum,
914 647 952 680 et
979 644 1018 680 in
1042 643 1235 692 Epicydis
1261 643 1541 693 Hippocratis·
1559 644 1583 681 3

113 728 190 765 que
208 715 356 752 oaedem
379 716 634 765 septuaginta
655 715 994 753 nobilissimorum
1018 715 1202 752 iuvenum
1227 716 1539 754 coniurationem

111 785 274 834 factam3
318 799 416 837 quos
454 787 641 824 Marcelli
677 800 787 824 mora
817 786 1047 833 destitutos,
1088 788 1181 836 quia
1221 787 1271 825 ad
1302 788 1537 837 praedictum

111 860 267 908 tempus
298 859 517 896 exercitum
542 859 591 896 ad
619 857 836 907 Syracusas
861 872 940 895 non
964 859 1214 905 admovisset,
1245 859 1394 896 indicio
1418 860 1535 910 facto,

112 942 247 968 omnes
278 930 328 968 ab
357 931 540 979 tyrannis
572 931 812 968 interfectos.
872 930 970 967 Eam
1012 944 1169 981 quoque
1199 931 1460 985 Hippocratis
1498 930 1581 970 et4

108 1001 302 1053 Epicydis
327 1003 580 1051 tyrannidem
604 1002 843 1039 Marcellum
868 1003 1060 1039 excitasse
1085 1002 1294 1040 Leontinis
1321 1004 1539 1041 crudeliter

111 1073 290 1124 direptis.
349 1074 563 1124 Nunquam
602 1073 748 1111 deinde
778 1075 982 1124 principes
1014 1073 1351 1123 Syracusanorum
1392 1073 1580 1113 desisse5

111 1145 162 1184 ad
187 1146 425 1183 Marcellum
449 1146 620 1183 transire
646 1146 922 1195 pollicerique,
954 1159 994 1183 se
1016 1147 1165 1193 urbem,
1191 1161 1312 1197 quum
1336 1148 1470 1197 vellet,
1499 1147 1536 1185 ei

109 1217 350 1264 tradituros3
382 1218 450 1256 sed
476 1231 562 1256 eum
588 1217 717 1267 primo
742 1217 782 1255 vi
808 1231 949 1267 capere
976 1218 1184 1265 maluisse3
1216 1219 1320 1265 dein,
1351 1233 1473 1268 quum
1494 1219 1536 1256 id
1553 1218 1576 1255 6

110 1302 239 1338 neque
274 1292 383 1326 terra
413 1300 543 1339 neque
581 1289 694 1335 mari,
727 1289 859 1326 omnia
890 1293 1089 1339 expertuS,
1119 1290 1325 1339 potuisset,
1357 1296 1538 1329 auctores

107 1360 348 1398 traditarum
374 1360 660 1409 Syracusarum
691 1360 848 1398 fabrum
889 1361 1070 1398 aerarium
1105 1361 1234 1399 Sosim
1268 1367 1307 1400 et
1331 1364 1538 1401 Moericum

109 1431 336 1482 Hispanum
375 1446 494 1482 quam
531 1432 735 1482 principes
767 1431 1107 1480 Syracusanorum
1137 1434 1300 1481 habere,
1345 1436 1465 1472 toties
1497 1436 1538 1473 id

109 1505 374 1554 nequicquam
405 1505 512 1542 ultro
550 1503 768 1550 offerentes,
798 1508 1051 1554 praeoptasse,
1082 1519 1160 1554 quo
1190 1506 1344 1545 scilicet
1373 1508 1539 1546 iustiore

111 1576 160 1613 de
203 1589 321 1614 causa
356 1575 644 1613 vetustissimos
681 1576 809 1613 socios
849 1577 988 1625 populi
1018 1577 1192 1614 Romani
1235 1577 1455 1614 trucidaret
1492 1589 1537 1613 ac

107 1647 314 1697 diriperet.
374 1646 418 1684 Si
442 1661 521 1685 non
549 1647 817 1695 Hieronymus
841 1648 890 1684 ad
917 1648 1185 1685 Hannibalem
1217 1649 1437 1693 defecisset,
1470 1647 1575 1685 sed7

106 1719 279 1770 populus
297 1717 569 1768 Syracusanus
594 1722 634 1757 et
656 1723 826 1766 senatus,
857 1720 890 1756 si
916 1722 1052 1768 portas
1079 1719 1271 1757 Marcello
1297 1719 1536 1767 Syracusani

106 1790 267 1841 publice
298 1793 338 1827 et
366 1803 456 1836 non,
488 1791 688 1840 oppressis
721 1789 990 1838 Syracusanis,
1021 1792 1183 1838 tyranni
1214 1805 1347 1829 eorum
1380 1792 1534 1840 Hippo-

105 1865 234 1900 crates
272 1865 312 1899 et
341 1862 543 1912 Epicydes
585 1862 840 1909 clausissent,
886 1864 920 1899 si
958 1862 1350 1912 Carthaginiensium
1391 1863 1534 1900 animis

104 1933 253 1972 bellum
278 1947 366 1971 cum
391 1934 542 1984 populo
565 1934 746 1971 Romano
771 1934 995 1983 gessissent,
1020 1934 1120 1983 quid
1143 1935 1261 1982 ultra,
1285 1949 1400 1984 quam
1428 1934 1535 1984 quod
1553 1934 1578 1971 8

104 2005 256 2051 fecerit,
288 2005 367 2042 nisi
398 2009 444 2042 ut
474 2005 628 2043 deleret
653 2004 880 2054 Syracusas,
912 2007 1040 2042 facere
1072 2006 1274 2043 hostiliter
1293 2007 1532 2044 Marcellum

103 2076 313 2126 potuisse?
372 2076 491 2114 Certe
521 2080 669 2126 praeter
705 2077 850 2114 moenia
897 2081 935 2114 et
972 2080 1079 2114 tecta
1117 2077 1310 2116 exhausta
1349 2079 1460 2116 urbis
1493 2078 1576 2115 ac9

103 2148 274 2185 refracta
304 2161 348 2186 ac
380 2149 552 2198 spoliata
589 2149 705 2186 deum
746 2148 928 2195 delubra,
975 2148 1035 2186 dis
1074 2149 1170 2199 ipsis
1210 2150 1532 2199 ornamentisque

103 2231 239 2256 eorum
270 2219 433 2267 ablatis,
478 2220 582 2256 nihil
624 2220 808 2257 relictum
841 2218 1047 2268 Syracusis
1078 2234 1175 2261 esse.
1235 2222 1348 2259 Bona
1380 2235 1535 2272 quoque
1556 2220 1608 2259 10

102 2290 240 2328 multis
270 2291 468 2341 adempta,
501 2292 557 2329 ita
587 2294 631 2328 ut
661 2304 710 2327 ne
740 2293 786 2329 in
815 2291 921 2329 nudo
953 2293 1116 2341 quidem
1148 2294 1231 2330 solo
1262 2294 1445 2342 reliquiis
1470 2294 1530 2330 di*

100 2364 226 2412 reptae
256 2362 424 2400 fortunae
455 2363 562 2400 alere
601 2376 684 2400 sese
725 2376 768 2399 ac
807 2377 897 2400 suos
929 2368 1101 2413 possent.
1152 2363 1286 2418 ,Orare
1325 2377 1364 2401 se
1395 2368 1531 2413 patres

101 2433 359 2483 conscriptos,
389 2438 445 2479 ut,
486 2434 521 2472 si
552 2437 752 2484 nequeant
782 2435 935 2482 omnia,
973 2435 1125 2482 saltem,
1157 2449 1245 2485 quae
1277 2439 1533 2484 compareant

101 2505 367 2554 cognoscique
384 2505 548 2555 possint,
571 2506 727 2543 restitui
745 2506 916 2543 dominis
943 2506 1116 2543 iubeant.
1163 2506 1277 2543 Talia
1293 2511 1531 2555 conquestos
1553 2507 1600 2544 11

101 2588 222 2626 quum
239 2576 430 2614 excedere
447 2591 493 2614 ex
507 2577 670 2626 temp10‚
692 2580 736 2614 ut
753 2577 800 2614 de
824 2578 1036 2626 postulatis
1067 2591 1202 2615 eorum
1222 2583 1356 2628 patres
1374 2578 1529 2616 consuli

100 2650 274 2697 possent,
297 2647 486 2686 Laevinus
508 2648 698 2694 iussisset,
729 2648 947 2695 „Maneant
971 2649 1116 2685 immo⁴‘
1145 2649 1277 2698 inquit
1303 2649 1531 2696 Marcellus,
1550 2650 1599 2687 12

1212 2718 1252 2750 3*
