1789 2955
275 65 327 104 32
668 62 784 98 Liber
809 63 958 99 XXVI.
1007 65 1068 108 (A.
1094 76 1129 101 u.
1156 76 1185 100 c.
1210 65 1306 109 544.)

271 190 456 227 contione
488 189 628 237 edixit,
666 190 748 240 qui,
795 204 962 240 quorum
1002 205 1124 241 opera
1160 192 1202 230 id
1233 193 1445 230 conflatum
1477 192 1705 231 incendium

271 265 385 308 esset,
410 261 678 310 profiteretur,
705 263 912 311 praemium
938 263 1021 300 fore
1046 263 1173 301 libero
1198 264 1420 313 pecuniam,
1445 277 1557 302 servo
1584 263 1705 301 liber-

228 333 403 370 7tatem.
462 333 521 370 Eo
554 333 718 383 praemio
750 333 936 371 inductus
969 333 1261 384 Campanorum
1289 335 1544 373 Calaviorum
1569 349 1706 374 servus

270 403 432 451 (Manus
464 405 499 441 ei
531 418 672 442 nomen
705 402 808 457 erat)
841 405 1058 455 indicavit,
1101 406 1282 444 dominos
1321 410 1360 444 et
1399 407 1576 457 quinque
1606 420 1706 456 prae-

267 479 377 512 terea
404 477 568 513 iuvenes
592 477 748 514 nobiles
775 476 1008 526 Campanos,
1037 491 1204 527 quorum
1230 482 1413 528 parentes
1437 493 1460 516 a
1485 478 1531 525 Q.
1558 477 1705 516 Fulvio

272 549 401 585 securi
427 549 607 598 percussi
631 552 755 595 erant,
788 549 831 586 id
857 548 1084 586 incendium
1115 549 1268 596 fecisse,
1301 551 1501 600 vulgoque
1532 550 1706 588 facturos

221 620 245 655 8
263 620 354 666 alia,
378 620 419 656 ni
438 620 835 670 comprehendantur.
883 620 1170 670 Comprehensi
1194 621 1270 671 ipsi
1294 622 1536 670 familiaeque
1554 635 1702 659 eorum.

267 690 323 728 Et
338 692 467 741 primo
485 692 718 730 elevabatur
734 692 853 729 index
879 692 1174 742 indiciumque:
1205 693 1339 742 pridie
1363 706 1452 730 eum
1469 693 1703 730 verberibus

266 763 506 812 castigatum
538 764 588 801 ab
621 764 793 801 dominis
826 764 1076 810 discessisse3
1109 778 1180 814 per
1210 765 1311 802 iram
1341 778 1386 802 ac
1416 765 1623 803 levitatem
1655 778 1704 802 ex

224 835 307 872 9re
338 835 505 872 fortuita
537 836 685 873 crimen
717 840 1004 882 commentum3
1051 840 1227 874 ceterum
1267 840 1311 873 ut
1352 849 1485 874 coram
1515 849 1703 885 coargue-

264 907 412 945 bantur
453 910 492 944 et
523 907 693 956 quaestio
726 921 773 944 ex
813 907 1007 944 ministris
1038 907 1228 945 facinoris
1266 908 1352 945 foro
1391 907 1522 945 medio
1561 907 1703 945 haberi

265 981 395 1028 coepta
426 982 497 1025 est,
527 978 623 1015 fassi
656 991 804 1025 omneS‚
844 983 964 1028 atque
996 980 1036 1016 in
1068 979 1249 1017 dominos
1279 993 1493 1029 servosque
1525 979 1704 1017 conscios

264 1050 585 1088 animadversum
617 1053 692 1097 est;
726 1051 852 1087 indici
884 1050 1051 1089 libertas
1083 1051 1177 1089 data
1208 1054 1247 1088 et
1270 1051 1415 1100 viginti
1446 1051 1575 1089 millia
1601 1051 1703 1089 aeris.

195 1122 246 1158 10
379 1121 544 1159 Consuli
560 1122 724 1161 Laevino
743 1122 920 1172 Capuam
938 1124 1196 1172 praetereunti
1222 1123 1462 1161 circumfusa
1488 1123 1702 1161 multitudo

265 1192 559 1243 Campanorum
591 1197 662 1240 est,
693 1194 987 1231 obsecrantium
1021 1208 1109 1231 cum
1136 1195 1327 1241 lacrimis,
1359 1197 1404 1231 ut
1428 1194 1506 1231 sibi
1533 1194 1701 1231 Romam

261 1264 312 1302 ad
329 1269 509 1302 senatum
528 1266 586 1302 ire
612 1266 752 1303 liceret
768 1269 935 1313 oratum,
959 1267 993 1303 si
1012 1280 1090 1316 qua
1115 1266 1390 1304 misericordia
1405 1266 1566 1303 tandem
1592 1266 1701 1303 flecti

260 1340 437 1386 possent,
464 1350 512 1374 ne
538 1350 578 1374 se
605 1337 656 1374 ad
679 1338 864 1375 ultimum
880 1337 1084 1387 perditum
1109 1339 1214 1375 irent
1238 1351 1461 1387 nomenque
1479 1337 1700 1387 Campano-

190 1407 209 1444 1
221 1409 238 1444 1
258 1422 345 1445 rum
362 1422 385 1446 a
402 1407 449 1455 Q.
467 1409 611 1446 Flacco
639 1409 764 1446 deleri
781 1410 970 1447 sinerent.
1002 1410 1171 1447 Flaccus
1197 1410 1278 1447 sibi
1304 1410 1501 1459 privatam
1519 1409 1700 1446 simulta-

255 1483 336 1517 tem
349 1493 436 1517 cum
449 1480 664 1530 Campanis
676 1494 822 1529 negare
838 1483 961 1519 ullam
981 1495 1084 1528 esse3
1102 1481 1700 1532 publicasinimicitiashostiles

256 1554 295 1589 et
326 1565 410 1589 esse
442 1555 481 1588 et
525 1552 693 1598 futuras,
741 1554 873 1602 quoad
915 1566 960 1590 eo
992 1553 1123 1590 animo
1156 1567 1239 1591 esse
1270 1566 1366 1602 erga
1395 1553 1587 1602 populum
1618 1552 1700 1589 Ro-

189 1623 239 1659 12
258 1636 417 1660 manum
449 1624 590 1671 sciret;
635 1624 787 1661 nullam
828 1625 931 1662 enim
972 1625 1013 1662 in
1042 1625 1163 1662 terris
1202 1628 1360 1673 gentem
1400 1637 1495 1671 esse,
1541 1624 1699 1661 nullum

257 1695 506 1732 infestiorem
539 1696 732 1745 populum
765 1696 916 1734 nomini
947 1696 1140 1735 Romano.
1201 1697 1300 1734 Ideo
1341 1710 1380 1734 se
1410 1696 1606 1734 moenibus
1638 1695 1698 1732 in-

254 1767 385 1805 clusos
411 1771 546 1805 tenere
574 1781 662 1813 eos:
697 1768 857 1817 quippe,
891 1768 924 1805 si
954 1768 1023 1817 qui
1049 1769 1267 1806 evasissent
1292 1769 1439 1818 aliqua,
1465 1768 1577 1805 velut
1593 1768 1696 1804 feras

251 1839 402 1876 bestias
419 1853 492 1889 per
509 1852 627 1888 agros
643 1839 785 1888 vagari
803 1842 840 1876 et
856 1839 1007 1877 laniare
1039 1843 1078 1877 et
1094 1840 1308 1888 trucidare,
1335 1840 1601 1890 quodcunque
1627 1838 1697 1876 ob-

188 1910 238 1947 13
254 1910 365 1948 vium
382 1910 521 1958 detur,
551 1912 652 1948 alios
669 1911 718 1948 ad
734 1911 1006 1948 Hannibalem
1022 1912 1301 1961 transfugisse,
1327 1913 1427 1950 alios
1456 1913 1506 1950 ad
1524 1912 1695 1949 Romam

258 1981 549 2019 incendendam
573 1984 787 2033 profectos,
833 1983 1097 2020 Inventurum
1122 1983 1162 2020 in
1186 1988 1358 2022 semusto
1382 1986 1468 2021 foro
1493 1984 1694 2021 consulem

184 2054 233 2090 14
250 2054 421 2103 vestigia
453 2054 614 2092 sceleris
639 2054 949 2105 Campanorunn
984 2054 1118 2092 Vestae
1151 2055 1274 2093 aedem
1305 2056 1474 2106 petitam
1507 2059 1545 2092 et
1580 2059 1692 2093 aeter-

253 2139 324 2163 nos
356 2126 469 2175 ignes
502 2130 542 2163 et
572 2128 776 2164 conditum
808 2127 850 2164 in
878 2126 1076 2177 penetrali
1107 2127 1229 2164 fatale
1255 2127 1399 2177 pignus
1426 2127 1586 2177 imperii
1611 2127 1691 2165 Ro-

252 2197 372 2236 mani.
435 2197 486 2235 Se
516 2198 679 2235 minime
712 2211 870 2236 censere
902 2202 1034 2235 tutum
1065 2211 1162 2245 esse,
1209 2198 1422 2248 Campanis
1453 2195 1713 2248 potestatem¹

181 2267 230 2304 15
249 2268 427 2306 intrandi
445 2268 628 2306 Romana
644 2270 790 2307 moenia
813 2270 913 2308 fieri.
956 2270 1146 2308 Laevinus
1164 2270 1387 2320 Campanos
1410 2271 1496 2308 iure
1520 2269 1689 2308 iurando

251 2353 274 2377 a
299 2340 446 2378 Flacco
475 2340 649 2388 adactos,
676 2341 817 2390 quinto
844 2341 919 2388 die,
945 2354 1062 2390 quam
1087 2342 1136 2378 ab
1162 2345 1299 2379 senatu
1321 2355 1555 2391 responsum
1580 2354 1688 2379 acce-

187 2411 236 2447 16
254 2412 419 2462 pissent,
465 2411 640 2462 Capuam
683 2413 895 2459 redituros,
943 2413 1058 2462 sequi
1102 2426 1142 2450 se
1187 2414 1356 2451 Romam
1400 2414 1526 2450 iussit.
1599 2413 1688 2452 Hac

250 2483 514 2521 circumfusus
540 2484 810 2529 multitudine,
838 2484 956 2521 simul
984 2483 1132 2522 Siculis
1155 2485 1311 2524 obviam
1339 2485 1508 2534 egressis
1525 2485 1688 2522 secutis-

251 2567 327 2604 que
343 2552 522 2602 Romam,
538 2556 712 2605 praebuit
720 2557 891 2603 speciem
910 2558 1122 2603 querentis
1139 2558 1186 2595 de
1199 2557 1511 2595 clarissimarum
1527 2557 1686 2595 urbium
