1789 2955
216 91 269 128 84
614 85 726 119 Liber
751 83 918 118 XXVII.
968 83 1027 128 (A.
1053 95 1088 117 u.
1114 94 1143 117 c.
1170 83 1265 125 545.)

216 226 286 262 per
317 212 462 250 tumuli
495 213 660 262 obliqua
684 212 725 248 in
743 224 860 260 agros
877 211 1012 248 ferret.
1058 210 1152 259 Ipse
1177 209 1395 259 expeditos,
1428 209 1496 258 qui
1522 208 1655 258 pridie

215 286 406 322 stationes
437 284 611 321 hostium
656 284 916 333 pepulerant,
963 282 1013 319 ad
1058 282 1183 320 levem
1231 284 1473 318 armaturam
1518 279 1656 316 infimo

143 359 187 394 11
210 360 380 394 stantem
412 356 626 406 supercilio
674 355 796 392 ducit.
864 354 945 391 Per
975 357 1136 403 aspreta
1179 353 1364 402 primum,
1411 352 1513 390 nihil
1543 351 1655 389 aliud

216 442 334 478 quam
350 429 418 466 via
436 427 629 477 impediti,
648 427 748 472 iere;
780 425 925 463 deinde
951 429 995 462 ut
1020 425 1094 461 sub
1112 425 1233 462 ictum
1261 428 1465 471 venerunt,
1481 424 1656 461 telorum

145 502 194 538 12
213 501 344 551 primo
378 500 506 537 omnis
531 499 688 547 generis
712 498 772 534 vis
806 498 945 547 ingens
974 496 1098 534 effusa
1130 497 1171 533 in
1203 510 1266 534 eos
1291 500 1370 543 est;
1404 496 1482 546 ipsi
1515 499 1655 533 contra

218 586 326 618 saxa,
358 584 446 620 quae
468 571 578 608 locus
610 573 736 607 strata
762 571 922 619 passim,
954 569 1086 606 omnia
1126 569 1247 605 ferme
1279 567 1461 614 missilia,
1491 567 1658 616 praebet,

224 645 418 692 ingerere,
449 657 529 680 non
546 642 694 679 milites
726 642 865 689 solum,
897 641 966 679 sed
999 640 1117 677 etiam
1141 640 1260 677 turba
1277 640 1459 676 calonum
1475 639 1657 676 immixta

152 718 200 753 13
220 715 395 753 armatis.
443 714 630 751 Ceterum
663 727 890 763 quanquam
918 712 1131 749 adscensus
1149 710 1325 748 difficilis
1351 714 1437 748 erat
1463 715 1502 748 et
1530 724 1657 760 prope

221 787 494 825 obruebantur
510 786 603 823 telis
620 786 818 835 saxisque,
836 783 1092 822 assuetudine
1118 786 1251 820 tamen
1269 783 1506 821 succedendi
1522 796 1658 819 muros

148 861 195 896 14
217 862 257 896 et
287 858 513 908 pertinacia
530 857 653 895 animi
670 857 881 894 subierunt
905 855 1036 905 primi.
1086 854 1165 901 Qui
1195 856 1313 892 simul
1346 868 1487 905 cepere
1503 854 1657 904 aliquid

216 931 320 980 aequi
339 931 428 977 loci,
453 930 524 967 ubi
542 930 654 967 firmo
683 929 948 967 consisterent
963 927 1104 975 gradU,
1136 928 1262 964 levem
1280 931 1319 964 et
1337 929 1657 965 concursatorem

216 1004 368 1039 hostem
397 1006 516 1051 atque
541 1002 756 1039 intervallo
787 1004 928 1046 tutum,
962 1012 1083 1048 quum
1110 999 1249 1048 procul
1272 999 1491 1036 missilibus
1521 1011 1658 1048 pugna

217 1074 407 1120 eluditur,
439 1073 668 1110 instabilem
701 1072 869 1110 eundem
917 1071 967 1108 ad
999 1071 1179 1108 cominus
1213 1070 1475 1108 conserendas
1507 1083 1660 1117 manus,

216 1146 460 1196 expulerunt
489 1146 575 1182 loco
609 1148 647 1182 et
679 1158 766 1181 cum
800 1144 904 1181 caede
935 1156 1079 1192 magna
1118 1144 1158 1180 in
1190 1143 1314 1180 aciem
1346 1142 1490 1180 altiore
1522 1156 1657 1192 super-

151 1220 197 1255 15
218 1222 387 1256 stantem
403 1217 557 1254 tumulo
574 1217 788 1266 impegere.
837 1216 936 1253 Inde
953 1215 1104 1265 Scipio,
1130 1215 1248 1252 iussis
1274 1214 1462 1252 adversus
1487 1214 1659 1252 mediam

217 1290 386 1328 evadere
420 1289 543 1326 aciem
574 1288 815 1335 victoribus,
848 1291 998 1325 ceteras
1044 1286 1178 1336 copias
1211 1300 1297 1324 cum
1329 1286 1456 1324 Laelio
1502 1285 1659 1333 dividit,

216 1366 334 1412 atque
368 1375 457 1399 eum
488 1364 601 1411 parte
648 1360 789 1397 dextra
834 1359 978 1396 tumuli
1026 1359 1246 1406 circumire,
1293 1359 1418 1396 donec
1463 1358 1661 1396 mollioris

217 1435 430 1472 adscensus
447 1434 552 1471 viam
580 1431 792 1480 inveniret,
827 1431 953 1478 iubet;
986 1431 1070 1480 ipse
1097 1431 1145 1468 ab
1172 1432 1282 1478 laeva,
1315 1431 1527 1468 circumitu
1550 1429 1660 1468 haud

149 1508 194 1543 lo·
214 1519 374 1555 magno,
422 1506 463 1542 in
509 1508 758 1542 transversos
798 1504 931 1541 hostes
962 1503 1145 1540 incurrit.
1206 1502 1307 1539 Inde
1339 1503 1467 1552 primo
1497 1503 1660 1539 turbata

216 1578 321 1614 acies
354 1581 424 1624 est,
457 1577 550 1614 dum
583 1576 633 1614 ad
666 1576 1025 1613 circumsonantem
1057 1574 1235 1623 undique
1262 1574 1476 1612 clamorem
1501 1574 1661 1612 flectere

144 1651 192 1686 17
215 1663 365 1687 cornua
397 1652 436 1686 et
469 1650 678 1687 obvertere
711 1647 870 1685 ordines
900 1647 1052 1684 volunt.
1113 1646 1201 1683 Hoc
1233 1647 1408 1683 tumultu
1439 1650 1479 1684 et
1510 1646 1660 1684 Laelius

217 1722 359 1767 subiit,
390 1726 429 1759 et
461 1722 554 1758 dum
585 1721 727 1770 pedem
759 1721 949 1765 referunt,
995 1732 1044 1756 ne
1090 1719 1139 1755 ab
1184 1721 1297 1766 tergo
1343 1718 1660 1764 vulnerarentur,

218 1794 352 1831 laxata
383 1794 514 1843 prima
546 1793 648 1830 acies
679 1793 870 1842 locusque
911 1791 962 1828 ad
1003 1790 1252 1829 evadendum
1298 1794 1338 1827 et
1368 1790 1509 1827 mediis
1542 1789 1660 1826 datus

150 1866 200 1902 18
219 1869 289 1912 est,
320 1866 390 1914 qui
420 1879 492 1915 per
521 1867 604 1901 tam
637 1865 818 1914 iniquum
844 1865 987 1911 locum,
1018 1863 1218 1900 stantibus
1250 1862 1420 1912 integris
1452 1861 1660 1899 ordinibus

152 1940 198 1974 19
217 1937 522 1987 elephantisque
554 1940 645 1974 ante
691 1937 806 1985 signa
837 1936 989 1982 locatis,
1021 1948 1225 1984 nunquam
1250 1934 1480 1972 evasissent.
1526 1934 1659 1981 Quum

218 2009 266 2046 ab
284 2009 390 2046 omni
414 2012 529 2058 parte
554 2008 680 2046 caedes
704 2008 829 2055 fieret,
854 2007 1000 2057 Scipio,
1030 2007 1099 2056 qui
1126 2006 1225 2043 laevo
1253 2019 1377 2043 cornu
1402 2007 1444 2043 in
1475 2005 1660 2043 dextrum

150 2083 201 2118 20
221 2081 508 2127 incucurrerat,
524 2081 693 2118 maxime
713 2081 754 2117 in
772 2079 879 2117 nuda
903 2079 1030 2116 latera
1055 2078 1230 2116 hostium
1252 2077 1478 2127 pugnabat3
1512 2080 1552 2114 et
1581 2077 1661 2114 iam

219 2166 267 2189 ne
284 2152 389 2201 fugae
416 2152 576 2201 quidem
604 2152 770 2201 patebat
801 2152 929 2197 locus;
960 2164 1051 2188 nam
1080 2153 1119 2187 et
1145 2150 1339 2187 stationes
1364 2149 1554 2198 utrinque
1579 2148 1659 2186 Ro-

217 2237 345 2261 manae
378 2224 520 2260 dextra
552 2225 733 2273 laevaque
779 2224 1009 2261 insederant
1048 2222 1146 2268 vias,
1194 2226 1232 2259 et
1274 2225 1392 2271 porta
1438 2223 1660 2258 castrorum

219 2295 332 2332 ducis
363 2295 670 2345 principumque
702 2296 798 2344 fuga
830 2296 965 2332 clausa
989 2297 1084 2340 erat,
1116 2293 1257 2331 addita
1283 2293 1555 2343 trepidatione
1580 2291 1660 2328 ele-

220 2367 476 2416 phantorum,
508 2381 606 2416 quos
637 2367 800 2404 territos
832 2379 943 2415 aeque
975 2369 1095 2415 atque
1126 2366 1259 2403 hostes
1290 2365 1498 2403 timebant.
1548 2363 1660 2401 Caesa

222 2438 349 2487 igitur
381 2439 431 2475 ad
465 2442 553 2476 octo
585 2439 711 2476 millia
742 2438 957 2476 hominum.

91 2506 140 2553 19
227 2547 233 2554 ,
337 2510 583 2558 Hasdrubal,
614 2512 692 2548 iam
709 2514 811 2556 ante,
843 2522 962 2559 quam
988 2509 1211 2556 dimicaret,
1243 2508 1413 2559 pecunia
1436 2510 1551 2556 rapta
1582 2506 1660 2543 ele-

219 2582 465 2630 phantisque
483 2583 710 2631 praemissis,
730 2595 848 2631 quam
865 2581 1060 2631 plurimos
1079 2584 1238 2631 poterat
1263 2581 1311 2618 de
1328 2581 1422 2629 fuga
1441 2579 1659 2628 excipiens,

173 2655 362 2702 {Zpraeter
393 2653 550 2702 Tagum
581 2654 727 2692 flumen
764 2653 814 2691 ad
846 2653 1084 2702 Pyrenaeum
1123 2652 1267 2691 tendit.
1340 2650 1477 2702 Scipio
1518 2650 1660 2689 castris
