1789 2955
235 67 289 105 88
625 64 742 99 Liber
766 63 935 99 XXVII.
973 66 1034 109 (A.
1061 77 1095 99 u.
1122 76 1151 100 c.
1177 66 1274 110 546.)

231 191 455 230 instaurati.
523 191 684 229 AEdiles
729 192 886 229 curules
931 192 1040 230 fuere
1072 191 1119 230 L.
1150 192 1360 231 Cornelius
1394 193 1600 231 Caudinus
1632 198 1671 231 et

235 262 319 300 Ser.
352 262 557 312 Sulpicius
590 261 732 310 Galba,
761 263 913 313 plebeii
945 262 986 300 C.
1020 262 1213 301 Servilius
1246 269 1285 302 et
1315 266 1362 313 Q.
1381 264 1570 303 Caecilius
1585 265 1670 302 Me·

164 336 216 372 10
232 334 364 372 tellus.
411 333 625 372 Servilium
641 335 843 384 negabant
875 335 961 373 iure
979 339 1048 373 aut
1063 335 1271 373 tribunum
1296 337 1424 386 plebis
1452 337 1575 374 fuisse
1602 341 1671 375 aut

233 405 386 443 aedilem
421 419 525 453 esse,
572 406 678 455 quod
709 409 862 456 patrem
897 408 1000 454 eius,
1033 421 1150 456 quem
1180 408 1437 446 triumvirum
1469 409 1671 457 agrarium

233 478 407 515 occisum
439 491 461 514 a
492 478 605 516 Boiis
636 479 744 516 circa
760 479 959 516 Mutinam
991 492 1075 516 esse
1107 479 1244 528 opinio
1276 493 1349 529 per
1381 480 1515 517 decem
1547 493 1671 517 annos

232 549 375 596 fuerat,
407 550 542 588 vivere
574 554 694 600 atque
726 551 767 588 in
798 551 974 588 hostium
992 554 1193 600 potestate
1216 565 1299 589 esse
1330 552 1426 589 satis
1450 551 1671 590 constabat.

107 620 164 669 22
346 621 568 659 Undecimo
615 636 718 660 anno
758 622 907 660 Punici
951 623 1049 660 belli
1096 623 1343 660 consulatum
1389 623 1567 660 inierunt
1612 622 1668 660 Μ.

40 690 448 753 *ὲῐῑόζζὲἓὲἶΜᾶΓοθΠηε
481 694 677 743 quintum,
708 697 754 731 ut
787 698 1019 732 numeretur
1043 695 1284 742 consulatus,
1316 708 1432 744 quem
1459 694 1559 732 vitio
1588 707 1673 731 cre-

190 764 213 799 2
233 768 321 803 atus
353 779 431 803 non
464 766 605 814 gessit,
636 770 675 803 et
705 766 750 804 T.
783 766 1000 813 Quinctius
1033 766 1254 816 Crispinus.
1309 766 1503 815 Utrisque
1535 778 1671 803 consu-

230 837 336 874 libus
368 838 494 875 Italia
524 837 684 876 decreta
728 838 940 888 provincia
986 842 1044 876 est
1091 842 1129 876 et
1168 838 1245 876 duo
1292 839 1496 876 consulum
1527 838 1674 888 prioris

232 909 327 946 anni
373 910 575 947 exercitus
621 910 784 960 (tertius
830 910 1020 948 Venusiae
1065 914 1151 947 tum
1196 914 1295 957 erat,
1342 910 1406 947 cui
1451 909 1672 947 Marcellus

232 982 478 1031 praefuerat),
511 982 568 1019 ita
590 985 635 1018 ut
652 982 848 1020 extribus
879 982 1077 1031 eligerent
1099 982 1190 1028 duo,
1223 996 1321 1031 quos
1344 983 1505 1029 vellent,
1531 982 1673 1019 tertius

231 1052 267 1089 ei
296 1053 538 1100 traderetur,
571 1054 634 1091 cui
651 1053 868 1092 Tarentum
901 1057 941 1091 et
972 1052 1189 1091 Sallentini
1221 1055 1433 1104 provincia
1465 1054 1672 1092 evenisset.

183 1125 206 1162 3
227 1124 379 1162 Ceterae
424 1125 642 1175 provinciae
684 1126 741 1162 ita
786 1126 946 1164 divisae:
993 1126 1246 1175 praetoribus,
1283 1126 1329 1164 P.
1362 1126 1520 1164 Licinio
1563 1125 1672 1163 Varo

233 1197 398 1244 urbana,
430 1197 477 1235 P.
496 1197 654 1235 Licinio
674 1197 830 1244 Crasso,
860 1197 1043 1247 pontifici
1062 1198 1248 1245 maximo,
1279 1199 1492 1248 peregrina
1523 1201 1562 1234 et
1594 1210 1672 1246 quo

232 1272 392 1306 senatus
423 1269 654 1316 censuisset,
687 1268 778 1306 SeX.
804 1269 913 1306 Iulio
946 1269 1096 1306 Caesari
1130 1268 1284 1316 Sicilia,
1316 1270 1362 1317 Q.
1392 1269 1574 1315 Claudio,
1605 1268 1673 1306 fla-

189 1341 342 1387 4mini,
373 1340 605 1378 Tarentum.
678 1340 949 1389 Prorogatum
995 1341 1207 1390 imperium
1253 1342 1294 1378 in
1341 1355 1487 1379 annum
1535 1344 1593 1378 est
1627 1341 1673 1388 Q.

232 1412 379 1450 Fulvio
412 1413 571 1459 Flacco,
604 1416 648 1450 ut
679 1412 929 1462 provinciam
962 1411 1151 1462 Capuam,
1183 1425 1271 1462 quae
1295 1413 1339 1450 T.
1358 1412 1541 1459 Quinctii
1573 1425 1672 1462 prae·

234 1485 336 1522 toris
367 1485 509 1531 fuerat,
540 1497 629 1521 cum
661 1498 740 1521 una
780 1484 941 1533 legione
982 1484 1197 1522 obtineret.
1256 1485 1525 1533 Prorogatum
1557 1488 1595 1521 et
1630 1483 1671 1521 C.

236 1556 415 1594 Hostilio
447 1555 607 1593 Tubulo
641 1559 721 1602 est,
753 1560 798 1593 ut
828 1569 900 1605 pro
947 1559 1119 1605 praetore
1167 1556 1209 1592 in
1255 1556 1461 1594 Etruriam
1493 1556 1543 1593 ad
1574 1555 1673 1592 duas

188 1626 211 1662 5
231 1627 408 1676 legiones
455 1628 686 1665 succederet
718 1628 760 1665 C.
789 1627 1020 1677 Calpurnio.
1065 1627 1336 1676 Prorogatum
1369 1632 1406 1665 et
1437 1628 1482 1667 L.
1503 1627 1673 1666 Veturio

234 1699 403 1737 Philoni
436 1703 507 1749 est,
540 1703 586 1736 ut
614 1713 687 1749 pro
719 1703 890 1749 praetore
908 1698 1087 1737 Galliam
1113 1699 1279 1737 eandem
1303 1700 1553 1750 provinciam
1585 1712 1673 1736 cum

234 1770 374 1808 iisdem
392 1770 546 1808 duabus
579 1772 806 1821 legionibus
824 1772 1036 1818 obtineret,
1067 1771 1215 1820 quibus
1246 1775 1394 1821 praetor
1425 1771 1673 1809 obtinuisset.

196 1844 218 1879 6
238 1842 356 1890 Quod
389 1843 429 1879 in
467 1843 513 1880 L.
548 1842 741 1890 Veturio,
783 1843 887 1881 idem
926 1844 967 1880 in
1000 1843 1041 1881 C.
1079 1843 1357 1881 Aurunculeio
1390 1844 1593 1881 decretum
1625 1843 1673 1881 ab

237 1918 377 1951 senatu
410 1915 614 1964 latumque
646 1915 694 1952 de
725 1915 982 1965 prorogando
1008 1915 1175 1965 imperio
1202 1915 1252 1953 ad
1277 1915 1469 1965 populum
1501 1918 1571 1961 est,
1603 1915 1672 1964 qui

237 1990 385 2036 praetor
402 1986 631 2024 Sardiniam
658 1988 906 2037 provinciam
931 2001 1019 2024 cum
1043 1987 1198 2025 duabus
1229 1987 1460 2036 legionibus
1487 1986 1671 2024 obtinue-

235 2061 308 2095 rat.
340 2057 508 2095 Additae
527 2059 564 2095 ei
583 2059 634 2095 ad
651 2060 884 2108 praesidium
900 2059 1118 2109 provinciae
1135 2059 1432 2108 quinqua-ginta
1459 2059 1589 2107 longae
1607 2071 1672 2094 na-

193 2131 214 2165 7
233 2143 311 2176 ves,
328 2142 426 2179 quas
444 2129 489 2167 P.
515 2128 651 2180 Scipio
677 2144 725 2168 ex
743 2132 945 2181 Hispania
975 2132 1156 2169 misisset.
1202 2131 1256 2168 Et
1272 2131 1319 2168 P.
1339 2129 1524 2180 Scipioni
1552 2133 1593 2167 et
1617 2129 1672 2166 M.

237 2200 374 2238 Silano
421 2214 501 2238 suae
547 2202 759 2252 Hispaniae
807 2204 948 2253 suique
987 2203 1185 2240 exercitus
1231 2203 1271 2239 in
1319 2216 1465 2239 annum
1512 2201 1674 2239 decreti.

238 2272 377 2323 Scipio
395 2287 442 2310 ex
460 2273 666 2323 octoginta
681 2275 866 2322 navibus,
898 2289 996 2324 quas
1028 2279 1097 2312 aut
1123 2287 1255 2311 secum
1282 2287 1328 2311 ex
1344 2274 1467 2310 Italia
1484 2272 1675 2310 adductas

236 2349 305 2383 aut
336 2348 470 2395 captas
503 2345 748 2394 Carthagine
789 2346 983 2395 habebat,
1031 2346 1327 2396 quinquaginta
1374 2345 1414 2382 in
1446 2344 1674 2382 Sardiniam

193 2416 506 2455 Stransmittere
539 2417 690 2465 iussus,
721 2419 817 2468 quia
847 2419 951 2455 fama
989 2422 1086 2465 erat,
1124 2430 1309 2465 magnum
1341 2417 1523 2455 navalem
1555 2430 1674 2466 appa·

235 2492 366 2526 ratum
413 2503 457 2527 eo
504 2503 608 2527 anno
641 2488 884 2539 Carthagine
932 2503 1033 2535 esse3
1082 2489 1262 2526 ducentis
1307 2487 1479 2526 navibus
1520 2501 1674 2525 omnem

197 2562 219 2595 ἕ)
239 2573 347 2597 oram
374 2560 506 2598 Italiae
533 2559 765 2611 Siciliaeque
808 2574 853 2598 ac
881 2559 1080 2598 Sardiniae
1098 2560 1345 2609 impleturos.
1391 2559 1444 2596 Et
1476 2560 1517 2596 in
1535 2558 1676 2597 Sicilia

236 2631 295 2670 ita
326 2632 456 2670 divisa
486 2646 548 2670 res
580 2636 656 2670 est:
690 2632 778 2670 Sex.
796 2632 945 2670 Caesari
977 2633 1172 2670 exercitus
1199 2630 1419 2668 Cannensis
1451 2631 1568 2668 datus
1600 2636 1675 2677 est;
