1789 2955
541 112 645 143 Liber
670 111 795 143 xxw.
835 110 889 152 (A.
918 110 978 142 ch.
1006 108 1104 150 ⁴214.)
1446 110 1527 151 211

117 245 258 282 sedem
289 244 478 281 violatam
511 255 614 287 esse,
648 249 730 280 tum
756 254 851 279 vero
875 242 996 279 etiam
1018 242 1085 290 qui
1107 248 1201 278 ante
1225 242 1336 278 dubii
1359 241 1529 285 fuerant,

117 313 305 351 defecere
328 315 383 351 ad
405 314 570 350 Poenos.
625 313 897 362 Hippocrates
920 314 1018 349 inde
1043 312 1328 361 Murgantiam,
1355 311 1529 349 Himilco
1549 310 1604 352 lO

115 379 396 436 Agrigentum}
408 396 498 421 sese
524 384 690 432 recepit,
725 395 846 432 quum
875 383 991 419 acciti
1020 395 1044 418 a
1068 382 1343 431 proditoribus
1367 382 1531 430 nequic-

117 466 237 502 quam
269 455 324 490 ad
351 453 542 491 Hennam
575 454 791 491 exercitum
826 453 1116 490 admovissent.
1178 452 1393 489 Marcellus
1424 460 1531 489 retro
1550 452 1599 492 11

114 525 156 561 in
172 523 400 561 Leontinos
423 525 540 570 redit,
567 524 850 572 frumentoque
869 529 909 560 et
925 524 1218 562 commeatibus
1238 524 1324 560 aliis
1341 524 1383 559 in
1401 528 1531 560 castra

116 595 334 640 convectis,
352 595 542 644 praesidio
560 595 727 631 modico
739 595 793 630 ibi
805 595 958 638 relicto,
978 596 1033 631 ad
1046 595 1264 644 Syracusas
1278 594 1531 631 obsidendas

115 665 236 702 venit.
294 664 396 702 Inde
420 666 526 714 App.
553 664 726 701 Claudio
749 666 922 701 Romam
947 666 1003 701 ad
1029 666 1282 702 consulatum
1307 665 1532 713 petendum
1550 662 1602 703 12

115 735 252 780 misso,
279 735 328 772 T.
348 735 580 781 Quinctium
601 735 829 784 Crispinum
853 736 895 772 in
918 736 1002 772 eius
1023 736 1156 772 locum
1175 736 1291 773 classi
1310 735 1531 782 castrisque

114 805 279 855 praeficit
309 806 532 850 veteribus;
566 807 652 855 ipse
685 806 945 843 hibernacula
977 806 1155 854 quinque
1187 806 1308 842 millia
1341 817 1530 854 passuum
1550 805 1603 844 13

115 875 162 912 ab
185 876 399 926 Hexapylo
424 874 599 928 (Leonta
623 883 771 914 vocant
788 874 936 927 locum)
963 877 1199 913 communiit
1224 877 1531 924 aedificavitque.

115 946 214 984 Haec
246 947 286 984 in
319 947 452 984 Sicilia
484 959 610 996 usque
644 949 698 983 ad
730 948 967 996 principium
1001 947 1142 983 hiemis
1174 952 1304 995 gesta.

233 1017 391 1054 Eadem
432 1023 570 1054 aestate
610 1024 649 1054 et
687 1030 777 1055 cum
809 1018 994 1067 Philippo
1027 1031 1136 1067 rege,
1180 1019 1292 1066 quod
1324 1018 1404 1054 iam
1437 1023 1531 1054 ante
1594 1013 1659 1058 40

116 1094 348 1138 suspectum
380 1088 522 1133 fuerat,
555 1094 709 1125 motum
742 1089 890 1125 bellum
923 1095 996 1125 est.
1060 1088 1203 1137 Legati
1237 1089 1287 1124 ab
1322 1087 1444 1124 Orico
1479 1087 1573 1127 ad?

114 1158 171 1196 M.
190 1158 395 1195 Valerium
412 1165 625 1207 praetorem
644 1165 851 1203 venerunt,
875 1160 1163 1208 praesidentem
1180 1160 1297 1196 classi
1315 1158 1531 1195 Brundisio

115 1228 392 1277 Calabriaeque
436 1230 541 1266 circa
579 1230 775 1274 litoribus,
818 1231 1052 1266 nuntiantes
1091 1230 1319 1279 Philippum
1362 1229 1532 1278 primum

113 1300 372 1350 Apolloniam
397 1305 590 1344 tentasse,
616 1300 757 1337 lembis
782 1301 1000 1337 biremibus
1026 1298 1188 1338 centum
1211 1300 1349 1348 viginti
1368 1300 1531 1336 flumine

114 1371 287 1407 adverso
316 1371 569 1414 subvectum;
604 1371 769 1415 deinde,
799 1376 841 1406 ut
868 1383 917 1407 ea
946 1384 1009 1408 res
1037 1372 1190 1408 tardior
1219 1383 1291 1420 spe
1320 1370 1449 1414 fuerit,
1479 1370 1573 1409 adt}

116 1441 280 1479 Oricum
297 1442 400 1479 clam
417 1446 539 1478 nocte
557 1442 774 1477 exercitum
792 1442 1037 1486 admovisse,
1058 1454 1229 1490 eamque
1242 1443 1395 1485 urbem,
1415 1442 1533 1478 sitam

113 1513 156 1549 in
186 1512 324 1561 plano,
356 1524 491 1561 neque
523 1513 724 1548 moenibus
757 1524 890 1560 neque
922 1513 1012 1549 viris
1044 1519 1166 1561 atque
1192 1513 1318 1549 armis
1343 1512 1531 1556 validam,

114 1583 244 1631 primo
276 1583 428 1631 impetu
461 1594 700 1631 oppressam
724 1595 828 1619 esse.
892 1583 991 1620 Haec
1015 1584 1247 1620 nuntiantes
1272 1583 1457 1626 orabant,
1492 1581 1575 1620 ut4

115 1665 237 1702 opem
266 1652 384 1690 ferret
412 1653 652 1700 hostemque
680 1653 790 1689 haud
818 1654 984 1689 dubium
1010 1654 1206 1690 Romanis
1232 1653 1330 1688 mari
1355 1664 1402 1690 ac
1428 1658 1532 1688 terra

113 1723 321 1760 maritimis
363 1723 526 1760 urbibus
568 1729 735 1768 arceret,
785 1736 872 1771 quae
913 1725 966 1759 ob
1004 1725 1155 1760 nullam
1194 1724 1314 1760 aliam
1354 1735 1531 1767 causam,

113 1794 189 1831 nisi
217 1795 331 1842 quod
357 1794 614 1830 imminerent
640 1793 776 1838 Italiae,
811 1800 1055 1842 peterentur.
1111 1794 1166 1830 M.
1197 1794 1395 1838 Valerius,
1430 1794 1573 1833 duo-5

114 1877 200 1900 rum
242 1865 407 1900 millium
446 1865 637 1913 praesidio
681 1865 817 1900 relicto
854 1865 1147 1913 praepositoque
1187 1865 1244 1901 eis
1284 1865 1327 1901 P.
1368 1864 1532 1901 Valerio

113 1935 263 1983 legato,
292 1946 382 1971 cum
413 1935 541 1972 classe
567 1936 762 1972 instructa
785 1942 1008 1984 parataque
1032 1941 1084 1980 et,
1113 1936 1226 1983 quod
1250 1936 1383 1984 longae
1408 1948 1532 1972 naves

114 2005 280 2041 militum
313 2016 460 2053 capere
491 2018 578 2042 non
609 2012 812 2054 poterant,
845 2007 887 2042 in
920 2007 1127 2043 onerarias
1159 2006 1371 2055 impositis,
1405 2007 1531 2043 altero

115 2076 182 2111 die
210 2073 374 2112 Oricum
403 2077 606 2124 pervenit;
648 2077 868 2125 urbemque
897 2089 1000 2121 eam,
1031 2077 1105 2113 levi
1133 2083 1299 2113 tenente
1327 2077 1531 2125 praesidio,
1548 2077 1572 2116 6

115 2146 228 2194 quod
259 2147 457 2183 recedens
489 2147 586 2183 inde
618 2159 696 2182 rex
727 2147 952 2195 reliquerat,
987 2147 1097 2183 haud
1129 2159 1280 2196 magno
1313 2148 1532 2184 certamine

114 2216 280 2265 recepit.
328 2216 472 2265 Legati
499 2229 550 2254 eo
575 2218 627 2253 ab
651 2218 870 2266 Apollonia
895 2224 1105 2262 venerunt,
1134 2218 1369 2254 nuntiantes
1394 2219 1435 2254 in
1460 2219 1532 2254 ob-
1549 2217 1570 2256 7

115 2287 277 2324 sidione
309 2299 412 2332 sese,
446 2289 560 2336 quod
584 2287 759 2324 deficere
784 2288 835 2324 ab
859 2289 1056 2325 Romanis
1080 2289 1247 2333 nollent,
1282 2300 1372 2325 esse
1398 2300 1531 2336 neque

115 2358 312 2395 sustinere
336 2359 438 2394 ultra
461 2359 540 2394 vim
557 2358 834 2395 Macedonum
852 2370 988 2407 posse,
1014 2359 1089 2395 nisi
1107 2359 1338 2407 praesidium
1356 2359 1532 2395 mittatur

115 2428 359 2465 Romanum.
421 2429 635 2466 Facturum
664 2441 720 2473 se,
750 2441 838 2477 quae
866 2429 1026 2473 vellent,
1055 2429 1268 2478 pollicitus,
1301 2430 1383 2466 duo
1412 2429 1571 2468 millia&

116 2498 366 2536 delectorum
407 2500 573 2536 militum
602 2500 770 2536 navibus
799 2500 931 2548 longis
958 2500 1076 2536 mittit
1104 2500 1158 2536 ad
1185 2500 1330 2536 ostium
1359 2499 1532 2535 fluminis

117 2580 207 2606 cum
231 2569 423 2618 praefecto
449 2570 602 2607 socium
629 2570 680 2616 Q.
705 2569 844 2606 Naevio
864 2569 1007 2614 Crista,
1033 2571 1116 2606 viro
1141 2570 1313 2618 impigro
1338 2575 1378 2605 et
1402 2569 1531 2617 perito

117 2639 277 2676 militiae.
334 2639 386 2685 Is,
415 2641 608 2688 expositis
636 2641 676 2676 in
703 2647 847 2677 terram
876 2641 1063 2676 militibus
1091 2640 1341 2687 navibusque
1369 2638 1532 2676 Oricum
1547 2640 1572 2678 ξ)

1186 2706 1248 2740 14*
