1789 2955
246 117 329 158 190
664 117 768 148 Liber
792 117 916 148 XXIV.
961 119 1015 159 (A.
1037 128 1068 148 u.
1093 128 1120 148 c.
1141 118 1234 160 540.)

243 260 381 284 corum
415 248 584 284 Fabium
624 248 775 284 fefellit.
844 248 985 297 Itaque
1017 249 1163 286 Nolam
1203 251 1257 286 ad
1291 251 1487 299 collegam
1521 252 1655 289 mittit:

242 318 368 354 altero
402 318 590 363 exercitu,
629 319 725 354 dum
760 318 978 355 Casilinum
1012 325 1282 368 oppugnatur,
1316 332 1419 369 opus
1452 334 1555 366 esse,
1589 323 1656 370 qui

199 387 226 426 4
242 386 461 435 Campanis
487 394 737 436 opponatur;
763 389 823 425 vel
845 390 945 438 ipse,
971 391 1109 426 relicto
1128 389 1243 426 Nolae
1267 391 1456 438 praesidio
1475 393 1653 436 modico,

241 458 406 502 veniret,
432 459 506 502 vel,
533 458 564 494 si
589 471 681 494 eum
706 458 810 495 Nola
835 465 991 496 teneret
1013 461 1189 497 necdum
1214 472 1364 497 securae
1388 473 1451 498 res
1476 463 1526 498 ab
1545 462 1657 499 Han-

240 528 374 564 nibale
392 535 541 572 essent,
561 540 604 564 se
622 528 686 565 Ti.
706 528 935 566 Gracchum
953 531 1239 578 proconsulem
1257 543 1280 566 a
1298 530 1534 569 Benevento
1553 534 1656 570 acci-

199 598 225 635 ἵ)
241 603 384 634 turum.
434 597 525 635 Hoc
550 600 692 636 nuntio
716 599 942 645 Marcellus,
969 601 1129 637 duobus
1154 601 1320 637 militum
1346 602 1518 639 millibus
1542 602 1656 640 Nolae

240 669 280 704 in
304 668 494 716 praesidio
518 670 678 714 relictis,
709 683 798 707 cum
824 677 959 707 cetero
985 671 1160 707 exercitu
1185 670 1406 707 Casilinum
1434 673 1554 717 venit,
1584 674 1655 709 ad-

198 737 223 778 6
239 744 440 786 ventuque
465 739 549 776 eius
568 739 768 789 Campani
791 742 872 777 iam
894 747 1104 777 moventes
1123 753 1213 777 sese
1232 742 1479 789 quieverunt.
1527 743 1587 780 Ita
1605 745 1655 780 ab

238 809 400 845 duobus
433 811 666 847 consulibus
699 810 920 847 Casilinum
953 812 1179 859 oppugnari
1213 813 1348 860 coepit.
1422 811 1501 848 Ubi
1534 824 1656 861 quum

238 880 361 915 multa
387 881 654 918 succedentes
679 887 829 918 temere
854 882 1056 918 moenibus
1074 883 1248 918 Romani
1265 882 1409 918 milites
1427 883 1657 930 acciperent

238 950 413 994 vulnera,
440 963 573 998 neque
597 952 692 988 satis
716 953 921 1000 inceptum
946 953 1195 997 succederet,
1222 952 1369 988 Fabius
1388 953 1656 988 omittendam

238 1032 322 1055 rem
344 1032 509 1068 parvam
533 1034 580 1058 ac
603 1023 712 1058 iuxta
738 1024 894 1071 magnis
923 1022 1127 1059 difficilem
1150 1024 1541 1071 abscedendumque
1558 1024 1655 1059 inde

199 1090 220 1129 7
239 1092 444 1137 censebat,
472 1104 593 1139 quum
610 1105 673 1129 res
691 1094 865 1129 maiores
883 1094 1097 1138 instarent;
1125 1092 1337 1129 Marcellus
1355 1093 1480 1129 multa
1497 1094 1655 1142 magnis

238 1161 408 1198 ducibus
434 1163 535 1198 sicut
560 1174 644 1198 non
663 1165 958 1211 aggredienda,
984 1164 1039 1199 ita
1057 1164 1180 1199 semel
1199 1164 1400 1211 aggressis
1419 1176 1504 1200 non
1523 1165 1654 1200 dimit-

237 1233 363 1268 tenda
387 1244 477 1269 esse
504 1233 696 1278 dicendo,
723 1235 816 1281 quia
840 1246 988 1282 magna
1012 1233 1129 1269 famae
1155 1239 1362 1270 momenta
1387 1234 1428 1270 in
1446 1240 1655 1282 utramque

197 1302 221 1342 8
237 1309 392 1350 partem
417 1303 570 1348 fierent,
597 1305 736 1349 tenuit,
763 1318 813 1341 ne
838 1305 946 1340 irrito
971 1305 1136 1352 incepto
1163 1304 1349 1340 abiretur.
1398 1296 1540 1341 Vineae
1557 1305 1655 1341 inde

238 1373 455 1420 omniaque
489 1373 566 1409 alia
599 1386 767 1422 operum
800 1375 1225 1422 machinationumque
1257 1387 1409 1422 genera
1433 1388 1556 1423 quum
1583 1377 1655 1412 ad·

236 1449 504 1488 moverentur,
540 1443 819 1494 Campanique
852 1446 1021 1481 Fabium
1054 1450 1228 1487 orarent,
1262 1450 1305 1481 ut
1337 1446 1446 1482 abire
1471 1446 1654 1494 Capuam

196 1514 323 1553 9tuto
357 1514 505 1558 liceret,
539 1516 678 1563 paucis
707 1517 892 1564 egressis,
927 1515 1139 1552 Marcellus
1162 1521 1334 1563 portam,
1371 1528 1449 1564 qua
1472 1517 1655 1564 egredie—

237 1585 394 1628 bantur,
423 1587 647 1633 occupavit,
675 1587 889 1635 caedesque
914 1587 1143 1634 promiscue
1169 1586 1347 1622 omnium
1374 1587 1478 1623 circa
1496 1593 1655 1635 portam

236 1655 380 1703 primo,
405 1656 572 1700 deinde,
597 1657 818 1705 irruptione
845 1658 963 1700 facta,
991 1657 1112 1692 ctiam
1136 1656 1177 1692 in
1203 1657 1300 1692 urbe
1325 1657 1408 1692 fieri
1427 1664 1561 1705 coepta
1581 1663 1652 1694 est.

168 1725 222 1766 10
237 1720 543 1774 Quinquaginta
567 1727 650 1763 fere
674 1729 804 1776 primo
829 1727 980 1776 egressi
1005 1726 1320 1776 Campanorum,
1355 1740 1476 1775 quum
1502 1728 1556 1763 ad
1580 1728 1654 1764 Fa·

237 1796 345 1831 bium
368 1796 659 1845 confugissent,
683 1799 873 1847 praesidio
897 1798 981 1834 eius
1005 1797 1188 1845 Capuam
1211 1804 1492 1846 pervenerunt.
1542 1797 1654 1834 Casi—

237 1867 360 1902 linum
391 1867 495 1903 inter
527 1868 729 1916 colloquia
763 1869 1146 1916 cunctationemque
1178 1870 1401 1916 petentium
1434 1868 1556 1904 fidem
1583 1879 1654 1916 per

169 1938 219 1976 11
237 1938 499 1974 occasionem
524 1944 684 1986 captum
710 1945 783 1983 est,
810 1938 1036 1986 captivique
1055 1937 1358 1987 Campanorum
1376 1939 1524 1987 quique
1542 1938 1653 1974 Han-

237 2007 381 2043 nibalis
409 2008 575 2043 militum
605 2014 731 2052 erant,
766 2009 939 2044 Romam
966 2008 1075 2044 missi
1104 2014 1224 2056 atque
1253 2009 1307 2044 ibi
1335 2009 1375 2045 in
1405 2021 1564 2045 carcere
1594 2009 1653 2044 in-

237 2078 334 2113 clusi
360 2085 470 2121 sunt;
498 2079 796 2126 oppidanorum
822 2079 937 2114 turba
961 2091 1031 2126 per
1055 2078 1244 2115 finitimos
1269 2080 1444 2128 populos
1461 2080 1502 2115 in
1520 2085 1652 2116 custo—

237 2148 347 2183 diam
380 2148 521 2184 divisa.

111 2215 172 2259 20
355 2218 511 2264 Quibus
537 2219 680 2255 diebus
705 2231 728 2254 a
747 2219 926 2255 Casilino
951 2231 993 2254 re
1018 2219 1123 2255 bene
1141 2225 1256 2267 gesta
1273 2231 1476 2256 recessum
1495 2224 1568 2263 est,
1595 2219 1651 2256 eis

238 2288 446 2325 Gracchus
485 2289 526 2324 in
558 2288 732 2325 Lucanis
773 2289 925 2336 aliquot
965 2289 1154 2325 cohortes
1193 2290 1235 2325 in
1273 2301 1323 2325 ea
1354 2289 1522 2337 regione
1555 2301 1652 2325 con·

238 2359 405 2408 scriptas
446 2371 536 2395 cum
574 2358 766 2407 praefecto
807 2359 961 2395 socium
993 2359 1034 2394 in
1066 2370 1187 2407 agros
1220 2359 1395 2395 hostiurn
1426 2359 1651 2407 praedatum

197 2429 223 2469 2
238 2429 355 2465 misit.
404 2429 488 2466 Eos
506 2429 631 2465 effuse
648 2429 806 2476 palatos
820 2428 972 2465 Hanno
990 2429 1158 2465 adortus
1175 2429 1285 2464 haud
1302 2429 1427 2465 multo
1439 2429 1649 2473 minorem,

237 2512 359 2547 quam
381 2500 435 2535 ad
453 2499 728 2535 Beneventum
753 2506 979 2547 acceperat,
1005 2499 1185 2535 reddidit
1208 2499 1314 2536 hosti
1332 2499 1504 2543 cladem,
1529 2504 1651 2546 atque

197 2568 222 2609 3
237 2570 277 2605 in
294 2569 470 2606 Bruttios
488 2569 645 2617 raptim,
669 2580 720 2604 ne
739 2567 947 2604 Gracchus
965 2575 1257 2616 assequeretur,
1277 2570 1491 2605 concessit.
1541 2567 1650 2605 Con—

238 2639 343 2676 sules
367 2639 580 2675 Marcellus
604 2643 724 2683 retro,
759 2639 868 2674 unde
893 2644 1069 2683 venerat,
1103 2638 1249 2675 Nolam
1272 2639 1403 2683 rediit,
1438 2638 1585 2675 Fabius
1608 2639 1648 2675 in
