1789 2955
269 141 352 182 154
689 138 794 169 Liber
813 137 939 168 XXIII.
984 136 1038 179 (A.
1060 148 1089 168 u.
1110 148 1138 168 c.
1154 137 1252 179 539.)

267 277 381 307 catos
400 270 677 319 permissuque
695 269 874 306 Marcelli
894 281 1080 318 egressos
1097 281 1168 318 per
1186 269 1443 317 interpretem
1459 268 1683 315 alloquitur.

207 341 510 381 lllHannibalis
553 340 735 376 virtutem
783 339 1067 388 fortunamque
1114 339 1284 383 extollit;
1333 339 1471 388 populi
1512 338 1686 374 Romani

204 413 251 451 11
272 412 418 448 obterit
456 416 736 448 senescentem
780 422 870 446 cum
903 411 1048 447 viribus
1082 411 1348 446 maiestatem.
1419 409 1519 455 Quae
1553 409 1584 446 si
1617 422 1687 458 pa-

268 483 325 518 ria
355 488 505 527 essent,
535 487 577 517 ut
600 482 808 529 quondam
836 481 1018 526 fuissent,
1046 486 1182 517 tamen
1208 480 1394 529 expertis,
1424 491 1543 527 quam
1566 491 1687 528 grave

270 554 500 590 Romanum
539 552 749 601 imperium
790 552 923 597 sociis,
965 557 1116 600 quanta
1157 550 1409 599 indulgentia
1448 543 1696 586 Hannibalis*

271 624 389 660 etiam
415 624 456 659 in
481 623 663 671 captivos
690 635 832 659 omnes
858 622 981 659 Italici
1007 621 1184 658 nominis
1212 621 1364 666 fuisset,
1391 621 1583 657 Punicam
1608 621 1689 656 Ro-

205 694 400 734 12manae
439 694 677 730 societatem
715 699 836 742 atque
877 693 1093 729 amicitiam
1127 692 1436 740 praeoptandam
1469 703 1573 728 esse.
1651 691 1689 726 Si

271 766 392 802 ambo
422 765 611 802 consules
636 777 725 802 cum
751 764 831 814 suis
859 763 1097 799 exercitibus
1125 763 1180 798 ad
1203 762 1351 798 Nolam
1377 767 1525 806 essent,
1555 767 1689 798 tamen

271 849 354 872 non
379 836 507 884 magis
531 847 649 884 pares
669 834 887 870 Hannibali
915 834 1081 878 futuros,
1109 845 1229 881 quam
1253 834 1307 869 ad
1326 833 1490 869 Cannas
1509 831 1690 874 fuissent,

271 908 423 943 nedum
447 911 593 955 praetor
618 918 720 942 unus
746 918 836 941 cum
855 904 995 953 paucis
1013 910 1053 940 et
1072 904 1186 940 novis
1204 904 1393 940 militibus
1410 901 1557 940 Nolam
1575 902 1691 938 tutari

204 978 255 1016 13
271 978 412 1026 possit.
474 976 658 1025 Ipsorum
692 988 812 1023 quarn
838 974 1079 1011 Hannibalis
1106 975 1230 1022 magis
1253 974 1462 1018 interesse,
1497 978 1616 1021 capta
1640 985 1693 1008 an

273 1050 419 1085 tradita
442 1047 548 1084 Nola
572 1052 795 1095 poteretur;
821 1046 1041 1094 potiturum
1065 1045 1186 1090 enim,
1213 1051 1255 1081 ut
1281 1045 1422 1093 Capua
1440 1043 1693 1091 Nuceriaque

272 1120 422 1168 potitus
463 1123 588 1161 esset;
631 1117 704 1154 sed
743 1117 841 1164 quid
873 1116 974 1152 inter
1009 1115 1162 1165 Capuae
1195 1128 1242 1152 ac
1274 1115 1457 1152 Nuceriae
1491 1113 1692 1150 fortunam

206 1188 498 1233 l4interesset,
531 1189 644 1237 ipsos
676 1199 805 1236 prope
838 1187 878 1223 in
902 1186 1039 1223 medio
1066 1187 1165 1223 sitos
1189 1185 1374 1223 Nolanos
1399 1186 1512 1223 scire.
1576 1184 1694 1221 Nolle

275 1261 458 1304 ominari,
493 1271 582 1307 quae
615 1263 743 1307 captae
777 1258 862 1294 urbi
897 1270 1039 1294 casura
1067 1257 1213 1301 forent,
1249 1263 1288 1293 et
1315 1257 1450 1305 potius
1475 1256 1693 1304 spondere,

275 1332 307 1368 si
332 1331 566 1368 Marcellum
601 1342 689 1366 cum
723 1329 912 1377 praesidio
938 1341 984 1365 ac
1008 1327 1156 1364 Nolam
1182 1327 1458 1372 tradidissent,
1492 1326 1695 1363 neminem

276 1403 395 1439 alium
414 1389 534 1450 quam
552 1401 663 1449 ipsos
682 1400 826 1448 legem,
857 1411 936 1447 qua
953 1399 994 1435 in
1013 1400 1250 1436 societatem
1269 1398 1566 1445 amicitiamque
1584 1396 1697 1432 Han-

148 1470 217 1514 44
279 1473 423 1510 nibalis
441 1472 635 1516 venirent,
656 1470 867 1507 dicturum.
908 1470 973 1506 Ad
991 1482 1040 1506 ea
1059 1469 1288 1506 Herennius
1305 1468 1455 1506 Bassus
1472 1466 1697 1515 respondit,

275 1544 422 1580 multos
467 1554 599 1578 annos
642 1542 722 1577 iam
765 1541 869 1577 inter
908 1541 1141 1576 Romanum
1180 1539 1466 1587 Nolanumque
1505 1537 1698 1586 populum

277 1615 491 1652 amicitiam
522 1625 626 1657 esse,
654 1611 766 1648 cuius
793 1617 957 1647 neutros
983 1611 1038 1647 ad
1064 1623 1153 1646 earn
1181 1610 1290 1646 diem
1313 1610 1519 1659 paenitere,
1549 1613 1589 1644 et
1612 1607 1698 1650 sibi,

278 1687 309 1723 si
343 1698 433 1723 cum
466 1684 628 1721 fortuna
661 1683 857 1718 mutanda
890 1681 992 1718 fides
1025 1680 1156 1725 fuerit,
1191 1692 1282 1718 sero
1314 1681 1394 1716 iam
1418 1691 1508 1716 esse
1532 1683 1699 1714 mutare.

237 1756 342 1795 ’ΒΑΗ
375 1754 572 1792 dedituris
605 1766 648 1790 se
681 1752 903 1789 Hannibali
936 1751 1059 1789 fuisse
1093 1752 1389 1809 accersendum
1423 1750 1701 1786 Romanorum

278 1824 534 1877 praesidium?
568 1824 671 1860 Cum
703 1823 762 1868 iis,
798 1823 865 1871 qui
898 1824 952 1859 ad
986 1835 1076 1859 sese
1110 1823 1287 1859 tuendos
1314 1821 1531 1863 venissent,
1566 1818 1703 1855 omnia

280 1898 353 1935 sibi
387 1903 428 1933 et
458 1908 548 1933 esse
582 1895 821 1931 consociata
854 1899 894 1930 et
914 1895 980 1930 -ad
1013 1894 1195 1930 ultimum
1229 1892 1330 1928 fore.

239 1967 264 2006 3
399 1967 491 2004 Hoc
516 1964 763 2012 colloquium
790 1965 953 2000 abstulit
970 1976 1085 2013 spem
1102 1962 1324 2000 Hannibali
1341 1974 1412 2010 per
1429 1960 1704 2010 proditionem

281 2038 527 2086 recipiendae
541 2035 670 2072 Nolae.
704 2035 844 2082 Itaque
860 2047 1015 2071 corona
1028 2034 1228 2083 oppidum
1241 2031 1519 2075 circumdedit,
1536 2036 1578 2066 ut
1590 2030 1705 2067 simul

238 2107 332 2147 4ab
366 2108 477 2145 omni
510 2112 622 2156 parte
656 2105 806 2142 moenia
839 2105 1142 2153 aggrederetur.
1223 2104 1354 2150 Quem
1388 2107 1431 2138 ut
1462 2100 1706 2138 successisse

284 2179 404 2216 muris
422 2177 635 2214 Marcellus
660 2176 770 2220 vidit,
798 2176 991 2213 instructa
1015 2176 1119 2211 intra
1147 2180 1304 2223 portam
1331 2174 1418 2210 acie
1442 2184 1531 2208 cum
1555 2182 1706 2219 magno

284 2250 452 2287 tumultu
476 2247 619 2296 erupit.
679 2247 843 2294 Aliquot
867 2247 996 2295 primo
1023 2246 1177 2294 impetu
1201 2244 1372 2294 perculsi
1397 2242 1569 2290 caesique
1595 2248 1706 2283 sunt;

286 2322 382 2357 dein
416 2330 614 2356 concursu
648 2318 701 2353 ad
734 2323 965 2366 pugnantes
999 2316 1107 2353 facto
1144 2316 1391 2364 aequatisque
1424 2313 1569 2348 viribus
1595 2317 1709 2347 atrox

286 2403 376 2428 esse
401 2389 523 2439 coepit
546 2401 697 2438 pugna,
723 2387 1077 2434 memorabilisque
1103 2386 1207 2423 inter
1231 2397 1382 2435 paucas
1408 2383 1560 2426 suisset,
1586 2382 1626 2418 ni
1652 2383 1709 2418 in-

248 2459 475 2511 5gentibus
499 2459 687 2509 procellis
711 2458 860 2494 effusus
878 2458 1005 2493 imber
1024 2456 1254 2493 diremisset
1270 2459 1513 2503 pugnantes.
1562 2452 1624 2489 Eo
1643 2453 1710 2488 die

290 2531 508 2569 commisso
543 2530 707 2566 modico
742 2528 959 2565 certamine
993 2533 1114 2575 atque
1149 2526 1308 2562 irritatis
1341 2524 1484 2561 animis
1507 2523 1548 2560 in
1573 2523 1710 2559 urbem

290 2602 479 2646 Roman-i,
503 2600 617 2638 Poeni
636 2599 676 2636 in
694 2605 825 2636 castra
842 2603 1082 2646 receperunt
1099 2607 1211 2640 sese;
1238 2608 1331 2632 nam
1349 2595 1567 2631 Poenorum
1584 2593 1712 2642 prima

292 2672 505 2720 eruptione
523 2671 693 2720 perculsi
713 2669 948 2706 ceciderunt
965 2668 1074 2704 haud
1095 2668 1184 2716 plus
1202 2678 1322 2714 quam
1340 2664 1513 2713 triginta,
1538 2662 1712 2701 Romani
