1789 2955
218 84 270 123 86
602 80 718 115 Liber
742 80 910 115 XXVII.
964 82 1025 125 (A.
1051 93 1086 116 u.
1113 92 1142 116 c.
1167 82 1262 127 545.)

171 210 194 245 2
212 212 258 246 ut
289 208 497 246 confestim
528 207 827 246 Hasdrubalem
855 212 1177 258 consequeretur,
1208 222 1353 259 anceps
1380 209 1422 247 id
1452 214 1573 258 ratus,
1602 224 1655 249 ne

216 280 337 328 Mago
369 283 490 329 atque
520 281 622 317 alter
652 279 885 317 Hasdrubal
917 293 1003 317 cum
1029 293 1073 318 eo
1102 281 1313 329 iungerent
1339 281 1486 331 copias,
1515 283 1653 332 praesi-

217 352 285 389 dio
317 354 472 389 tantum
503 351 552 388 ad
585 351 842 389 insidendum
872 351 1111 400 Pyrenaeum
1142 352 1281 399 misso,
1326 352 1411 402 ipse
1454 353 1652 403 reliquum

218 423 368 460 aestatis
399 423 642 472 recipiendis
680 423 721 460 in
752 421 869 460 fidem
899 423 1111 472 Hispaniae
1141 424 1301 473 populis
1332 424 1566 474 absumpsit.

173 498 196 532 ὃ
329 494 475 532 Paucis
505 497 597 544 post
636 495 824 544 proelium
854 495 1002 533 factum
1033 494 1084 532 ad
1114 494 1317 533 Baeculam
1349 495 1500 543 diebus,
1531 509 1653 545 quum

217 564 352 616 Scipio
384 566 544 603 rediens
569 567 648 604 iam
665 565 932 604 Tarraconem
962 566 1069 603 saltu
1096 565 1376 605 Castulonensi
1407 568 1652 616 excessisset,

216 636 449 674 Hasdrubal
481 636 671 686 Gisgonis
704 638 810 675 filius
858 642 897 675 et
927 637 1046 686 Mago
1093 637 1352 687 imperatores
1384 652 1431 676 ex
1460 639 1653 677 ulteriore

215 708 414 758 Hispania
444 709 495 747 ad
525 709 826 747 Hasdrubalem
855 722 1018 755 venere,
1064 722 1192 746 serum
1224 712 1314 758 post
1359 711 1460 748 male
1499 714 1652 760 gestam

215 793 299 817 rem
329 781 538 828 auxilium,
571 782 736 819 consilio
754 782 795 819 in
826 785 959 819 cetera
983 781 1230 830 exsequendi
1257 781 1356 819 belli
1380 783 1487 820 haud
1511 797 1652 833 parum

172 854 195 888 4
215 853 442 902 opportuni.
502 853 570 890 Ibi
603 853 925 900 conferentibus,
956 854 1053 903 quid
1079 853 1119 889 in
1152 853 1344 902 cuiusque
1375 855 1584 904 provincia
1614 858 1654 893 et

214 924 379 972 regione
411 925 634 963 animorum
665 925 862 975 Hispanis
901 928 1022 971 esset,
1062 937 1163 961 unus
1194 925 1428 962 Hasdrubal
1461 925 1653 975 Gisgonis

214 996 397 1033 ultimam
427 996 639 1046 Hispaniae
671 1010 799 1043 oram,
832 1009 919 1046 quae
951 996 1002 1034 ad
1034 995 1236 1034 Oceanum
1275 1000 1313 1034 et
1345 996 1478 1035 Gades
1508 999 1655 1047 vergit,

216 1067 397 1116 ignaram
428 1068 558 1106 adhuc
575 1068 848 1106 Romanorum
880 1081 963 1105 esse
988 1081 1112 1117 eoque
1130 1068 1532 1118 Carthaginiensibus
1556 1071 1654 1108 satis

175 1138 335 1176 5fidam
381 1141 586 1187 censebat3
642 1141 747 1177 inter
793 1139 1089 1178 Hasdrubalem
1136 1140 1307 1177 alterum
1353 1144 1393 1178 et
1438 1141 1653 1190 Magonem

217 1212 435 1258 constabat,
454 1213 663 1251 beneficiis
681 1211 880 1262 Scipionis
899 1215 1110 1261 occupatos
1129 1213 1303 1249 omnium
1322 1213 1473 1250 animos
1491 1213 1654 1262 publice

212 1282 482 1333 privatimque
513 1297 609 1331 esse,
642 1297 713 1321 nec
744 1284 1051 1321 transitionibus
1082 1283 1200 1321 finem
1249 1287 1340 1322 ante
1385 1285 1488 1331 fore,
1536 1298 1652 1334 quam

214 1367 348 1392 omnes
365 1355 540 1405 Hispani
571 1356 719 1392 milites
751 1358 819 1392 aut
849 1355 890 1392 in
914 1355 1057 1392 ultima
1081 1355 1292 1405 Hispaniae
1319 1357 1442 1393 amoti
1474 1360 1543 1394 aut
1573 1360 1654 1393 tra-

172 1426 194 1461 6
213 1424 324 1463 ducti
358 1427 398 1464 in
430 1426 609 1465 Galliam
639 1428 783 1464 forent.
828 1427 985 1476 Itaque,
1019 1427 1175 1464 etiamsi
1206 1431 1366 1464 senatus
1399 1427 1653 1476 Carthagini·

214 1499 367 1535 ensium
400 1513 479 1537 non
511 1499 742 1545 censuisset,
781 1498 955 1535 eundum
992 1503 1124 1536 tamen
1165 1496 1417 1537 Hasdrubali
1456 1500 1578 1537 fuisse
1612 1500 1654 1536 in

214 1569 395 1615 Italiam,
444 1572 514 1608 ubi
545 1571 642 1608 belli
673 1574 794 1620 caput
837 1583 1054 1619 rerumque
1101 1584 1251 1608 summa
1284 1574 1397 1617 esset,
1444 1571 1564 1609 simul
1608 1575 1654 1608 ut

215 1641 420 1691 Hispanos
469 1656 603 1681 omnes
649 1642 791 1692 procul
836 1641 885 1679 ab
931 1643 1090 1680 nomine
1122 1642 1326 1692 Scipionis
1374 1656 1422 1680 ex
1454 1643 1655 1693 Hispania

173 1714 193 1747 7
213 1712 447 1751 abduceret:
481 1714 697 1752 exercitum
729 1714 826 1760 eius,
859 1727 979 1763 quum
1011 1716 1331 1762 transitionibus,
1369 1718 1454 1752 tum
1487 1715 1653 1753 adverso

216 1786 358 1835 proeliO
400 1787 663 1833 imminutum,
694 1785 889 1835 Hispanis
926 1786 1076 1835 repleri
1113 1786 1320 1835 militibus,
1363 1791 1402 1824 et
1431 1787 1654 1835 Magonem,

213 1857 461 1896 Hasdrubali
492 1858 684 1907 Gisgonis
714 1857 797 1894 filio
829 1858 978 1895 tradito
1008 1859 1198 1905 exercitu,
1230 1858 1360 1908 ipsum
1392 1871 1480 1896 cum
1511 1858 1655 1907 grandi

212 1930 383 1978 pecunia
414 1930 465 1967 ad
494 1929 751 1968 conducenda
775 1930 955 1967 mercede
982 1930 1136 1967 auxilia
1161 1931 1201 1966 in
1232 1930 1416 1967 Baliares
1446 1930 1654 1976 traiicere;

172 2000 196 2034 8
216 2001 514 2039 Hasdrubalem
547 2001 738 2051 Gisgonis
784 2013 873 2037 cum
905 2002 1082 2038 exercitu
1122 2002 1282 2051 penitus
1328 2002 1369 2038 in
1401 2001 1653 2039 Lusitaniam

215 2069 339 2115 abire,
372 2083 443 2106 nec
476 2082 563 2106 cum
580 2070 762 2107 Romano
796 2086 934 2110 manus
967 2086 1198 2120 conserere3
1228 2073 1451 2110 Masinissae
1480 2086 1529 2110 ex
1547 2074 1653 2111 omni

215 2141 419 2189 equitatU,
469 2142 576 2191 quod
608 2143 764 2180 roboris
811 2148 925 2193 esset,
972 2145 1053 2182 tria
1098 2145 1226 2182 millia
1273 2145 1451 2194 equitum
1483 2145 1651 2194 expleri,

214 2226 380 2262 eumque
411 2226 556 2261 vagum
588 2227 660 2263 per
702 2215 928 2253 citeriorem
965 2216 1203 2266 Hispaniam
1243 2217 1360 2254 sociis
1392 2230 1504 2266 opem
1535 2217 1650 2263 ferre,

212 2284 388 2321 hostium
421 2285 572 2334 oppida
603 2288 722 2335 atque
754 2299 870 2335 agros
893 2288 1093 2337 populari.
1140 2289 1217 2326 His
1244 2289 1426 2335 decretis,
1459 2289 1509 2326 ad
1539 2301 1650 2325 exse-

213 2357 381 2406 quenda,
429 2369 516 2406 quae
562 2360 795 2404 statuerant,
842 2358 961 2396 duces
993 2359 1173 2408 digressi.
1251 2361 1347 2398 Haec
1393 2373 1438 2398 eo
1472 2373 1574 2398 anno
1608 2360 1650 2397 in

212 2427 412 2476 Hispania
442 2431 540 2465 acta.

167 2505 188 2533 Η
321 2500 459 2537 Romae
490 2500 596 2537 fama
622 2499 824 2549 Scipionis
857 2501 899 2538 in
931 2501 1016 2539 dies
1049 2516 1236 2550 crescere,
1270 2503 1397 2541 Fabio
1429 2502 1649 2541 Tarentum

214 2575 375 2621 captum
407 2575 496 2609 astu
528 2573 653 2620 magis
685 2585 805 2622 quam
834 2573 983 2610 virtute
1029 2574 1168 2622 gloriae
1215 2578 1346 2612 tamen
1377 2588 1480 2621 esse,
1512 2574 1650 2612 Fulvii

142 2644 192 2680 10
209 2656 414 2680 senescere
446 2644 561 2690 fama,
592 2644 810 2682 Marcellus
841 2644 960 2683 etiam
992 2645 1159 2684 adverso
1190 2659 1349 2685 rumore
1380 2659 1477 2696 esse,
1511 2659 1649 2696 super—
