1789 2955
555 118 659 149 Liber
685 117 793 148 XXV.
839 116 893 156 (A.
922 117 983 148 Ch.
1011 116 1105 159 212.)
1452 119 1534 159 227

120 250 223 292 vicit.
286 250 391 286 Ante
423 250 530 286 hunc
553 249 656 285 intra
679 253 841 285 centum
865 261 997 285 annos
1021 253 1061 284 et
1085 248 1222 297 viginti
1247 261 1368 285 nemo
1393 253 1536 298 praeter

118 322 162 359 P.
188 320 420 358 Cornelium
445 319 656 357 Calussam
682 318 866 367 pontifex
889 318 1085 356 maximus
1110 323 1267 356 creatus
1294 319 1436 363 fuerat,
1469 319 1537 367 qui

119 391 216 429 sella
248 391 371 428 curuli
403 402 488 427 non
521 390 707 426 sedisset.

238 461 436 498 Consules
469 460 660 497 dilectum
687 471 809 508 quum
834 472 939 508 aegre
963 460 1223 505 conficerent,
1258 461 1371 509 quod
1394 460 1534 509 inopia
1550 457 1577 499 5

118 533 317 570 iuniorum
340 544 426 568 non
453 530 570 568 facile
594 531 634 566 in
659 535 884 578 utrumque,
911 534 955 566 ut
977 536 1018 566 et
1038 543 1154 568 novae
1172 532 1335 567 urbanae
1354 530 1537 579 legiones

118 609 159 640 et
181 603 506 652 supplementum
523 601 723 638 veteribus
742 600 990 644 scriberetur,
1021 601 1258 646 sufficiebat,
1284 606 1449 638 senatus
1467 601 1537 637 ab·
1552 597 1577 638 6

118 673 258 711 sistere
296 685 368 709 eos
405 672 570 720 incepto
610 671 734 708 vetuit
771 675 811 707 et
842 671 1066 708 triumviros
1098 671 1217 708 binos
1251 671 1376 708 creari
1409 671 1535 715 iussit,

118 744 279 787 alteros,
304 742 371 791 qui
390 742 500 787 citra,
519 742 680 786 alteros,
701 741 767 789 qui
786 742 886 777 ultra
903 741 1282 790 quinquagesimum
1299 742 1478 790 lapidem
1495 740 1537 777 in

117 814 232 863 pagis
257 813 435 861 forisque
458 817 499 849 et
522 812 798 849 conciliabulis
824 824 987 848 omnem
1012 811 1174 860 copiam
1191 812 1460 861 ingenuorum
1478 812 1537 848 in-

117 884 319 933 spicerent
346 888 398 928 et,
434 883 466 919 si
494 882 559 931 qui
588 882 744 919 roboris
774 881 869 918 satis
897 882 951 918 ad
980 881 1150 918 ferenda
1174 895 1284 919 arma
1309 883 1459 918 habere
1483 866 1575 918 vl-7

117 955 321 998 derentur,
355 952 513 990 etiamsi
544 953 728 989 nondum
754 952 910 988 militari
935 957 1053 989 aetate
1078 958 1227 997 essent,
1260 953 1405 990 milites
1429 953 1536 990 face-

116 1030 224 1069 rent;
258 1024 404 1060 tribuni
429 1023 572 1072 plebis,
607 1023 639 1060 si
664 1023 711 1060 iis
736 1023 950 1067 videretur,
984 1024 1037 1059 ad
1061 1024 1255 1072 populum
1282 1024 1444 1068 ferrent,
1478 1028 1532 1067 ut,
1550 1020 1574 1060 8

117 1095 184 1144 qui
207 1094 385 1131 minores
410 1094 690 1142 septendecim
715 1093 831 1129 annis
857 1099 1114 1130 sacramento
1140 1094 1349 1137 dixissent,
1376 1093 1422 1129 iis
1442 1100 1535 1141 'per-

116 1167 225 1216 inde’
247 1164 450 1214 stipendia
482 1165 766 1212 procederent,
801 1176 848 1200 ac
882 1164 913 1200 si
939 1164 1219 1211 septendecim
1243 1176 1443 1200 annorum
1467 1168 1535 1199 aut

116 1237 291 1273 maiores
317 1235 461 1272 milites
491 1234 586 1270 facti
615 1239 763 1271 essent.
822 1234 883 1270 Ex
906 1235 984 1270 hoc
1010 1240 1174 1271 senatus
1200 1235 1387 1272 consulto
1413 1234 1535 1270 creati
1551 1231 1575 1271 9

116 1305 304 1344 triumviri
350 1304 434 1341 bini
482 1304 823 1352 conquisitionem
870 1305 1139 1353 ingenuorum
1187 1318 1258 1354 per
1305 1316 1426 1353 agros
1466 1304 1535 1339 ha-

117 1377 300 1413 buerunt.

234 1447 395 1483 Eodem
423 1451 607 1494 tempore
634 1459 681 1481 ex
706 1445 838 1482 Sicilia
865 1445 1004 1482 litterae
1029 1445 1085 1482 M.
1109 1446 1288 1483 Marcelli
1317 1447 1369 1482 de
1397 1450 1534 1495 postu·
1554 1443 1606 1483 lO

114 1517 203 1554 latis
231 1516 411 1560 militum,
446 1516 512 1564 qui
541 1528 629 1552 cum
654 1516 698 1552 P.
724 1516 897 1553 Lentulo
925 1516 1163 1561 militabant,
1197 1517 1238 1553 in
1267 1522 1410 1554 senatu
1435 1516 1535 1553 reci-

115 1593 208 1624 tatae
247 1574 354 1624 sunt.
433 1586 662 1623 Cannensis
704 1586 880 1634 reliquiae
923 1587 1051 1623 cladis
1096 1587 1160 1623 hic
1199 1587 1396 1624 exercitus
1435 1591 1532 1630 erat,
1552 1583 1600 1623 Il

115 1658 316 1706 relegatus
348 1657 390 1693 in
418 1656 606 1701 Siciliam,
641 1657 742 1693 sicut
775 1662 869 1693 ante
903 1657 1053 1693 dictum
1087 1662 1160 1701 est,
1194 1670 1246 1694 ne
1274 1663 1368 1693 ante
1395 1656 1534 1693 Punici

114 1727 207 1764 belli
248 1727 369 1763 finem
409 1727 451 1763 in
482 1726 637 1763 Italiam
677 1732 990 1775 reportarentur.
1054 1727 1106 1763 Hi
1146 1728 1342 1776 permissu
1374 1727 1533 1764 Lentuli
1596 1722 1625 1766 6

114 1798 310 1847 primores
350 1797 528 1845 equitum
569 1798 933 1845 centurionumque
972 1803 1011 1834 et
1043 1799 1192 1835 robora
1224 1811 1273 1834 ex
1305 1797 1532 1846 legionibus

114 1868 296 1917 pediturn
320 1868 480 1916 legatos
501 1867 542 1903 in
567 1867 735 1903 hiberna
761 1869 814 1903 ad
832 1867 888 1904 M.
907 1867 1141 1906 Marcellum
1166 1869 1372 1913 miserunt,
1401 1881 1422 1904 e
1448 1868 1532 1916 qui-

114 1939 188 1975 bus
205 1949 321 1982 unus,
340 1942 544 1986 potestate
562 1938 727 1974 dicendi
747 1937 871 1974 facta:
911 1937 1157 1975 «Consulem
1175 1943 1227 1983 te,
1253 1938 1309 1975 M.
1329 1938 1532 1982 Marcelle,
1549 1936 1575 1976 2

113 2008 154 2044 in
172 2008 286 2044 Italia
309 2007 549 2052 adissemus,
575 2020 697 2056 quum
721 2008 891 2056 primum
915 2009 968 2044 de
985 2009 1118 2052 nobis,
1144 2009 1218 2045 etsi
1236 2021 1321 2046 non
1337 2009 1531 2057 iniquum,

114 2084 222 2115 certe
254 2078 364 2115 triste
397 2083 562 2115 senatus
590 2079 817 2115 consultum
843 2078 992 2115 factum
1018 2084 1091 2123 est,
1125 2079 1201 2116 nisi
1225 2079 1305 2116 hoc
1330 2091 1532 2128 sperasse-

114 2161 215 2193 mus,
248 2149 290 2185 in
315 2148 564 2197 provinciam
589 2161 666 2185 nos
690 2154 820 2185 morte
845 2161 985 2198 regum
1008 2150 1208 2186 turbatam
1233 2151 1288 2186 ad
1310 2162 1432 2199 grave
1449 2150 1531 2186 bel-

113 2220 192 2256 lum
225 2220 419 2256 adversus
447 2218 603 2255 Siculos
636 2219 751 2255 simul
774 2219 1006 2268 Poenosque
1038 2220 1138 2256 mitti
1167 2225 1206 2256 et
1235 2220 1434 2269 sanguine
1460 2232 1533 2256 no·
1549 2218 1575 2257 3

114 2295 196 2327 stro
219 2289 530 2337 vulneribusque
553 2301 630 2325 nos
656 2290 811 2326 senatui
831 2290 1107 2327 satisfacturos
1125 2302 1228 2335 esse,
1258 2290 1358 2327 sicut
1376 2295 1531 2339 patrum

113 2360 321 2404 memoria,
355 2360 423 2408 qui
456 2360 562 2408 capti
595 2373 619 2396 α
644 2361 796 2408 Pyrrho
830 2361 884 2397 ad
908 2360 1149 2397 Heracleam
1178 2366 1305 2405 erant,
1340 2361 1532 2396 adversus

112 2430 305 2479 Pyrrhum
328 2429 462 2478 ipsum
486 2436 717 2479 pugnantes
741 2430 1036 2467 satisfecerunt.
1086 2431 1330 2479 Quanquam
1349 2431 1462 2478 quod
1480 2429 1575 2468 ob4

113 2500 296 2537 meritum
328 2505 510 2537 nostrum
543 2501 841 2547 succensuistis‚
881 2507 1016 2550 patres
1049 2501 1279 2549 conscripti,
1314 2499 1433 2537 nobis
1465 2506 1534 2537 aut

114 2569 389 2608 succensetis?
424 2571 556 2608 Ambo
589 2571 685 2607 mihi
718 2573 906 2609 consules
939 2577 979 2608 et
1010 2572 1236 2608 universum
1262 2575 1447 2607 senatum
1474 2569 1575 2609 in-5

114 2641 214 2677 tueri
238 2641 391 2685 videor,
417 2653 538 2689 quum
565 2647 617 2686 te,
642 2640 706 2678 M.
725 2641 930 2687 Marcelle,
956 2642 1126 2685 intueor,
1153 2653 1272 2689 quem
1298 2640 1330 2677 si
1355 2641 1408 2676 ad
1427 2640 1532 2677 Can-

1187 2708 1250 2741 15*
