1768 2943
535 106 640 137 Liber
666 106 763 136 xxr.
791 105 845 148 (A.
875 106 938 136 ch.
965 104 1060 148 218.)
1448 106 1498 146 31

87 240 191 275 velut
223 239 277 274 ad
309 237 429 274 finem
462 237 534 274 viae
567 236 722 285 equites
757 238 1048 281 constitissent,
1083 238 1241 274 miranti
1271 237 1502 281 Hannibali,

87 321 175 358 quae
213 321 276 345 res
313 313 535 344 moraretur
567 320 735 356 agmen,
779 309 1004 352 nuntiatur,
1044 320 1183 356 rupem
1218 309 1364 344 inviam
1399 321 1501 345 esse.

86 380 302 428 Digressus
335 379 488 415 deinde
519 379 607 427 ipse
636 380 689 414 ad
713 379 845 415 locum
871 379 1096 415 visendum.
1146 378 1267 414 Haud
1292 380 1414 414 dubia
1439 372 1542 415 res4

86 451 189 495 visa,
231 451 327 498 quin
367 462 438 498 per
469 450 575 486 invia
609 450 714 486 circa
746 461 823 486 nec
856 450 945 485 trita
980 455 1119 493 antea,
1161 450 1343 497 quamvis
1377 450 1502 498 longo

86 522 250 565 ambitu,
270 521 589 558 circumduceret
606 533 766 569 agmen.
801 520 861 556 Ea
880 533 973 556 vero
988 520 1049 555 via
1064 520 1395 568 inexsuperabilis
1410 520 1499 564 fuit3
1517 513 1543 553 5

86 606 179 631 nam
212 605 334 641 quum
368 603 486 640 super
510 596 684 627 veterem
709 592 838 627 nivem
867 592 1058 627 intactam
1085 604 1191 626 nova
1217 592 1390 628 modicae
1419 592 1505 627 alti-

86 664 235 701 tudinis
268 669 388 707 esset,
423 663 531 699 molli
564 674 640 698 nec
672 662 846 710 praealtae
880 662 996 698 facile
1029 663 1157 710 pedes
1190 662 1502 710 ingredientium

85 735 344 779 insistebant;
388 739 431 769 ut
467 745 562 770 vero
603 739 663 769 tot
702 733 909 769 hominum
949 733 1302 780 iumentorumque
1342 734 1503 769 incessu
1518 726 1542 765 6

86 806 243 854 dilapsa
261 810 334 849 est,
358 817 430 854 per
447 806 598 841 nudam
617 804 721 840 infra
737 804 908 852 glaciem
928 804 1201 852 fluentemque
1219 805 1356 840 tabem
1380 805 1504 853 lique-

86 877 235 913 scentis
266 876 367 912 nivis
399 875 744 924 ingrediebantur.
795 874 930 912 Taetra
962 875 1016 910 ibi
1049 875 1214 911 luctatio
1240 882 1338 919 erat,
1376 874 1436 926 [ut
1460 867 1539 926 a]7

85 948 237 984 lubrica
265 947 396 996 glacie
421 959 506 983 non
528 946 749 995 recipiente
774 946 984 994 vestigium
1012 951 1051 981 et
1074 946 1114 981 in
1139 958 1272 994 prono
1298 947 1412 983 citius
1436 960 1506 995 pe-

87 1019 160 1054 des
186 1018 362 1062 fallente,
389 1022 442 1061 ut,
469 1029 540 1054 seu
564 1018 750 1053 manibus
775 1018 817 1053 in
842 1017 1096 1064 assurgendo
1116 1029 1185 1053 seu
1203 1030 1310 1065 genu
1330 1030 1373 1053 se
1391 1018 1504 1054 adiu-

85 1090 255 1133 vissent,
296 1088 393 1137 ipsis
432 1087 685 1124 adminiculis
718 1087 921 1136 prolapsis
954 1088 1096 1124 iterum
1131 1094 1385 1132 corruerent;
1429 1101 1504 1125 nec

87 1161 229 1209 stirpes
268 1161 374 1196 circa
406 1159 634 1203 radicesve,
675 1160 729 1195 ad
762 1171 863 1206 quas
896 1160 1003 1207 pede
1037 1165 1105 1195 aut
1138 1172 1259 1196 manu
1293 1161 1503 1208 quisquam

86 1231 182 1268 eniti
213 1236 366 1280 posset,
401 1236 534 1274 erant;
568 1231 624 1266 ita
657 1229 697 1266 in
730 1230 805 1266 levi
830 1235 984 1266 tantum
1009 1231 1139 1278 glacie
1167 1231 1390 1278 tabidaque
1414 1232 1504 1267 nive

85 1302 382 1338 volutabantur.
431 1301 616 1338 Iumenta
649 1302 844 1338 secabant
868 1301 1069 1337 interdum
1095 1302 1216 1337 etiam
1242 1302 1421 1338 infimam
1446 1293 1542 1338 inst]

85 1373 314 1421 gredientia
338 1373 484 1417 nivem,
511 1379 550 1409 et
574 1373 765 1422 prolapsa
789 1373 990 1408 iactandis
1013 1373 1173 1421 gravius
1190 1373 1231 1408 in
1251 1373 1504 1409 connitendo

87 1443 244 1492 ungulis
269 1443 429 1492 penitus
454 1443 772 1493 perfringebant‚
799 1450 841 1480 ut
866 1444 1058 1492 pleraque
1084 1444 1190 1480 velut
1213 1444 1360 1495 pedica
1385 1449 1504 1492 capta

87 1515 285 1551 haererent
315 1515 356 1551 in
389 1516 491 1551 dura
523 1520 563 1551 et
590 1515 669 1551 alte
693 1520 886 1551 concreta
909 1515 1053 1563 glacie.
1102 1515 1306 1559 Tandem,
1341 1516 1506 1562 nequic-
1585 1502 1645 1546 37

87 1598 207 1634 quam
225 1585 412 1623 iumentis
431 1592 551 1634 atque
570 1586 800 1622 hominibus
819 1586 1009 1634 fatigatis,
1037 1592 1167 1622 castra
1185 1586 1226 1621 in
1244 1586 1338 1634 iugo
1358 1586 1504 1634 posita,

88 1656 295 1705 aegerrime
320 1658 375 1692 ad
398 1658 440 1692 id
463 1657 593 1705 ipsum
617 1657 711 1692 loco
736 1661 930 1704 purgato;
957 1661 1111 1692 tantum
1138 1657 1237 1692 nivis
1263 1656 1504 1692 fodiendum

87 1734 208 1775 atque
233 1728 483 1776 egerendum
509 1727 594 1764 fuit.
642 1727 743 1763 Inde
762 1727 816 1762 ad
833 1739 973 1774 rupem
992 1728 1269 1771 muniendam,
1296 1740 1367 1776 per
1384 1740 1503 1775 quam
1519 1717 1545 1757 2

86 1811 208 1835 unam
241 1799 304 1834 via
336 1811 426 1835 esse
453 1803 625 1847 poterat,
658 1798 802 1833 milites
828 1798 951 1841 ducti,
986 1810 1107 1845 quum
1134 1799 1375 1834 caedendum
1399 1804 1508 1834 esset

88 1882 247 1914 saxum,
287 1870 498 1906 arboribus
538 1869 643 1906 circa
681 1869 925 1905 immanibus
966 1868 1135 1904 deiectis
1176 1869 1506 1916 detruncatisque

88 1946 236 1977 struem
260 1941 468 1988 ingentem
493 1940 691 1989 lignorum
718 1939 883 1983 faciunt,
913 1951 1099 1987 eamque,
1124 1952 1245 1987 <aluum
1266 1945 1306 1975 et
1322 1940 1380 1976 vis
1398 1939 1505 1975 venti

88 2017 184 2060 apta
209 2011 401 2048 faciendo
419 2011 502 2059 igni
521 2015 661 2047 coorta
681 2016 808 2055 esset,
836 2012 1103 2055 succendunt,
1125 2011 1390 2058 ardentiaque
1410 2022 1506 2046 saxa

88 2082 222 2119 infuso
247 2087 364 2119 aceto
389 2081 672 2131 putrefaciunt.
720 2081 780 2117 Ita
797 2082 991 2118 torridam
1016 2082 1209 2118 incendio
1234 2094 1372 2130 rupem
1392 2081 1498 2117 ferro
1511 2072 1537 2111 3

88 2153 275 2202 pandunt
291 2153 556 2200 molliuntque
569 2152 816 2189 anfractibus
830 2153 1003 2189 modicis
1019 2154 1155 2196 clivos,
1176 2158 1218 2189 ut
1229 2165 1313 2189 non
1328 2153 1507 2188 iumenta

89 2224 231 2268 solum,
258 2225 332 2260 sed
350 2223 555 2272 elephanti
572 2224 693 2260 etiam
712 2224 861 2260 deduci
880 2230 1062 2272 possent.
1113 2224 1381 2270 Quatriduum
1401 2214 1545 2259 circa4

88 2306 227 2343 rupem
262 2300 558 2343 consumptum,
592 2295 779 2331 iumentis
812 2307 942 2343 prope
978 2294 1083 2330 fame
1117 2294 1360 2343 absumptis;
1395 2295 1506 2329 nuda

90 2365 195 2401 enim
221 2365 305 2402 fere
331 2367 543 2402 cacumina
568 2370 661 2402 sunt
685 2370 737 2410 et,
765 2366 795 2402 si
815 2366 914 2413 quid
933 2370 993 2401 est
1010 2366 1159 2414 pabuli,
1187 2366 1363 2401 obruunt
1380 2365 1505 2400 nives.

89 2435 284 2472 Inferiora
331 2436 453 2472 valles
500 2436 733 2485 apricosque
780 2437 900 2472 etiam
950 2436 1073 2472 colles
1121 2436 1273 2472 habent
1320 2436 1505 2482 rivosque
1519 2426 1545 2465 ἶ)

91 2511 126 2542 rt
166 2518 294 2556 prope
335 2507 453 2544 silvas
493 2512 533 2544 et
571 2508 648 2543 iam
691 2507 869 2543 humano
911 2507 1017 2544 cultu
1058 2507 1246 2555 digniora
1279 2507 1382 2541 loca.
1445 2504 1503 2540 Ibi
1518 2498 1543 2535 (⁷3

91 2577 268 2614 iumenta
291 2578 332 2614 in
358 2578 547 2626 pabulum
566 2578 688 2615 missa
708 2583 748 2614 et
765 2578 878 2626 quies
897 2579 1122 2614 muniendo
1142 2577 1257 2613 fessis
1276 2576 1506 2612 hominibus
