1700 2922
171 885 384 933 Praefatio
425 885 632 932 editionis
672 884 817 930 tertiae
857 901 896 930 a.
938 880 1365 929 MDCCCLXXX.

180 1084 350 1125 Quoniam
384 1089 417 1115 et
449 1083 490 1114 de
526 1088 596 1114 tota
627 1083 759 1114 Liviani
794 1083 907 1123 operis
939 1081 1140 1112 recensione
1174 1085 1207 1110 et
1242 1080 1284 1110 de
1317 1079 1369 1117 iis,
1408 1089 1483 1120 quae

61 1144 199 1186 proprie
232 1143 275 1174 ad
306 1143 370 1174 hos
402 1143 550 1184 quinque
585 1142 693 1173 libros
724 1142 906 1182 pertinent,
941 1141 998 1182 qui
1031 1150 1119 1171 nunc
1153 1139 1289 1170 tertium
1324 1138 1386 1168 sub
1418 1138 1483 1168 mei

62 1202 207 1234 nominis
242 1202 500 1243 praescriptione
532 1202 722 1242 vulgantur,
756 1200 837 1231 satis
870 1200 996 1231 dictum
1030 1204 1081 1230 est
1116 1198 1149 1228 in
1181 1198 1288 1228 altera
1320 1196 1484 1228 Emenda-

61 1262 191 1293 tionum
227 1271 376 1292 mearum
402 1260 618 1292 Livianarum
655 1259 816 1297 editione,
850 1259 976 1290 nullam
1010 1258 1065 1288 hic
1098 1257 1199 1288 aliam
1234 1255 1403 1297 praefandi
1428 1260 1485 1285 aut

62 1320 299 1352 necessitatem
326 1325 383 1351 aut
409 1320 585 1351 materiam
613 1320 736 1358 habeo,
764 1318 827 1349 nisi
854 1323 888 1349 ut
907 1317 1121 1359 perbreviter
1138 1316 1298 1353 indicem,
1326 1314 1483 1355 quemad—

61 1380 200 1411 modum
226 1379 325 1410 tertia
350 1379 422 1410 haec
450 1379 555 1410 editio
582 1379 735 1409 instituta
761 1388 799 1408 ae
826 1382 944 1418 parata
971 1377 1022 1407 sit.
1081 1376 1169 1406 Nam
1197 1384 1300 1415 quum
1327 1384 1380 1404 me
1407 1383 1484 1404 ocu-

61 1440 169 1470 lorum
200 1438 375 1470 hebetudo
408 1439 450 1469 ab
477 1437 744 1469 administranda
770 1447 805 1467 re
832 1436 1022 1477 impediret,
1055 1434 1252 1474 Ussingium
1280 1432 1346 1463 alia
1372 1432 1483 1463 studia

62 1508 101 1529 ac
134 1498 273 1539 negotia
306 1497 507 1535 detinerent,
541 1496 701 1527 auxilium
735 1495 815 1526 mihi
842 1494 1010 1526 benevole
1037 1494 1127 1524 idem
1154 1493 1283 1523 amicus
1309 1491 1394 1529 tulit,
1429 1491 1484 1531 qui

62 1567 163 1598 saepe,
199 1557 241 1588 O.
277 1557 469 1596 Siesbyeus.
532 1556 565 1586 Is
605 1559 835 1596 perscrutatus
868 1554 1058 1594 diligenter,
1095 1562 1171 1593 quae
1204 1556 1282 1592 post
1315 1550 1485 1581 Weissen-

61 1616 220 1647 bornium
245 1615 458 1647 Woelfflinus
484 1619 518 1645 et
542 1615 586 1645 H.
606 1615 632 1645 I.
652 1614 836 1645 Muellerus
863 1613 896 1643 in
922 1612 976 1642 his
1002 1611 1099 1642 libris
1126 1610 1353 1646 elaborarunt,
1387 1609 1485 1639 rima-

63 1681 195 1716 tusque,
222 1674 250 1705 si
275 1674 358 1715 quid
384 1673 425 1705 de
453 1673 630 1713 scripturis
656 1672 818 1703 Puteanei
844 1672 887 1702 ab
914 1671 967 1702 his
993 1677 1049 1701 aut
1075 1681 1095 1700 a
1117 1669 1269 1700 Luchsio
1297 1667 1486 1699 accuratius

65 1743 164 1774 quam
196 1738 296 1764 antea
328 1737 526 1763 annotatum
560 1737 643 1769 erat,
679 1731 885 1772 comparatis
919 1730 1032 1767 etiam,
1067 1738 1142 1769 quae
1173 1728 1216 1758 ab
1242 1727 1317 1758 aliis
1345 1726 1486 1768 sparsim

64 1803 125 1834 per
150 1791 387 1833 ephemeridas
413 1791 630 1831 minoresque
658 1790 791 1821 libellos
809 1793 939 1821 tentata
957 1794 1063 1826 erant,
1090 1792 1126 1818 ut
1144 1787 1288 1828 quisque
1308 1785 1485 1827 quaternio

64 1851 249 1893 typothetae
274 1850 459 1881 tradendus
485 1854 556 1880 erat
583 1854 640 1880 aut
667 1860 686 1879 a
711 1848 807 1890 prelo
834 1858 951 1879 recens
978 1847 1222 1888 corrigebatur,
1255 1855 1400 1883 mecum,
1432 1843 1489 1884 qui

66 1911 195 1942 interea
219 1915 312 1941 totos
338 1908 444 1939 libros
470 1908 552 1939 mihi
579 1908 759 1939 continuos
786 1908 922 1939 recitari
944 1908 1121 1944 iusseram,
1148 1906 1196 1936 ita
1213 1913 1390 1935 sermones
1410 1913 1489 1933 con-

66 1969 151 2008 tulit,
185 1975 219 2000 ut
252 1969 365 2000 omnia
397 1968 535 1999 minima
567 1968 851 2006 examinarentur,
886 1968 912 1998 si
946 1976 1012 2007 qua
1038 1965 1140 1996 etiam
1166 1964 1200 1994 in
1227 1962 1363 1993 minutis
1389 1962 1489 1992 rebus

66 2038 107 2060 ex
133 2027 307 2069 superiore
334 2028 443 2058 forma
468 2027 502 2057 in
529 2026 649 2057 melius
676 2026 797 2057 mutari
823 2036 925 2067 posse
943 2025 1151 2061 viderentur,
1179 2026 1398 2059 mutarentur,
1425 2030 1489 2061 pro

67 2087 207 2118 incertis
239 2097 278 2118 ac
311 2090 441 2117 tantum
473 2085 708 2127 probabilibus
743 2085 809 2116 alia
844 2095 940 2126 aeque
966 2085 1097 2115 incerta
1123 2093 1165 2114 ne
1192 2080 1488 2117 substituerentur,

67 2156 154 2177 vana
184 2150 285 2187 atque
317 2145 447 2176 inutilia
478 2145 714 2175 abiicerentur.
778 2143 863 2174 Mihi
899 2148 1011 2174 autem
1044 2143 1120 2184 ipsi,
1159 2141 1252 2182 quod
1285 2140 1320 2170 fit
1355 2139 1388 2170 in
1422 2139 1488 2169 hoc

69 2215 204 2246 genere,
242 2210 288 2243 ut,
326 2214 401 2246 quae
435 2203 501 2235 alio
534 2208 686 2244 tempore
720 2202 871 2233 studiose
904 2202 1048 2243 quaesita
1080 2211 1116 2232 se
1150 2199 1388 2236 subtraxerint,
1424 2197 1490 2228 alio

70 2264 170 2295 facile
196 2273 235 2294 ac
262 2269 383 2304 sponte
409 2268 598 2300 occurrant,
626 2272 714 2292 nunc
742 2262 878 2292 demum
905 2261 1002 2291 unius
1029 2265 1061 2290 et
1087 2259 1224 2290 alterius
1249 2258 1317 2289 loci
1346 2267 1424 2288 vera
1450 2266 1489 2286 ae

71 2328 164 2354 certa
189 2322 382 2354 emendatio
408 2331 443 2353 se
470 2320 604 2359 obtulit,
632 2321 673 2352 de
700 2331 766 2362 qua
792 2320 878 2351 infra
904 2320 936 2350 in
964 2318 1084 2350 ordine
1111 2318 1252 2349 dicetur.

349 2452 676 2499 Praemonitum
716 2452 773 2498 de
812 2459 971 2514 quarta
1010 2450 1222 2496 editione.

192 2558 230 2588 In
263 2562 381 2599 quarta
406 2557 468 2587 hae
495 2557 643 2587 editione
670 2557 743 2597 ipse
771 2566 850 2587 usus
875 2555 1029 2596 diligenti
1056 2559 1088 2585 et
1115 2552 1205 2583 fideli
1232 2561 1336 2593 opera
1361 2551 1490 2582 iuvenis

73 2617 191 2647 harum
222 2616 407 2647 litterarum
442 2616 583 2647 studiosi
614 2620 806 2647 contextum
834 2614 998 2645 orationis
1025 2612 1178 2643 Livianae
1205 2615 1312 2642 totum
1340 2610 1382 2641 de
1407 2611 1490 2640 inte-
