1768 2943
244 102 299 143 46
667 100 771 130 Liber
796 99 890 131 XXI.
943 99 996 141 (A.
1024 110 1054 131 u.
1081 109 1110 134 e.
1137 99 1230 143 536.)

245 231 603 267 contionabundus
641 243 775 279 agere.
853 230 1092 267 Stimulabat
1129 236 1169 267 et
1200 236 1357 280 tempus
1389 232 1658 281 propinquum

245 300 512 345 comitiorum,
537 313 589 337 ne
606 301 646 337 in
665 312 793 337 novos
812 301 999 337 consules
1018 301 1163 337 bellum
1182 301 1417 345 differretur,
1437 307 1477 338 et
1494 302 1658 339 occasio

204 369 226 409 7
243 371 283 407 in
309 383 351 407 se
375 383 497 407 unum
522 372 725 408 vertendae
748 370 898 419 gloriae,
925 371 1021 406 dum
1047 383 1152 420 aeger
1177 372 1334 420 collega
1352 378 1449 408 erat.
1502 373 1657 421 Itaque,

245 441 511 489 nequicquam
537 441 803 478 dissentiente
821 439 1026 485 Cornelio,
1053 442 1183 489 parari
1208 443 1263 478 ad
1285 443 1556 491 propinquum
1575 454 1659 480 cer-

244 517 379 548 tamen
411 512 556 548 milites
588 511 711 547 iubet.

361 581 566 618 Hannibal
591 593 726 628 quum,
759 581 856 628 quid
880 581 1076 630 optimum
1102 580 1205 617 foret
1230 581 1349 625 hosti,
1375 589 1570 627 cerneret,
1595 582 1658 619 vix

244 651 361 687 ullam
389 663 503 700 spem
527 651 716 695 habebat,
750 656 900 687 temere
925 656 1045 699 atque
1069 650 1293 699 im‘provide
1319 653 1533 700 quicquam
1559 664 1656 690 con·

203 721 227 761 8
243 722 348 758 sules
372 726 554 766 acturos;
582 734 704 770 quum
728 721 888 758 alterius
912 720 1133 768 ingenium,
1163 721 1269 757 fama
1294 722 1415 770 prius,
1445 723 1598 759 deinde
1616 735 1658 759 re

244 792 463 840 cognitum,
496 791 690 840 percitum
723 804 770 828 ac
804 791 916 827 ferox
948 791 1066 827 sciret
1094 802 1196 835 esse,
1232 791 1485 840 ferociusque
1509 792 1658 830 factum

242 873 439 910 prospero
473 874 563 899 cum
594 861 889 910 praedatoribus
922 861 1002 897 suis
1036 861 1253 897 certamine
1282 863 1476 907 crederet,
1510 864 1658 900 adesse

202 932 227 971 9
241 933 433 980 gerendae
465 932 522 968 rei
547 931 748 969 fortunam
774 932 883 967 haud
908 931 1134 967 diffidebat.
1199 930 1321 968 Cuius
1344 945 1396 968 ne
1421 934 1533 980 quod
1558 945 1658 981 prae·

242 1003 477 1039 termitteret
490 1008 662 1051 tempus,
679 1002 870 1039 sollicitus
886 1001 1144 1049 intentusque
1161 1006 1259 1046 erat,
1277 1003 1374 1038 dum
1390 1002 1464 1038 tiro
1483 1003 1656 1039 hostium

242 1072 355 1109 miles
381 1078 500 1117 esset,
527 1074 623 1109 dum
647 1072 854 1109 meliorem
883 1084 931 1108 ex
949 1071 1119 1108 ducibus
1136 1072 1315 1108 inutilem
1333 1073 1474 1110 vulnus
1492 1072 1656 1118 faceret,

175 1142 228 1182 10
242 1143 338 1179 dum
357 1142 565 1179 Gallorum
591 1143 711 1179 animi
729 1143 921 1191 vigerent,
948 1154 1118 1189 quorum
1136 1142 1342 1191 ingentem
1360 1143 1656 1180 multitudinem

243 1213 396 1249 sciebat
419 1213 582 1262 segnius
607 1219 846 1257 secuturam,
872 1218 1025 1260 quanto
1049 1212 1209 1261 longius
1233 1214 1284 1249 ab
1309 1214 1435 1250 domo
1453 1214 1658 1250 traheren-

174 1283 224 1322 11
242 1289 314 1320 tur.
379 1283 513 1329 Quum
546 1284 599 1320 ob
632 1284 717 1320 haec
749 1283 925 1330 taliaque
950 1288 1130 1331 speraret
1153 1283 1423 1332 propinquum
1453 1289 1656 1321 certamen

243 1360 282 1389 et
306 1353 453 1398 facere,
484 1354 515 1390 si
539 1359 774 1397 cessaretur,
805 1359 981 1402 cuperet,
1013 1354 1368 1402 speculatoresque
1388 1354 1505 1399 Galli,
1536 1356 1590 1391 ad
1607 1367 1657 1392 ea

242 1424 506 1472 exploranda,
535 1436 623 1472 quae
642 1424 771 1468 vellet,
795 1424 975 1468 tutiores,
995 1424 1088 1472 quia
1105 1425 1145 1460 in
1164 1424 1340 1472 utrisque
1359 1425 1497 1462 castris
1515 1425 1657 1462 milita-

242 1495 351 1538 bant,
376 1500 542 1542 paratos
566 1506 713 1543 pugnae
732 1506 821 1530 esse
838 1495 1049 1531 Romanos
1067 1495 1324 1540 rettulissent,
1349 1496 1482 1531 locum
1499 1495 1656 1532 insidiis

115 1560 181 1605 54
243 1564 576 1613 circumspectare
598 1565 746 1601 Poenus
780 1564 913 1613 coepit.
976 1565 1074 1600 Erat
1104 1564 1144 1600 in
1177 1565 1314 1601 medio
1347 1566 1450 1602 rivus
1482 1567 1656 1615 praealtis

241 1634 424 1683 utrinque
464 1635 622 1672 clausus
653 1635 748 1683 ripis
781 1640 821 1671 et
853 1635 957 1671 circa
990 1635 1143 1671 obsitus
1176 1635 1416 1683 palustribus
1449 1636 1582 1673 herbis
1617 1642 1657 1673 et

240 1704 384 1752 quibus
406 1705 556 1742 inculta
579 1705 704 1741 ferme
727 1705 959 1749 vestiuntur,
987 1704 1161 1753 virgultis
1186 1704 1468 1754 vepribusque.
1523 1706 1655 1753 Quem

242 1775 305 1811 ubi
331 1775 486 1823 equites
505 1787 667 1823 quoque
685 1776 865 1824 tegendo
885 1776 980 1812 satis
999 1775 1244 1812 latebrosum
1263 1776 1396 1812 locum
1413 1777 1656 1814 circumvec-

199 1845 224 1883 2
240 1851 301 1881 tus
324 1846 412 1894 ipse
436 1846 563 1883 oculis
586 1846 849 1894 perlustravit,
880 1845 982 1882 «Hic
1005 1846 1078 1881 erit
1102 1846 1240 1882 locus»
1262 1845 1431 1895 Magoni
1458 1847 1567 1883 fratri
1585 1847 1653 1892 ait,

243 1927 388 1963 ‹quem
420 1921 575 1953 teneas.
637 1916 780 1965 Delige
814 1920 1010 1952 centenos
1034 1915 1140 1952 viros
1164 1928 1213 1952 ex
1237 1917 1347 1952 omni
1371 1916 1509 1965 pedite
1534 1923 1655 1965 atque

240 1986 387 2033 equite,
418 1997 506 2022 cum
531 1986 674 2034 quibus
699 1987 753 2022 ad
776 1999 841 2022 me
865 1986 997 2034 vigilia
1022 1985 1151 2034 prima
1167 1987 1325 2030 venias;
1355 1999 1461 2024 nunc
1480 1999 1655 2035 corpora

199 2053 224 2094 3
240 2068 378 2092 curare
402 2061 559 2105 tempus
583 2062 682 2093 est.»
733 2056 793 2093 Ita
817 2057 1048 2105 praetorium
1071 2056 1248 2092 missum.
1296 2056 1395 2093 Mox
1413 2069 1502 2094 cum
1520 2057 1655 2094 delec-

240 2125 288 2161 tis
312 2125 437 2174 Mago
461 2127 616 2162 aderat.
684 2127 875 2163 «Robora
899 2127 1073 2163 virorum
1097 2138 1245 2162 cerno»
1273 2126 1402 2175 inquit
1426 2126 1652 2171 Hannibal;

245 2196 344 2232 «sed
376 2195 430 2231 uti
464 2208 631 2233 numero
665 2197 798 2241 etiam,
832 2208 916 2233 non
948 2196 1251 2233 animis-modo
1276 2197 1454 2242 valeatis,
1488 2197 1654 2246 singulis

240 2265 353 2302 vobis
386 2277 570 2302 novenos
603 2279 652 2302 ex
684 2267 820 2304 turmis
852 2267 1147 2315 manipulisque
1179 2266 1297 2303 vestri
1329 2266 1476 2304 similes
1505 2267 1653 2316 eligite.

239 2334 366 2384 Mago
389 2336 522 2373 locum
545 2336 797 2381 monstrabit,
831 2349 950 2385 quem
974 2336 1206 2381 insideatis;
1239 2337 1396 2374 hostem
1422 2349 1574 2374 caecum
1599 2338 1654 2374 ad

198 2404 225 2444 4
240 2406 312 2442 has
330 2406 421 2442 belli
440 2411 546 2443 artes
564 2407 760 2444 habetis.»
810 2406 871 2443 Ita
888 2419 972 2443 cum
989 2407 1096 2443 mille
1113 2407 1312 2455 equitibus
1326 2407 1520 2456 Magone,
1547 2408 1654 2444 mille

241 2476 444 2524 peditibus
462 2477 642 2520 dimisso,
668 2476 872 2513 Hannibal
890 2478 1017 2525 prima
1034 2478 1121 2514 luce
1139 2476 1336 2514 Numidas
1353 2478 1508 2525 equites
1526 2483 1654 2514 trans-

240 2558 403 2594 gressos
422 2547 611 2583 Trebiam
637 2547 785 2583 flumen
809 2547 1045 2594 obequitare
1069 2547 1179 2583 iubet
1203 2548 1375 2584 hostium
1402 2548 1529 2596 portis
1545 2547 1653 2584 iacu-

241 2617 447 2665 landoque
466 2618 507 2652 in
525 2617 720 2654 stationes
733 2617 877 2653 elicere
890 2617 943 2653 ad
956 2629 1134 2665 pugnam
1148 2617 1319 2662 hostem,
1337 2618 1486 2654 iniecto
1500 2617 1653 2655 deinde
