1768 2943
565 113 669 144 Liber
694 112 804 143 xxn.
854 111 908 155 (A.
936 112 999 143 Ch.
1025 110 1120 154 216.)
1458 111 1537 153 101

127 251 268 282 ventus
301 243 555 295 (Vulturnum
587 244 764 292 regionis
796 244 939 280 incolae
972 240 1133 291 vocant)
1166 243 1358 278 adversus
1391 240 1580 281 Roma-9

126 317 188 353 nis
220 320 383 353 coortus
415 314 539 350 multo
572 314 734 362 pulvere
766 314 807 350 in
838 314 927 362 ipsa
960 325 1030 349 ora
1054 313 1256 349 volvendo
1281 317 1539 360 prospectum

127 386 292 422 ademit.

246 454 433 491 Clamore
458 455 631 499 sublato,
659 466 894 503 procursum
919 454 966 490 ab
991 453 1144 490 auxiliis
1169 457 1209 489 et
1235 464 1372 500 pugna
1390 452 1542 489 levibus
1604 449 1667 492 47

127 526 296 574 primum
321 525 441 562 armis
468 525 702 569 commissa;
733 525 885 561 deinde
910 525 1088 572 equitum
1111 523 1318 560 Gallorum
1339 521 1542 570 Hispano-

127 607 285 642 rumque
314 596 455 632 laevum
483 607 609 632 cornu
634 607 723 632 cum
749 595 892 631 dextro
918 595 1106 630 Romano
1132 592 1344 636 concurrit,
1378 591 1542 627 minime

128 666 323 714 equestris
347 678 459 702 more
482 677 647 714 pugnae;
674 665 871 702 frontibus
895 665 1002 701 enim
1019 664 1199 700 adversis
1218 663 1542 700 concurrendum
1557 660 1583 701 2

128 741 225 780 erat,
245 736 350 784 quia,
369 736 479 772 nullo
498 736 603 773 circa
620 737 675 772 ad
692 736 949 784 evagandum
966 735 1105 771 relicto
1124 734 1269 782 spatio,
1289 733 1380 769 hinc
1399 732 1541 777 amnis,

128 807 219 843 hinc
247 807 428 855 peditum
446 806 554 843 acies
570 807 827 843 claudebant.
875 805 920 842 In
939 806 1134 842 directum
1152 805 1335 851 utrinque
1353 803 1541 847 nitenteS,
1557 801 1583 842 3

129 877 325 913 stantibus
343 889 390 914 ac
409 877 600 914 confertis
618 881 825 926 postremo
843 877 959 912 turba
976 875 1102 923 equis,
1121 875 1177 910 vir
1194 875 1316 910 virum
1335 874 1543 922 amplexus

129 947 370 984 detrahebat
401 959 522 995 equo.
591 948 786 984 Pedestre
818 959 967 995 magna
998 946 1077 981 iarn
1111 958 1159 981 ex
1191 949 1305 993 parte
1339 950 1544 980 certamen

130 1017 279 1054 factum
303 1023 406 1061 erat;
440 1017 570 1054 acrius
594 1023 730 1054 tamen
755 1029 875 1065 quam
900 1017 1048 1053 diutius
1072 1021 1296 1065 pugnatum
1320 1020 1393 1059 est,
1426 1015 1543 1063 pulsi-

129 1099 207 1135 que
232 1088 406 1124 Romani
439 1088 594 1136 equites
618 1094 731 1137 terga
754 1093 923 1124 vertunt.
988 1088 1068 1124 Sub
1093 1086 1288 1134 equestris
1312 1085 1433 1121 finem
1461 1084 1587 1123 cer-4

130 1157 290 1194 taminis
315 1163 455 1194 coorta
478 1164 539 1195 est
562 1159 744 1207 peditum
769 1171 920 1207 pugna,
945 1158 1074 1207 primo
1100 1162 1139 1193 et
1164 1157 1309 1193 viribus
1335 1161 1375 1192 et
1402 1156 1545 1192 animis

129 1239 214 1276 par,
240 1228 336 1264 dum
362 1229 606 1266 constabant
629 1229 796 1266 ordines
814 1228 940 1265 Gallis
958 1228 1250 1277 Hispanisque;
1278 1228 1445 1263 tandem
1462 1227 1544 1262 Ro·
1559 1223 1586 1265 5

130 1298 252 1342 mani,
286 1299 354 1334 diu
377 1311 424 1335 ac
451 1312 558 1348 saepe
583 1300 754 1344 connisi,
780 1300 944 1347 obliqua
968 1299 1100 1335 fronte
1125 1298 1294 1346 acieque
1319 1298 1449 1333 densa
1474 1297 1545 1332 im-

130 1369 267 1417 pulere
299 1369 475 1406 hostium
507 1382 680 1407 cuneum
702 1370 819 1406 nimis
846 1375 1009 1406 tenuem
1034 1381 1166 1417 eoque
1190 1380 1330 1417 parum
1355 1368 1544 1411 validum,

131 1451 154 1475 a
178 1445 312 1476 cetera
335 1440 633 1489 prominentem
656 1440 756 1476 acie.
804 1440 988 1488 Impulsis
1014 1440 1166 1475 deinde
1190 1451 1236 1475 ac
1263 1438 1419 1487 trepide
1444 1437 1545 1473 refe·
1561 1435 1586 1476 6

130 1510 308 1547 rentibus
337 1511 486 1559 pedem
511 1511 703 1555 institere,
738 1523 785 1548 ac
814 1516 955 1547 tenore
984 1522 1065 1546 uno
1094 1522 1165 1558 per
1189 1521 1370 1558 praeceps
1396 1520 1546 1557 pavore

132 1580 368 1629 fugientium
396 1594 544 1630 agmen
570 1582 612 1618 in
639 1582 815 1618 mediam
844 1581 1014 1630 primum
1044 1581 1174 1617 aciem
1200 1580 1309 1624 illati,
1338 1583 1545 1627 postremo

131 1651 241 1687 nullo
264 1651 477 1688 resistente
495 1653 549 1688 ad
567 1652 747 1688 subsidia
766 1652 952 1688 Afrorum
970 1655 1250 1699 pervenerunt,
1277 1649 1344 1698 qui
1362 1649 1546 1696 utrinque
1562 1646 1584 1686 7

131 1721 307 1758 reductis
334 1722 406 1758 alis
432 1722 708 1766 constiterant,
738 1722 887 1766 media,
917 1734 996 1769 qua
1020 1720 1124 1757 Galli
1149 1719 1403 1769 Hispanique
1427 1724 1547 1755 stete-

131 1797 233 1836 rant,
275 1792 523 1840 aliquantum
562 1793 817 1840 prominente
857 1793 958 1828 acie.
1032 1792 1111 1837 Qui
1154 1803 1306 1828 cuneus
1338 1796 1380 1826 ut
1411 1790 1547 1838 pulsus
1563 1786 1588 1828 8

133 1862 304 1910 aequavit
328 1862 501 1899 frontem
526 1863 709 1911 primum,
736 1863 830 1899 dein
855 1863 1045 1899 cedendo
1064 1862 1184 1898 etiam
1204 1861 1333 1898 sinum
1350 1861 1391 1897 in
1410 1860 1547 1896 medio

132 1933 260 1977 dedit,
293 1933 379 1969 Afri
410 1934 516 1970 circa
538 1933 618 1969 iam
643 1945 795 1970 cornua
819 1933 1011 1978 fecerant,
1044 1932 1364 1979 irruentibusque
1387 1931 1548 1967 incaute

132 2004 172 2040 in
205 2004 382 2040 medium
405 2005 600 2041 Romanis
634 2005 938 2041 circumdedere
970 2004 1074 2047 alas;
1108 2015 1202 2038 mox
1236 2014 1387 2039 cornua
1412 2006 1550 2037 exten-

133 2076 274 2112 dendo
307 2075 487 2112 clausere
520 2080 560 2111 et
591 2076 643 2111 ab
665 2080 779 2123 tergo
803 2075 954 2111 hostes.
1018 2074 1123 2110 Hinc
1146 2073 1334 2117 Romani,
1368 2068 1590 2109 defunetit)

132 2145 402 2193 nequicquam
431 2145 573 2193 proelio
596 2157 692 2190 uno,
727 2145 886 2182 omissis
909 2145 1034 2182 Gallis
1057 2144 1346 2193 Hispanisque,
1380 2154 1550 2191 quorum

133 2222 247 2265 terga
264 2216 510 2259 ceciderant,
535 2216 727 2252 adversus
744 2215 864 2252 Afros
881 2216 1079 2264 integram
1097 2227 1276 2264 pugnam
1293 2214 1446 2256 ineunt,
1466 2225 1549 2249 non
1568 2209 1621 2250 10

134 2292 288 2323 tantum
321 2299 372 2323 eo
403 2286 596 2334 iniquam,
631 2287 743 2334 quod
774 2286 915 2322 inclusi
949 2287 1142 2322 adversus
1165 2284 1441 2328 circumfusos,
1476 2283 1550 2319 sed

135 2357 254 2394 etiam
288 2358 401 2406 quod
434 2357 529 2394 fessi
562 2368 653 2393 cum
683 2357 912 2393 recentibus
945 2368 992 2393 ac
1024 2356 1176 2404 vegetis
1209 2355 1460 2404 pugnabant.

252 2428 335 2464 Iam
361 2433 401 2464 et
424 2427 584 2464 sinistro
609 2439 734 2463 cornu
758 2427 960 2471 Romano,
987 2427 1053 2462 ubi
1079 2426 1280 2463 sociorum
1304 2425 1459 2472 equites
1477 2425 1549 2460 ad·
1611 2419 1677 2463 48

135 2510 271 2535 versus
303 2497 501 2534 Numidas
541 2502 746 2541 steterant,
791 2502 1019 2534 consertum
1060 2497 1241 2545 proelium
1283 2500 1380 2539 erat,
1425 2506 1550 2543 segne

135 2568 264 2617 primo
289 2573 328 2605 et
352 2580 377 2604 a
393 2567 544 2604 Punica
570 2573 744 2616 coeptum
765 2567 919 2604 fraude.
969 2567 1189 2615 Quingenti
1210 2565 1332 2601 ferme
1349 2564 1549 2608 Numidae,
1566 2561 1592 2602 2

135 2644 278 2686 praeter
303 2639 420 2675 solita
444 2650 554 2674 arma
579 2638 738 2686 telaque
762 2638 922 2686 gladios
948 2638 1129 2674 occultos
1158 2637 1230 2672 sub
1249 2635 1380 2672 loricis
1399 2635 1551 2671 haben—
