1789 2955
488 103 603 139 Liber
626 103 773 140 XXIX.
822 107 880 149 (A.
909 105 973 140 Oh.
999 107 1093 150 204.)
1422 109 1503 148 205

76 233 239 271 classem
270 232 452 282 expediri
484 232 618 280 iussit,
661 236 851 282 tanquam
897 233 1166 271 dimicandum
1212 248 1256 272 eo
1302 235 1366 272 die
1396 238 1504 273 terra

79 305 259 355 marique
306 317 394 342 cum
440 303 840 353 Carthaginiensibus
887 309 997 343 esset.
1074 306 1162 353 Quo
1208 306 1272 344 die
1303 311 1508 354 venerunt,
1527 309 1550 344 2

75 376 252 427 bospitio
285 376 450 414 comiter
479 376 664 426 acceptis,
694 380 854 427 postero
886 377 952 414 die
982 381 1212 415 terrestrem
1243 379 1502 430 navalemque

74 450 305 496 exercitum,
336 462 414 486 non
445 448 661 486 instructos
693 449 821 497 modo,
852 449 921 486 sed
942 449 1012 487 hos
1039 450 1306 498 decurrentes,
1339 451 1504 489 classem

76 522 116 560 in
133 525 252 572 portu
269 520 525 558 simulacrum
542 524 581 558 et
605 521 731 571 ipsam
747 521 928 558 edentem
951 521 1105 559 navalis
1129 535 1283 572 pugnae,
1309 524 1504 571 ostendit3

73 597 157 631 tum
175 593 280 631 circa
298 592 602 630 armamentaria
619 596 658 630 et
680 593 824 631 horrea
850 593 1026 643 bellique
1052 594 1173 631 alium
1190 599 1426 645 apparatum
1451 596 1507 633 vi·
1528 596 1551 632 3

75 665 238 704 sendum
255 668 404 715 praetor
420 665 621 714 legatique
639 665 760 703 ducti.
798 664 1008 715 Tantaque
1027 665 1238 704 admiratio
1257 667 1506 716 singularum
1523 669 1548 705 4

73 739 429 787 universarumque
474 750 605 774 rerum
650 737 825 785 incussa,
869 741 914 774 ut
959 738 1054 776 satis
1086 738 1306 786 crederent,
1336 743 1404 777 aut
1434 740 1503 777 illo

75 809 174 848 duce
204 812 325 859 atque
357 810 536 847 exercitu
562 810 669 847 vinci
697 809 1069 858 Carthaginiensem
1100 811 1292 860 populum
1325 816 1394 849 aut
1424 813 1503 850 alio

74 882 185 920 nullo
218 895 345 932 posse,
378 881 656 932 iuberentque,
689 881 795 931 quod
820 882 860 919 di
884 882 983 919 bene
1008 886 1219 930 verterent,
1250 883 1436 921 traiicere
1468 888 1506 922 et
1525 884 1548 921 5

73 954 161 1005 spei
193 957 404 1004 conceptae,
435 967 513 1004 quo
545 954 609 991 die
640 954 753 992 illum
777 968 911 992 omnes
937 955 1124 992 centuriae
1156 956 1334 1005 priorem
1366 969 1504 993 consu-

71 1026 147 1063 lem
179 1025 400 1073 dixissent,
448 1026 579 1075 primo
625 1039 784 1076 quoque
827 1030 1004 1076 tempore
1052 1031 1271 1077 compotem
1311 1028 1505 1078 populum

71 1098 297 1136 Romanum
328 1098 477 1145 facere3
524 1098 704 1148 adeoque
736 1099 840 1136 laetis
886 1098 981 1136 inde
1028 1099 1169 1137 animis
1200 1100 1371 1150 profecti
1401 1104 1504 1160 sunt,
1524 1101 1547 1137 6

70 1173 261 1221 tanquam
292 1169 514 1217 victoriam,
545 1183 623 1208 non
664 1169 763 1208 belli
793 1171 1049 1220 magnificum
1079 1175 1315 1222 apparatum
1346 1172 1503 1210 nuntia-

71 1243 154 1281 turi
183 1242 354 1280 Romam
388 1245 529 1280 essent.

183 1314 411 1352 Pleminius
444 1315 593 1364 quique
625 1315 666 1351 in
697 1314 835 1352 eadem
867 1328 986 1354 causa
1032 1320 1155 1364 erant,
1186 1319 1397 1367 postquam
1427 1317 1507 1356 Ro-
1529 1319 1550 1355 7

70 1400 174 1424 mam
207 1389 266 1424 est
295 1390 477 1434 ventum,
522 1387 720 1437 extemplo
753 1387 796 1425 in
828 1401 1026 1426 carcerem
1058 1389 1222 1426 conditi.
1282 1388 1346 1426 Ac
1376 1389 1504 1439 primo

71 1458 258 1510 producti
288 1458 338 1498 ad
368 1459 561 1509 populum
593 1459 642 1497 ab
672 1458 848 1497 tribunis
879 1460 986 1510 apud
1017 1464 1315 1511 praeoccupatos
1331 1461 1504 1499 Locren-

70 1531 174 1569 sium
219 1531 333 1569 clade
379 1532 530 1569 animos
574 1531 729 1568 nullum
775 1531 1061 1570 misericordiae
1099 1534 1230 1571 locum
1261 1534 1504 1581 habuerunt;

69 1606 208 1654 postea
240 1617 363 1654 quum
409 1603 555 1653 saepius
585 1602 920 1653 producerentur,
966 1605 1045 1642 iam
1075 1609 1302 1643 senescente
1334 1606 1503 1656 invidia,
1522 1607 1546 1644 8

70 1675 357 1713 molliebantur
388 1675 481 1723 irae,
527 1678 566 1712 et
611 1675 701 1725 ipsa
745 1675 978 1714 deformitas
1014 1677 1202 1715 Pleminii
1235 1679 1504 1728 memoriaque

78 1747 252 1785 absentis
283 1745 486 1797 Scipionis
517 1747 691 1785 favorem
731 1747 782 1785 ad
812 1748 978 1797 vulgum
1010 1750 1261 1788 conciliabat.
1321 1750 1549 1789 Mortuus9

70 1822 205 1857 tamen
235 1819 349 1870 prius
381 1820 421 1856 in
451 1819 594 1857 vinclis
625 1823 694 1867 est,
725 1834 843 1870 quam
873 1820 1070 1859 iudicium
1102 1822 1150 1859 de
1182 1835 1227 1860 eo
1251 1822 1391 1872 populi
1416 1837 1502 1874 per-

70 1891 268 1930 ficeretur.
327 1891 447 1929 Hunc
479 1891 724 1930 Pleminium
757 1892 924 1930 Clodius
963 1893 1125 1931 Licinus
1164 1894 1205 1931 in
1247 1895 1350 1933 libro
1380 1896 1503 1934 tertio
1524 1896 1574 1934 10

70 1976 202 2001 rerum
233 1963 503 2002 Romanarum
534 1964 657 2003 refert
685 1964 792 2002 ludis
822 1965 982 2013 votivis,
1014 1979 1111 2015 quos
1128 1966 1266 2004 Romae
1282 1967 1501 2006 Africanus

71 2035 217 2074 iterum
248 2036 386 2075 consul
417 2036 611 2084 faciebat,
658 2040 840 2075 conatum
871 2051 942 2087 per
973 2038 1182 2087 quosdam,
1228 2053 1326 2089 quos
1371 2041 1501 2091 pretio

69 2112 313 2158 corruperat,
344 2109 500 2158 aliquot
530 2109 630 2146 locis
654 2109 792 2146 urbem
823 2109 1045 2158 incendere,
1074 2114 1120 2148 ut
1150 2111 1386 2161 effringendi
1418 2127 1500 2151 car-

69 2180 170 2218 ceris
201 2180 461 2231 fugiendique
491 2181 659 2219 haberet
689 2182 956 2229 occasionem,
988 2183 1188 2233 patefacto
1222 2185 1316 2222 dein
1341 2185 1500 2234 scelere,

71 2251 271 2289 deiectum
317 2252 357 2290 in
389 2252 618 2290 Tullianum
664 2267 711 2291 ex
757 2258 917 2292 senatus
962 2256 1154 2294 consulto.
1215 2256 1280 2294 De
1312 2256 1501 2308 Scipione
1525 2258 1572 2295 11

73 2337 269 2374 nusquam
301 2324 379 2362 nisi
406 2325 446 2362 in
472 2328 611 2363 senatu
627 2329 771 2373 actum,
801 2326 871 2363 ubi
898 2340 1031 2364 omnes
1048 2327 1251 2378 legatique
1274 2332 1313 2367 et
1334 2330 1499 2378 tribuni,

68 2395 255 2445 classem,
301 2397 519 2435 exercitum
563 2397 780 2448 ducemque
810 2398 942 2436 verbis
973 2400 1233 2451 extollentes,
1274 2401 1498 2450 effecerunt,

67 2471 112 2506 ut
140 2471 300 2507 senatus
331 2472 522 2519 censeret,
553 2469 682 2519 primo
715 2484 873 2521 quoque
910 2474 1086 2521 tempore
1132 2471 1174 2509 in
1204 2470 1387 2511 Africam
1417 2477 1498 2512 tra-

69 2539 311 2592 iiciendum,
343 2539 605 2592 Scipionique
644 2543 963 2592 permitteretur,
1009 2547 1053 2580 ut
1084 2557 1131 2581 ex
1162 2544 1211 2582 iis
1243 2546 1497 2594 exercitibus,
1522 2547 1573 2583 12

68 2612 140 2661 qui
171 2612 213 2649 in
245 2611 388 2651 Sicilia
419 2617 568 2665 essent,
608 2614 693 2665 ipse
725 2615 914 2663 eligeret,
947 2629 1045 2664 quos
1077 2616 1120 2653 in
1152 2616 1333 2655 Africam
1365 2632 1496 2657 secum

65 2684 281 2733 traiiceret,
312 2697 411 2736 quos
441 2686 658 2735 provinciae
688 2687 936 2737 relinqueret
965 2688 1169 2737 praesidio.
