1789 2955
506 75 622 112 Liber
646 76 792 111 xxvi.
841 77 901 122 (A.
928 78 992 113 eh.
1017 79 1111 122 210.)
1467 82 1521 119 47

70 203 215 253 ‘virgis
254 216 374 241 caesos
410 203 541 241 securi
580 204 788 253 percussit,
835 209 986 243 ceteros
1026 206 1283 256 praedamque
1320 206 1521 255 vendidit;

91 287 246 314 omnem
269 275 479 326 pecuniam
505 275 673 313 Romam
698 277 817 314 misit.
864 277 988 314 Fama
1011 277 1374 327 Agrigentinorum
1399 279 1523 317 cladis
1544 279 1597 317 14

91 345 273 386 Siciliam
305 360 425 397 quum
455 347 708 397 pervasisset,
740 348 871 386 omnia
901 352 1064 399 repente
1095 350 1145 386 ad
1176 349 1378 387 Romanos
1410 351 1523 388 incli-

92 422 299 458 naverunt.
359 419 526 457 Prodita
556 420 669 457 brevi
699 423 792 457 sunt
821 420 965 468 viginti
997 421 1154 470 oppida,
1201 435 1268 458 sex
1306 423 1347 459 vi
1387 426 1521 472 capta,

92 491 318 530 voluntaria
334 491 538 529 deditione
554 492 595 530 in
611 491 729 528 fidem
745 495 941 528 venerunt
959 492 1009 529 ad
1027 493 1304 542 quadraginta.
1347 493 1524 540 Quarum
1547 493 1596 533 15

93 562 316 601 civitatium
338 562 588 613 principibus
613 576 733 613 quum
757 575 830 612 pro
856 563 1048 612 cuiusque
1072 565 1214 603 merito
1242 566 1378 602 consul
1395 566 1524 615 pretia

93 647 310 685 poenasque
338 635 582 679 exsolvisset,
615 636 890 684 coegissetque
915 634 1082 681 Siculos,
1110 637 1251 686 positis
1276 637 1438 674 tandem
1465 652 1524 674 ar-

94 706 179 753 mis,
207 706 257 743 ad
283 719 421 754 agrum
444 707 654 744 colendum
672 707 824 744 animos
841 710 1082 754 convertere,
1107 712 1150 745 ut
1167 713 1270 746 esset
1286 722 1364 745 non
1382 709 1525 746 incola·
1548 707 1598 745 16

95 790 182 814 rum
199 777 314 815 modo
332 778 535 815 alimentis
551 778 745 827 frugifera
762 779 905 825 insula,
932 779 1000 815 sed
1025 780 1135 816 urbis
1152 780 1289 818 Romae
1308 785 1426 830 atque
1443 781 1525 818 Ita-

93 848 172 896 liae,
197 849 239 886 id
257 848 362 899 quod
378 850 513 887 multis
531 864 635 899 saepe
651 850 954 899 tempestatibus
971 851 1130 898 fecerat,
1149 865 1345 889 annonam
1364 853 1526 900 levaret,

95 921 147 960 ab
188 920 427 970 Agathyrna
468 922 712 959 inconditam
758 922 1054 959 multitudinem
1101 937 1231 960 secum
1279 924 1319 961 in
1365 924 1527 961 Italiam

93 993 328 1031 transvexit.
390 994 592 1041 Quattuor
630 994 761 1031 millia
799 994 1003 1032 hominum
1042 999 1165 1040 erant,
1198 996 1312 1032 mixti
1344 1010 1390 1032 ex
1422 995 1529 1033 omni
1551 995 1602 1031 17

96 1065 331 1112 colluvione,
364 1066 530 1113 exsules,
562 1066 739 1110 obaerati,
772 1066 962 1115 capitalia
993 1067 1075 1103 ausi
1110 1054 1303 1116 plerique,
1336 1081 1458 1116 quum
1485 1068 1526 1104 in

96 1137 332 1176 civitatibus
363 1138 444 1175 suis
476 1151 520 1175 ac
552 1138 624 1175 sub
656 1138 811 1185 legibus
836 1138 1033 1185 vixerant,
1067 1141 1116 1178 et.
1150 1142 1359 1188 postquam
1387 1153 1452 1176 eos
1479 1151 1529 1176 ex

95 1210 220 1248 variis
253 1211 384 1248 causis
412 1211 571 1247 fortuna
603 1210 747 1247 similis
780 1209 1090 1258 conglobaverat
1123 1210 1412 1258 Agathyrnam,
1457 1224 1529 1260 per

97 1281 312 1320 latrocinia
342 1295 387 1320 ac
411 1281 594 1331 rapinam
616 1283 834 1319 tolerantes
860 1282 994 1320 vitam.
1041 1282 1127 1319 Hos
1152 1295 1279 1331 neque
1304 1283 1532 1332 relinquere
1552 1281 1603 1318 18

97 1353 286 1392 Laevinus
317 1355 362 1391 in
391 1354 521 1391 insula
550 1357 634 1391 tum
667 1354 839 1403 primum
870 1367 973 1391 nova
1004 1367 1100 1403 pace
1131 1355 1388 1400 coalescente,
1420 1354 1529 1391 velut

95 1426 302 1464 materiam
333 1426 527 1463 novandis
557 1426 690 1471 rebus,
737 1425 835 1463 satis
865 1428 995 1462 tutum
1026 1430 1136 1463 ratus
1176 1429 1245 1472 est,
1291 1430 1329 1463 et
1359 1426 1530 1473 Reginis

93 1499 185 1536 usui
215 1498 341 1535 futuri
374 1502 498 1543 erant,
540 1498 591 1535 ad
629 1498 901 1547 populandum
927 1498 1131 1535 Bruttium
1163 1511 1303 1547 agrum
1334 1500 1531 1551 assuetam

96 1570 321 1609 latrociniis
362 1569 633 1620 quaerentibus
674 1583 843 1606 manum.
902 1569 956 1606 Et
994 1570 1100 1619 quod
1141 1570 1191 1606 ad
1225 1568 1404 1606 Siciliam
1436 1569 1529 1606 atti-

94 1646 173 1689 net,
205 1656 250 1680 eo
282 1655 384 1680 anno
416 1641 662 1679 debellatum
694 1645 762 1678 est.

210 1714 260 1751 In
291 1713 491 1764 Hispania
522 1713 723 1763 principio
755 1713 858 1751 veris
891 1712 936 1750 P.
970 1712 1117 1762 Scipio,
1149 1713 1318 1749 navibus
1349 1712 1529 1750 deductis
1618 1706 1672 1755 41

96 1786 350 1836 evocatisque
375 1785 506 1822 edicto
524 1784 791 1822 Tarraconem
818 1784 1013 1821 sociorum
1039 1784 1215 1830 auxiliis,
1249 1785 1412 1822 classem
1439 1797 1529 1821 one-

94 1859 300 1908 rariasque
340 1857 485 1895 ostium
518 1856 611 1893 inde
643 1856 790 1894 Hiberi
820 1857 995 1894 fluminis
1028 1859 1164 1905 petere
1194 1856 1317 1893 iubet.
1378 1855 1531 1892 Eodem
1552 1854 1575 1890 2

95 1930 275 1979 legiones
309 1943 356 1966 ex
380 1928 557 1966 hibernis
582 1929 792 1965 convenire
819 1941 939 1978 quum
968 1928 1166 1975 iussisset,
1187 1929 1272 1978 ipse
1300 1941 1387 1965 cum
1415 1927 1528 1977 quin-

96 2015 172 2053 que
210 2001 392 2039 millibus
423 2001 624 2039 sociorum
656 2001 706 2038 ab
737 2000 963 2037 Tarracone
994 2001 1194 2053 profectus
1226 2000 1276 2038 ad
1307 1999 1528 2037 exercitum

96 2078 165 2113 est.
227 2075 316 2122 Quo
345 2086 462 2122 quum
489 2073 673 2119 venisset,
706 2072 968 2122 alloquendos
991 2073 1162 2110 maxime
1185 2075 1340 2110 veteres
1367 2071 1529 2117 milites,

96 2147 167 2197 qui
195 2146 319 2183 tantis
351 2145 630 2194 superfuerant
661 2144 854 2191 cladibus,
885 2147 1006 2191 ratus,
1037 2144 1222 2183 contione
1250 2144 1447 2182 advocata
1473 2142 1530 2179 ita

99 2218 309 2256 disseruit:
375 2216 525 2262 „Nemo
556 2219 647 2253 ante
678 2230 738 2253 me
777 2230 903 2254 novus
945 2217 1163 2266 imperator
1200 2217 1400 2254 militibus
1439 2213 1574 2261 suis,3

95 2290 330 2340 priusquam
371 2301 492 2337 opera
532 2301 665 2325 eorum
705 2301 800 2325 usus
839 2292 952 2335 esset,
997 2289 1146 2337 gratias
1188 2301 1308 2337 agere
1354 2288 1439 2324 iure
1488 2298 1531 2322 ac

38 2379 41 2381 ·
95 2363 239 2400 merito
277 2362 431 2411 potuit3
476 2374 536 2397 me
577 2360 701 2406 vobis,
747 2360 981 2410 priusquam
1019 2360 1271 2410 provinciam
1304 2363 1372 2396 aut
1403 2356 1578 2395 castra4

95 2433 286 2482 viderem,
313 2432 512 2482 obligavit
527 2433 698 2477 fortuna,
723 2432 894 2481 primum
912 2433 1018 2481 quod
1036 2446 1081 2469 ea
1096 2432 1246 2482 pietate
1264 2443 1360 2479 erga
1376 2432 1531 2479 patrem

96 2508 362 2556 patruumque
408 2518 537 2542 meum
582 2504 692 2542 vivos
739 2507 995 2553 mortuosque
1043 2504 1190 2550 fuistis,
1237 2501 1381 2539 deinde
1427 2500 1534 2550 quod
1554 2500 1577 2538 5

99 2577 284 2615 amissam
335 2579 448 2615 tanta
494 2575 605 2614 clade
652 2575 871 2626 provinciae
918 2576 1203 2625 possessionem
1248 2575 1444 2623 integram
1492 2574 1532 2609 et

98 2649 247 2699 populo
278 2648 460 2686 Romano
492 2652 530 2685 et
560 2648 777 2685 successori
809 2647 909 2684 mihi
939 2648 1087 2685 virtute
1117 2649 1250 2684 vestra
1287 2644 1530 2683 obtinuistis.
