1768 2943
228 86 307 127 138
642 84 746 116 Liber
772 84 900 116 xxm.
943 84 996 127 (A.
1019 94 1049 116 u.
1072 94 1098 116 c.
1122 84 1215 127 538.)

223 216 431 253 dictatoris
459 216 611 252 iniussu
641 216 811 252 auderet
838 214 1118 266 (pugnandum
1147 222 1280 252 autem
1309 229 1411 262 esse,
1447 217 1478 254 si
1506 218 1638 266 palam

224 287 463 322 frumentum
496 286 743 335 importaret,
777 284 955 336 videbat)
989 298 1120 334 neque
1153 287 1256 323 clam
1277 287 1523 335 importandi
1547 300 1639 336 spes

181 355 206 396 8
223 363 342 402 esset,
378 357 480 393 farre
513 369 561 392 ex
594 357 699 405 agris
733 356 837 393 circa
861 357 1040 405 undique
1065 363 1262 394 convecto
1287 369 1409 405 quum
1434 358 1640 406 complura

223 427 333 464 dolia
366 427 623 476 complesset,
657 426 841 463 nuntium
873 427 928 463 ad
959 427 1235 476 magistratum
1269 427 1488 464 Casilinum
1522 428 1639 473 misit,

181 495 265 536 9ut
297 497 529 546 exciperent
561 497 684 541 dolia,
719 509 807 545 quae
841 497 969 534 amnis
998 497 1186 534 deferret.
1249 497 1482 546 Insequenti
1505 505 1639 542 nocte,

224 568 387 604 intentis
412 567 598 604 omnibus
616 567 657 603 in
675 568 823 604 flumen
843 580 889 605 ac
909 580 1021 616 spem
1040 569 1090 604 ab
1108 568 1251 604 nuntio
1271 569 1459 605 Romano
1479 568 1639 613 factam,

225 638 336 674 dolia
354 638 492 674 medio
510 638 633 674 missa
651 638 758 674 amni
778 639 1049 681 defluxerunt;
1077 638 1360 687 aequaliterque
1379 639 1481 675 inter
1498 651 1641 676 omnes

156 704 210 745 10
225 708 466 744 frumentum
491 708 675 745 divisum.
737 708 784 744 Id
809 715 974 757 postero
999 721 1162 757 quoque
1187 709 1254 745 die
1280 722 1325 746 ac
1351 709 1468 745 tertio
1493 709 1641 746 sactum

223 783 301 822 est;
321 784 443 815 nocte
461 783 500 814 et
516 778 776 815 mittebantur
795 786 833 815 et
850 780 1160 828 perveniebant;
1180 791 1230 815 eo
1247 780 1453 816 custodias
1467 780 1642 816 hostium

155 845 204 885 11
224 848 428 886 fallebant.
500 849 696 887 Imbribus
735 850 887 886 deinde
929 850 1130 886 continuis
1170 850 1327 886 citatior
1360 850 1480 887 solito
1513 851 1642 887 amnis

224 926 452 956 transverso
477 920 624 957 vertice
649 921 759 957 dolia
784 920 940 968 impulit
963 921 1017 956 ad
1041 921 1182 969 ripam,
1208 932 1327 968 quam
1355 921 1493 957 hostes
1511 933 1642 957 serva—

224 991 334 1027 bant.
397 990 455 1026 Ibi
489 991 681 1028 haerentia
714 992 816 1027 inter
850 991 1003 1027 obnata
1034 991 1130 1039 ripis
1163 991 1303 1027 salicta
1327 991 1641 1039 conspiciuntur,

224 1061 533 1109 nuntiatumque
550 1061 770 1098 Hannibali
789 1067 862 1105 est,
882 1066 921 1097 et
939 1061 1091 1097 deinde
1110 1061 1326 1097 intentiore
1345 1062 1532 1097 custodia
1551 1073 1643 1098 cau-

156 1127 319 1175 12tum,
358 1144 410 1167 ne
444 1132 542 1180 quid
575 1132 729 1168 falleret
760 1132 960 1168 Vulturno
994 1133 1048 1168 ad
1083 1133 1221 1168 urbem
1255 1131 1433 1168 missum.
1507 1131 1642 1169 Nuces

225 1207 361 1237 tamen
388 1201 484 1238 fusae
510 1203 559 1237 ab
579 1203 774 1240 Romanis
801 1204 954 1247 castris,
986 1215 1107 1251 quum
1133 1202 1270 1238 medio
1298 1202 1405 1237 amni
1431 1202 1485 1238 ad
1503 1201 1644 1238 Casili-

157 1268 210 1309 13
225 1284 321 1308 num
364 1272 602 1318 defluerent,
647 1274 822 1310 cratibus
861 1273 1176 1322 excipiebantur.
1254 1273 1466 1309 Postremo
1506 1273 1560 1309 ad
1602 1273 1644 1309 id

225 1347 387 1378 ventum
411 1343 560 1391 inopiae
586 1349 658 1388 est,
686 1349 728 1380 ut
750 1344 835 1380 lora
861 1345 1146 1392 detractasque
1172 1343 1293 1380 scutis
1319 1343 1457 1391 pelles,
1485 1343 1551 1379 ubi
1570 1343 1646 1380 fer-

225 1413 317 1449 vida
342 1414 567 1450 mollissent
594 1426 711 1462 aqua,
738 1415 934 1451 mandere
960 1419 1204 1451 conarentur
1227 1425 1303 1450 nec
1322 1414 1498 1450 muribus
1516 1414 1645 1450 aliove

226 1484 387 1520 animali
412 1485 661 1521 abstinerent
687 1490 726 1521 et
752 1498 873 1521 omne
898 1485 1112 1521 herbarum
1136 1484 1398 1532 radicumque
1422 1496 1552 1532 genus
1577 1496 1646 1532 ag-

157 1550 212 1591 14
226 1555 386 1602 geribus
419 1554 563 1590 infimis
597 1555 695 1590 muri
730 1562 928 1592 eruerent.
992 1555 1043 1592 Et
1076 1567 1198 1603 quum
1230 1555 1369 1591 hostes
1393 1554 1645 1598 obarassent,

227 1625 418 1673 quicquid
452 1625 609 1661 herbidi
642 1626 788 1662 terreni
822 1631 933 1662 extra
965 1638 1119 1662 murum
1153 1631 1251 1669 erat,
1285 1636 1473 1673 raporum
1508 1636 1648 1661 semen

226 1695 462 1739 iniecerunt,
497 1701 539 1731 ut
563 1695 769 1732 Hannibal
799 1696 942 1733 «Eone
966 1709 1106 1744 usque,
1141 1697 1238 1732 dum
1263 1708 1312 1731 ea
1335 1701 1567 1739 nascantur,
1594 1695 1648 1731 ad

163 1763 216 1803 15
232 1765 451 1802 Casilinum
485 1778 666 1803 sessurus
701 1764 838 1803 sum?»
877 1767 1138 1810 exclamaret;
1174 1771 1213 1802 et
1245 1766 1312 1814 qui
1345 1765 1493 1801 nullam
1527 1770 1648 1801 antea

228 1836 461 1884 pactionem
480 1837 640 1873 auribus
659 1837 892 1882 admiserat,
914 1843 996 1873 turn
1015 1838 1180 1873 demum
1198 1836 1262 1885 agi
1282 1848 1418 1873 secum
1432 1842 1493 1872 est
1505 1847 1648 1884 passus

160 1904 212 1944 16
229 1907 281 1942 de
306 1907 590 1955 redemptione
616 1907 831 1944 liberorum
858 1908 1048 1956 capitum.
1097 1907 1320 1955 Septunces
1346 1906 1430 1942 auri
1453 1906 1494 1942 in
1514 1907 1649 1954 singu-

227 1977 287 2013 los
313 1977 483 2025 pretium
509 1978 711 2014 convenit.
761 1978 862 2014 Fide
887 1984 1056 2026 accepta
1080 1977 1335 2013 tradiderunt
1352 1989 1456 2013 sese,
1504 1976 1648 2014 Donec

229 2059 350 2083 omne
383 2059 522 2083 aurum
552 2048 800 2096 persolutum
828 2053 902 2093 est,
935 2048 977 2085 in
1005 2048 1170 2085 vinculis
1199 2047 1345 2091 habiti;
1380 2053 1463 2083 tum
1495 2046 1650 2084 remissi

161 2114 212 2155 17
230 2129 385 2154 summa
418 2130 506 2154 cum
541 2117 634 2154 fide.
697 2118 744 2154 Id
769 2119 899 2155 verius
925 2125 986 2156 est
1009 2131 1129 2167 quam
1153 2119 1204 2155 ab
1230 2118 1365 2167 equite
1387 2117 1429 2154 in
1453 2118 1650 2154 abeuntes

231 2189 411 2225 immisso
430 2187 678 2225 interfectos.
728 2189 964 2226 Praenestini
982 2189 1156 2226 maxima
1174 2201 1267 2238 pars
1286 2188 1409 2225 fuere.
1459 2188 1519 2224 Ex
1537 2188 1651 2236 quin-

229 2258 362 2307 gentis
376 2258 646 2307 septuaginta,
661 2259 726 2307 qui
741 2260 780 2295 in
794 2260 984 2308 praesidio
995 2260 1166 2303 fuerunt,
1182 2259 1428 2295 haudminus
1439 2257 1651 2294 dimidium

232 2329 376 2366 ferrum
411 2329 621 2377 famesque
654 2329 897 2378 absumpsit;
932 2331 1053 2367 ceteri
1085 2330 1309 2367 incolumes
1332 2329 1536 2366 Praeneste
1561 2340 1651 2365 cum

230 2404 401 2448 praetore
442 2411 516 2436 suo
556 2397 612 2435 M.
646 2399 790 2435 Anicio
831 2398 976 2450 (scriba
1014 2401 1047 2438 is
1085 2406 1206 2437 antea
1245 2397 1388 2449 fuerat)
1431 2400 1650 2436 redierunt.

164 2466 218 2507 18
236 2470 375 2506 Statua
407 2470 492 2506 eius
523 2469 677 2506 indicio
711 2469 794 2514 fuit,
835 2470 1037 2508 Praeneste
1070 2472 1110 2507 in
1143 2470 1232 2507 foro
1266 2474 1426 2514 statuta,
1470 2469 1650 2513 loricata,

227 2540 373 2577 amicta
407 2546 517 2590 toga,
551 2541 684 2577 velato
718 2541 863 2589 capite,
900 2539 957 2591 [et
981 2542 1053 2578 tria
1079 2538 1212 2591 signa]
1246 2553 1336 2577 cum
1369 2540 1484 2576 titulo
1509 2540 1651 2576 lamnae

226 2623 365 2647 aeneae
398 2611 604 2660 inscripto,
650 2611 704 2648 M.
739 2611 926 2648 Anicium
959 2624 1032 2660 pro
1066 2612 1268 2656 militibus,
1312 2611 1378 2659 qui
1413 2609 1580 2647 Casilini
1610 2609 1652 2646 in
