1789 2955
246 64 328 103 250
600 61 715 96 Liber
739 61 864 96 XXX.
913 63 975 105 (A.
1002 74 1035 96 u.
1062 73 1091 96 c.
1117 62 1324 105 551—552.)

247 188 289 226 O.
320 187 533 226 Terentius
561 188 705 235 Varro,
737 188 779 227 C.
798 189 1015 235 Mamilius,
1047 188 1101 226 M.
1122 188 1341 236 Aurelius3
1374 188 1423 226 iis
1448 192 1529 226 tres
1563 189 1677 238 quin-

249 272 454 310 queremes
487 259 599 297 datae.

204 330 227 368 5
359 331 504 369 Annus
530 331 699 380 insignis
729 332 918 369 incendio
939 331 1106 381 ingenti,
1140 344 1218 381 quo
1248 331 1375 369 clivus
1393 331 1604 369 Publicius
1630 331 1679 369 ad

246 404 373 442 solum
405 407 566 441 exustus
597 406 668 449 est,
699 407 739 441 et
763 416 955 453 aquarum
979 402 1267 452 magnitudine,
1299 402 1368 440 sed
1392 415 1558 441 annonae
1589 403 1678 441 vili-

246 479 327 514 tate
359 476 446 522 fuit,
479 478 747 524 praeterquam
780 474 886 524 quod
931 488 1028 524 pace
1069 474 1197 512 omnis
1229 473 1352 511 Italia
1398 477 1536 523 aperta
1582 478 1677 520 erat,

205 546 228 583 6
247 548 368 586 etiam
400 546 508 596 quod
538 559 721 594 magnam
753 546 833 584 vim
872 547 1059 583 frumenti
1106 558 1154 583 ex
1187 545 1386 594 Hispania
1431 545 1591 583 missam
1625 545 1679 583 M.

245 619 433 657 Valerius
465 618 585 655 Falto
617 622 656 655 et
687 618 742 656 M.
775 618 927 656 Fabius
959 617 1090 655 Buteo
1122 617 1257 655 aediles
1290 616 1447 654 curules
1473 617 1678 666 quat-ernis

246 692 335 729 aeris
365 691 531 729 vicatim
563 690 713 740 populo
749 689 1062 739 descripserunt.

203 762 224 797 7
358 763 512 801 Eodem
544 775 646 799 anno
678 762 726 809 Q.
752 762 903 799 Fabius
920 761 1122 798 Maximus
1147 760 1328 806 moritur,
1360 763 1508 797 exactae
1536 760 1679 807 aetatis,

246 836 278 873 si
310 835 470 885 quidem
486 846 623 871 verum
652 837 721 880 est,
752 846 942 883 augurem
967 832 1065 870 duos
1091 836 1129 870 et
1153 833 1365 882 sexaginta
1396 845 1519 869 annos
1543 832 1679 878 fuisse,

202 905 228 942 8
246 906 352 957 quod
385 905 547 956 quidam
578 909 759 943 auctores
791 909 893 942 sunt.
940 904 1018 942 Vir
1051 909 1156 942 certe
1182 905 1259 942 fuit
1285 904 1432 953 dignus
1454 907 1565 941 tanto
1590 916 1679 952 cog-

245 978 416 1024 nomine,
447 977 512 1015 vel
544 978 577 1015 si
608 990 754 1015 novum
786 977 835 1014 ab
878 989 922 1014 eo
962 977 1170 1026 inciperet.
1233 976 1446 1026 Superavit
1490 978 1677 1025 paternos

245 1050 429 1096 honores,
463 1049 594 1087 avitos
612 1049 799 1098 aequavit.
848 1048 1043 1086 Pluribus
1060 1048 1242 1087 victoriis
1271 1051 1310 1085 et
1332 1047 1549 1085 maioribus
1578 1060 1680 1097 proe·

245 1123 312 1160 liis
358 1135 454 1160 avus
493 1121 665 1170 insignis
697 1121 863 1167 Rullus;
908 1121 977 1158 sed
1025 1121 1157 1158 omnia
1202 1133 1360 1170 aequare
1406 1132 1508 1156 unus
1553 1119 1680 1157 hostis

206 1193 455 1233 9Hannibal
485 1196 629 1242 potest.
690 1193 858 1231 Cautior
888 1196 1021 1230 tamen
1053 1205 1171 1242 quam
1209 1192 1432 1242 promptior
1472 1191 1538 1228 hic
1568 1190 1681 1228 habi·

246 1270 331 1313 tus,
365 1268 404 1303 et
435 1265 541 1303 sicut
571 1265 741 1310 dubites,
769 1269 902 1302 utrum
928 1265 1090 1314 ingenio
1114 1266 1323 1301 cunctator
1347 1263 1479 1313 fuerit,
1513 1277 1562 1301 an
1588 1263 1683 1313 quia

250 1338 306 1375 ita
336 1337 443 1375 bello
474 1338 646 1386 proprie,
679 1337 786 1386 quod
817 1341 902 1374 tum
934 1337 1163 1386 gerebatur,
1197 1339 1334 1385 aptum
1367 1338 1464 1383 erat,
1493 1335 1549 1372 sic
1580 1334 1683 1371 nihil

247 1410 394 1447 certius
426 1414 497 1457 est,
530 1422 647 1458 quam
679 1422 800 1446 unum
831 1409 1030 1447 hominem
1057 1408 1173 1446 nobis
1198 1407 1421 1445 cunctando
1453 1420 1535 1444 rem
1565 1407 1681 1444 resti-

179 1480 231 1519 10
248 1481 383 1527 tuisse,
415 1481 520 1518 sicut
550 1480 704 1518 Ennius
736 1481 804 1518 ait.
864 1480 1012 1530 Augur
1051 1481 1091 1518 in
1130 1480 1261 1517 locum
1300 1480 1382 1517 eius
1415 1480 1678 1528 inauguratus

246 1553 293 1601 Q.
326 1553 476 1590 Fabius
508 1553 710 1590 Maximus
743 1552 868 1598 filius;
908 1552 948 1589 in
981 1552 1158 1590 eiusdem
1198 1553 1327 1589 locum
1360 1551 1541 1601 pontifex
1573 1549 1683 1603 (nam

247 1625 326 1662 duo
358 1624 580 1662 sacerdotia
610 1624 770 1674 habuit)
803 1623 887 1663 Ser.
923 1623 1130 1674 Sulpicius
1162 1623 1304 1661 Galba.

182 1696 227 1732 11
363 1696 470 1734 Ludi
499 1696 672 1733 Romani
704 1696 809 1733 diem
840 1709 973 1744 unum,
1004 1696 1157 1746 plebeii
1187 1699 1247 1733 ter
1278 1695 1354 1733 toti
1387 1694 1601 1733 instaurati
1633 1694 1682 1731 ab

251 1769 435 1807 aedilibus
466 1768 523 1806 M.
558 1767 695 1806 Sextio
728 1766 880 1806 Sabino
912 1771 950 1806 et
969 1768 1039 1806 Cn.
1056 1767 1273 1805 Tremellio
1292 1767 1450 1804 Flacca
1497 1766 1535 1803 Ii
1567 1766 1683 1803 ambo

248 1844 440 1892 praetores
471 1841 582 1888 facti,
614 1843 653 1878 et
683 1853 773 1878 cum
804 1840 853 1878 iis
885 1840 926 1878 C.
958 1840 1100 1878 Livius
1126 1838 1331 1877 Salinator
1363 1842 1402 1876 et
1430 1838 1471 1876 C.
1490 1838 1684 1876 Aurelius

183 1911 230 1948 12
250 1913 379 1952 Cotta.
425 1912 598 1951 Comitia
629 1913 712 1950 eius
745 1913 839 1950 anni
870 1915 1004 1949 utrum
1030 1912 1071 1949 C.
1099 1910 1297 1949 Servilius
1329 1911 1465 1948 consu]
1498 1909 1685 1947 habuerit

248 1998 310 2035 an,
344 1985 439 2034 quia
471 1998 559 2022 eum
591 1998 654 2022 res
685 1985 726 2022 in
757 1984 922 2022 Etruria
950 1984 1155 2022 tenuerint
1182 1983 1422 2033 quaestiones
1449 1995 1497 2019 ex
1523 1983 1683 2019 senatus

250 2057 431 2094 consulto
465 2057 513 2093 de
547 2056 888 2093 coniurationibus
916 2055 1146 2105 principum
1170 2056 1393 2102 habentem,
1425 2054 1600 2091 dictator
1631 2052 1681 2090 ab

249 2142 294 2167 eo
340 2128 469 2166 dictus
501 2128 548 2167 P.
589 2126 810 2177 Sulpicius,
859 2128 1053 2165 incertum
1098 2130 1143 2164 ut
1187 2127 1259 2174 sit,
1304 2126 1452 2164 diversi
1499 2127 1681 2163 auctores

249 2201 412 2241 faciunt.

111 2265 164 2314 27
368 2271 578 2322 Principio
621 2271 866 2321 insequentis
911 2271 1004 2309 anni
1051 2271 1105 2308 M.
1152 2269 1349 2308 Servilius
1395 2273 1434 2307 et
1464 2268 1524 2306 Ti.
1567 2267 1683 2306 Olau-

46 2336 230 2397 ffludlffjfgss}
253 2345 352 2392 dius,
382 2347 523 2382 senatu
553 2344 593 2381 in
626 2343 873 2393 Capitolium
905 2347 1059 2391 vocato,
1098 2343 1146 2381 de
1183 2341 1402 2393 provinciis
1432 2340 1685 2377 rettulerunt.

209 2417 410 2454 &Italiam
457 2420 575 2465 atque
622 2415 804 2452 Africam
850 2415 890 2452 in
936 2418 1083 2452 sortem
1131 2415 1296 2461 coniici,
1341 2412 1523 2451 Africam
1570 2411 1685 2449 ambo

250 2489 469 2539 cupientes,
500 2487 705 2533 volebant3
753 2489 949 2533 ceterum,
982 2485 1028 2533 Q.
1062 2486 1226 2524 Metello
1269 2485 1437 2523 maxime
1469 2484 1686 2529 annitente,

213 2561 383 2610 3neque
429 2562 574 2608 negata
620 2572 748 2608 neque
795 2558 890 2596 data
936 2561 995 2595 est
1026 2557 1183 2595 Africa.
1246 2556 1438 2595 Consules
1468 2555 1566 2592 iussi
1599 2567 1686 2591 cum

249 2632 423 2670 tribunis
455 2631 584 2681 plebis
617 2643 746 2680 agere,
776 2633 831 2677 ut,
863 2630 898 2667 si
930 2630 978 2667 iis
1011 2629 1227 2675 videretur,
1261 2627 1456 2678 populum
1487 2629 1686 2675 rogarent,
