1789 2955
0 0 29 42 ᾖ

487 73 604 108 Liber
628 73 775 108 XXVI.
824 75 885 116 (A.
913 73 978 108 Oh.
1003 74 1096 118 210.)
1453 77 1506 114 45

78 216 120 242 se
149 203 294 240 iunctae
324 200 539 248 haerebant,
572 213 725 249 puppes
756 200 885 237 alieno
915 201 1083 249 remigio
1115 201 1508 250 circumagebantur3

78 275 134 312 ita
163 276 204 311 in
236 275 325 311 arto
357 272 513 322 stipatae
545 274 658 309 erant
688 284 820 317 naves,
850 274 894 308 ut
925 272 991 308 vix
1021 272 1147 309 ullum
1179 273 1302 310 telum
1335 273 1376 310 in
1406 273 1508 311 mari

77 358 222 384 vanum
253 344 528 388 intercideret;
559 342 758 380 frontibus
788 343 897 379 velut
928 343 1133 392 pedestres
1172 345 1275 381 acies
1313 345 1510 394 urgebant

77 416 303 467 perviaeque
351 427 470 452 naves
518 414 789 464 pugnantibus
828 418 951 451 erant.
1022 416 1197 464 Insignis
1234 419 1366 453 tamen
1405 416 1509 452 inter
1529 414 1581 452 14

77 492 230 527 ceteras
254 500 389 537 pugna
412 486 491 523 fuit
515 486 694 531 duarum,
727 498 814 535 quae
838 486 978 535 primae
1003 488 1204 536 agminum
1230 490 1510 524 concurrerant

78 561 184 598 inter
213 573 266 598 se.
328 547 389 595 In·
407 558 592 595 Romana
621 570 721 594 nave
752 557 837 607 ipse
862 558 1076 604 Quinctius
1109 563 1204 607 erat,
1237 559 1278 595 in
1295 558 1514 596 Tarentina
1535 557 1584 595 15

78 632 191 678 Nico,
215 630 279 669 cui
295 629 468 667 Perconi
483 629 561 666 fuit
579 641 805 677 cognomen,
830 643 908 666 non
933 630 1096 679 publico
1114 630 1242 677 modo,
1266 630 1335 667 sed
1351 630 1509 679 privato

78 704 197 741 etiam
223 702 316 740 odio
342 701 496 738 invisus
521 705 639 750 atque
666 701 832 738 infestus
856 701 1060 747 Romanis,
1087 702 1192 751 quod
1217 703 1300 739 eius
1324 702 1510 739 factionis

77 777 175 821 erat,
221 786 311 824 quae
342 772 561 810 Tarentum
592 772 817 810 Hannibali
848 773 1092 822 prodiderat.
1156 774 1235 810 Hic
1267 774 1511 821 Quinctium,
1532 773 1583 809 16

77 846 197 885 simul
233 847 477 896 pugnantem
517 845 823 894 hortantemque
854 858 955 891 suos,
1002 846 1205 882 incautum
1238 846 1352 882 hasta
1381 849 1509 882 trans-

76 916 176 966 figit,
221 921 340 966 atque
381 917 450 953 ille
491 930 668 966 praeceps
709 930 796 953 cum
834 917 954 953 armis
992 917 1168 966 procidit
1209 921 1299 954 ante
1339 930 1510 967 proram.

78 988 222 1027 Victor
251 987 495 1025 Tarentinus
529 988 570 1025 in
601 988 804 1026 turbatam
836 989 936 1025 duce
976 988 1121 1025 amisso
1164 1002 1302 1026 navem
1345 989 1515 1039 impigre
1533 989 1583 1025 17

77 1063 348 1108 transgressus
380 1072 502 1109 quum
534 1060 813 1098 summovisset
844 1060 987 1106 hostes,
1033 1064 1069 1096 et
1100 1060 1221 1109 prora
1251 1061 1328 1097 iam
1361 1060 1509 1097 Taren-

76 1131 253 1169 tinorum
300 1135 413 1178 esset,
459 1132 627 1181 puppim
667 1132 767 1168 male
807 1132 1038 1180 conglobati
1079 1136 1287 1169 tuerentur
1327 1133 1511 1180 Romani,

77 1206 243 1253 repente
284 1207 323 1240 et
360 1203 440 1240 alia
479 1217 501 1240 a
539 1217 673 1253 puppe
711 1204 886 1241 triremis
927 1205 1100 1241 bostium
1133 1204 1337 1254 apparuit3
1387 1206 1441 1241 ita
1472 1205 1514 1241 in
1535 1204 1585 1241 18

77 1274 209 1312 medio
241 1274 512 1312 circumventa
542 1275 724 1313 Romana
754 1276 868 1313 navis
899 1276 1067 1325 capitur.
1122 1276 1228 1313 Hinc
1260 1277 1402 1313 ceteris
1433 1280 1510 1313 ter-

77 1359 144 1384 ror
174 1346 356 1392 iniectus,
387 1347 457 1384 ubi
488 1348 717 1397 praetoriam
749 1361 888 1384 navem
927 1350 1082 1396 captam
1115 1348 1265 1394 videre,
1296 1348 1511 1397 fugientes-

78 1431 156 1469 que
186 1418 335 1468 passim
366 1418 456 1455 aliae
484 1418 524 1455 in
550 1419 632 1456 alto
656 1432 805 1466 mersae,
837 1420 926 1456 aliae
957 1420 996 1456 in
1021 1423 1169 1457 terram
1192 1420 1310 1457 remis
1335 1420 1511 1469 abreptae

79 1503 173 1527 mox
214 1489 360 1540 praedae
398 1490 508 1527 fuere
547 1490 740 1528 Thurinis
770 1490 1152 1541 Metapontinisque.
1214 1492 1277 1528 Ex
1309 1492 1515 1537 onerariis,
1535 1490 1584 1529 19

80 1574 169 1611 quae
215 1575 302 1598 cum
348 1566 569 1599 commeatu
615 1562 896 1612 sequebantur,
940 1576 1150 1612 perpaucae
1193 1563 1235 1600 in
1276 1566 1512 1612 potestatem

78 1633 252 1671 hostium
297 1645 459 1680 venere3
506 1634 594 1672 aliae
638 1634 688 1671 ad
728 1635 899 1671 incertos
943 1638 1082 1672 ventos
1120 1635 1211 1672 hinc
1251 1639 1369 1685 atque
1400 1635 1512 1672 illinc

79 1705 245 1755 obliqua
274 1705 560 1743 transferentes
590 1706 681 1743 vela
714 1707 755 1742 in
787 1706 909 1742 altum
942 1709 1086 1743 evectae
1119 1711 1222 1745 sunt.

191 1775 456 1826 Nequaquam
487 1778 577 1827 pari
608 1778 769 1815 fortuna
799 1791 871 1826 per
903 1791 970 1814 eos
1003 1778 1086 1815 dies
1114 1777 1279 1815 Tarenti
1300 1791 1363 1815 res
1390 1781 1512 1826 gesta.
1531 1776 1585 1815 20

77 1845 182 1885 Nam
237 1847 288 1885 ad
345 1852 535 1898 quattuor
592 1850 719 1887 millia
773 1848 977 1886 hominum
1023 1850 1308 1887 frumentatum
1354 1863 1513 1898 egressa

79 1930 200 1968 quum
232 1919 274 1956 in
305 1920 414 1969 agris
445 1921 594 1971 passim
623 1922 881 1971 vagarentur,
911 1921 1066 1970 Livius,
1100 1922 1170 1971 qui
1196 1922 1279 1959 arci
1304 1922 1513 1971 praesidio·
1531 1921 1582 1958 21

78 2002 156 2039 que
185 1990 367 2030 Romano
401 1996 583 2043 praeerat,
620 1994 798 2030 intentus
830 1994 871 2031 in
903 2007 1037 2031 omnes
1069 1994 1295 2031 occasiones
1327 1993 1511 2042 gerendae

77 2061 149 2109 rei,
182 2061 224 2099 C.
241 2062 427 2101 Persium
459 2065 673 2115 impigrum
704 2066 835 2103 virum
868 2078 955 2102 cum
988 2064 1141 2102 duobus
1173 2065 1356 2102 millibus
1388 2079 1511 2102 arma-

77 2135 210 2170 torum
242 2147 290 2171 ex
320 2148 410 2172 arce
444 2136 589 2183 emisit,
621 2138 690 2185 qui
720 2150 820 2185 vage
852 2137 995 2174 effusos
1026 2151 1097 2186 per
1129 2150 1246 2186 agros
1277 2137 1515 2188 palatosque
1532 2137 1585 2174 22

79 2204 245 2242 adortus
277 2219 398 2256 quum
431 2206 499 2244 diu
530 2208 678 2257 passim
711 2209 932 2255 cecidisset,
972 2222 1119 2258 paucos
1163 2222 1210 2245 ex
1242 2210 1389 2256 multis,
1432 2213 1511 2247 tre-

78 2276 175 2326 pida
204 2277 300 2326 fuga
330 2278 550 2316 incidentes
581 2280 831 2330 semiapertis
862 2284 1066 2330 portarum
1097 2281 1264 2328 foribus,
1302 2282 1342 2318 in
1373 2282 1511 2318 urbem

79 2349 271 2399 compulit
298 2363 370 2387 nec
392 2351 568 2388 multam
594 2351 743 2397 abfuit,
770 2354 869 2400 qum
894 2352 987 2389 urbs
1017 2353 1153 2390 eodem
1180 2353 1330 2402 impetu
1353 2366 1509 2403 capere-

76 2421 155 2458 tur.
214 2420 280 2458 Ita
311 2425 477 2471 aequatae
502 2435 565 2459 res
590 2422 639 2459 ad
658 2422 885 2470 Tarentum,
912 2423 1107 2461 Romanis
1138 2424 1358 2462 victoribus
1390 2428 1513 2470 terra,
1532 2423 1585 2461 23

82 2491 320 2530 Tarentinis
342 2493 454 2530 mari.
512 2494 724 2532 Frumenti
749 2508 849 2544 spes,
881 2509 968 2544 quae
994 2496 1035 2532 in
1060 2496 1185 2532 oculis
1210 2496 1349 2542 fuerat,
1382 2500 1508 2534 utros-

77 2575 154 2612 que
184 2564 377 2602 frustrata
407 2566 569 2614 pariter.
