1768 2943
209 107 262 148 88
583 105 688 135 Liber
713 104 823 135 XXII.
858 103 912 146 (A.
941 115 970 135 u.
999 114 1026 135 e.
1054 103 1269 146 537-538.)

208 237 301 285 quia
319 241 557 285 exspectare
575 235 709 272 territa
731 236 852 272 tertia
876 235 955 271 iam
974 236 1091 273 clade
1111 235 1248 273 civitas
1272 247 1357 272 non
1381 241 1553 284 poterat,
1581 247 1631 272 eo

208 309 424 344 decursum
442 318 546 351 esse,
572 311 615 342 ut
631 319 655 342 a
672 306 825 354 populo
849 311 1062 351 crearetur,
1088 306 1155 354 qui
1180 318 1253 355 pro
1280 306 1479 343 dictatore
1504 313 1630 349 esset3

140 375 187 415 11
206 390 269 414 res
301 377 398 414 inde
430 382 567 425 gestas
598 376 850 425 gloriamque
882 377 1083 425 insignem
1117 377 1231 413 ducis
1256 383 1296 413 et
1320 381 1517 424 augentes
1542 376 1633 412 titu-

207 449 286 484 lum
314 447 500 496 imaginis
528 452 729 495 posteros,
759 452 813 490 ut,
844 447 910 494 qui
938 459 1011 496 pro
1040 447 1240 483 dictatore
1255 447 1426 496 fuisset,
1460 447 1632 482 dictator

210 519 455 561 crederetur,
491 517 607 553 facile
641 516 878 554 obtinuisse.

87 583 148 629 32
331 588 530 625 Consules
553 587 694 623 Atilius
717 587 914 631 Fabiano,
949 587 1146 625 Geminus
1179 587 1364 624 Servilius
1396 587 1632 624 Minuciano

207 659 383 696 exercitu
416 663 602 706 accepto,
636 658 905 695 hibernaculis
928 664 1082 695 mature
1107 659 1376 703 communitis,
1405 659 1510 705 quod
1533 659 1629 694 reli-

208 742 329 778 quum
362 728 543 765 autumni
577 733 674 772 erat,
709 728 822 764 Fabii
855 729 1006 765 artibus
1040 741 1130 765 cum
1154 741 1310 766 summa
1331 729 1434 765 inter
1457 741 1501 765 se
1534 738 1631 765 con—

166 797 348 838 2cordia
392 800 539 836 bellum
580 804 805 847 gesserunt.
869 799 899 835 F
902 805 1170 835 rumentatum
1212 799 1373 835 exeunti
1412 798 1631 836 Hannibali

208 870 375 907 diversis
399 870 498 906 locis
524 870 743 918 opportuni
769 871 953 913 aderant,
988 875 1202 918 carpentes
1225 881 1373 918 agmen
1391 870 1632 918 palatosque

209 941 476 990 excipientes;
510 941 551 977 in
584 953 721 977 casum
755 941 949 977 universae
973 939 1260 984 dimicationis,
1295 952 1414 988 quam
1444 941 1632 978 omnibus

167 1009 193 1049 3
208 1012 359 1049 artibus
377 1012 543 1060 petebat
561 1012 700 1056 hostis,
727 1024 813 1048 non
830 1011 1060 1056 veniebant,
1088 1023 1220 1059 eoque
1245 1011 1394 1059 inopiae
1413 1017 1473 1048 est
1490 1013 1632 1049 redac-

208 1089 270 1120 tus
289 1081 507 1126 Hannibal,
541 1088 595 1127 ut,
629 1083 704 1119 nisi
738 1095 828 1119 cum
861 1081 966 1131 fugae
999 1082 1134 1131 specie
1160 1083 1393 1119 abeundum
1418 1082 1454 1118 ei
1479 1081 1630 1126 fuisset,

209 1153 381 1190 Galliam
414 1153 654 1202 repetiturus
688 1153 816 1197 fuerit,
850 1153 958 1188 nulla
990 1153 1127 1189 relicta
1161 1165 1232 1201 spe
1265 1153 1401 1188 alendi
1435 1153 1631 1190 exercitus

208 1224 249 1260 in
282 1224 339 1260 eis
372 1224 485 1268 locis,
527 1223 558 1260 si
595 1223 857 1271 insequentes
891 1224 1080 1260 consules
1113 1223 1267 1260 eisdem
1300 1223 1450 1259 artibus
1482 1224 1630 1259 bellum

207 1301 409 1343 gererent.

167 1362 195 1402 4
328 1364 462 1411 Quum
486 1365 541 1401 ad
563 1364 812 1401 Gereonium
844 1364 924 1400 iam
957 1364 1088 1401 hieme
1111 1363 1361 1412 impediente
1386 1365 1632 1401 constitisset

209 1436 370 1480 bellum,
405 1435 666 1485 Neapolitani
698 1436 820 1484 legati
854 1436 1026 1471 Romam
1060 1447 1220 1471 venere.
1283 1435 1345 1471 Ab
1378 1435 1424 1471 iis
1457 1436 1631 1483 quadra—

208 1506 321 1554 ginta
353 1511 503 1554 paterae
536 1518 667 1543 aureae
700 1506 836 1554 magni
868 1505 1063 1554 ponderis
1096 1506 1137 1542 in
1170 1505 1320 1542 curiam
1359 1506 1476 1543 illatae
1510 1512 1630 1554 atque

169 1573 195 1613 5
209 1576 264 1613 ita
282 1577 404 1613 verba
422 1576 543 1621 facta,
567 1582 609 1613 ut
626 1576 821 1621 dicerent,
847 1576 948 1613 scire
967 1588 1070 1619 sese,
1096 1576 1234 1624 populi
1252 1576 1430 1612 Romani
1450 1577 1630 1613 aerarium

210 1648 316 1684 bello
343 1647 553 1692 exhauriri,
581 1652 632 1692 et,
659 1659 780 1695 quum
804 1647 913 1683 iuxta
937 1659 1011 1695 pro
1029 1647 1192 1683 urbibus
1216 1647 1403 1695 agrisque
1428 1647 1630 1684 sociorum

210 1730 257 1755 ac
283 1730 356 1767 pro
383 1719 514 1767 capite
538 1723 660 1766 atque
684 1730 777 1754 arce
799 1717 936 1762 Italiae,
962 1717 1059 1753 urbe
1088 1717 1289 1761 Romana,
1315 1723 1436 1766 atque
1462 1717 1632 1766 imperio

169 1786 194 1827 6
209 1794 383 1837 geratur,
410 1801 567 1837 aequum
596 1789 801 1825 censuisse
826 1787 1135 1836 Neapolitanos,
1165 1789 1278 1836 quod
1302 1789 1387 1824 auri
1412 1787 1486 1824 sibi
1511 1800 1632 1836 quum

211 1860 265 1895 ad
283 1860 524 1908 templorum
544 1864 742 1904 ornatum,
770 1864 851 1895 tum
870 1859 924 1895 ad
942 1859 1165 1895 subsidium
1184 1859 1354 1896 fortunae
1372 1871 1396 1894 a
1413 1858 1632 1894 maioribus

171 1927 389 1974 Jrelictum
415 1930 532 1975 foret,
559 1942 610 1966 eo
635 1929 770 1965 iuvare
798 1929 993 1978 populum
1010 1930 1253 1966 Romanum.
1303 1929 1342 1965 Si
1366 1941 1485 1977 quam
1512 1941 1632 1977 opem

210 2001 251 2036 in
285 2012 374 2037 sese
407 2001 632 2045 crederent,
672 2001 821 2037 eodem
855 1999 990 2036 studio
1024 1999 1146 2036 fuisse
1179 2000 1400 2036 oblaturos.
1464 1999 1634 2036 Gratum

212 2071 285 2107 sibi
325 2076 459 2119 patres
499 2071 710 2107 Romanos
748 2071 1023 2119 populumque
1063 2070 1272 2115 facturum,
1315 2071 1348 2107 si
1388 2082 1530 2107 omnes
1570 2081 1633 2106 res

171 2140 574 2190 8Neapolitanorum
607 2153 700 2178 suas
734 2142 954 2185 duxissent,
1000 2141 1230 2190 dignosque
1262 2141 1540 2184 iudicaverint,
1581 2141 1633 2176 ab

213 2213 355 2260 quibus
380 2213 534 2248 donum
559 2213 696 2248 animo
715 2224 761 2249 ac
780 2213 986 2248 voluntate
1010 2224 1163 2257 eorum,
1189 2212 1255 2260 qui
1279 2212 1450 2248 libentes
1474 2212 1632 2253 darent,

171 2281 332 2330 9quam
367 2294 408 2318 re
442 2282 570 2319 maius
602 2283 854 2331 ampliusque
887 2283 1132 2331 acciperent.
1185 2282 1350 2331 Legatis
1371 2281 1509 2330 gratiae
1532 2287 1632 2317 actze

212 2365 286 2402 pro
311 2352 585 2390 munificentia
613 2365 808 2401 curaque;
842 2359 996 2402 patera,
1031 2365 1119 2401 quae
1151 2353 1346 2402 ponderis
1370 2352 1521 2388 minimi
1548 2351 1632 2396 fuit,

213 2429 396 2472 accepta.

87 2490 149 2536 33
333 2495 409 2530 Per
453 2494 622 2530 eosdem
669 2494 757 2530 dies
800 2495 1028 2542 speculator
1062 2493 1420 2542 Carthaginiensis,
1465 2492 1530 2540 qui
1563 2504 1633 2541 per

214 2565 419 2601 biennium
460 2564 669 2608 fefellerat,
709 2565 849 2601 Romae
889 2565 1114 2612 deprensus
1152 2563 1408 2613 praecisisque
1447 2563 1633 2599 manibus

174 2634 418 2678 2dimissus,
454 2640 493 2671 et
526 2635 626 2671 servi
659 2635 836 2683 quinque
869 2640 908 2671 et
932 2634 1068 2683 viginti
1092 2635 1132 2670 in
1159 2646 1315 2671 crucem
1340 2634 1431 2678 acti,
1457 2634 1568 2681 quod
1594 2634 1634 2669 in
