1789 2955
473 97 588 131 Liber
613 96 802 132 XXVIII.
852 99 912 141 (A.
941 97 1005 132 Ch.
1032 98 1123 137 207.)
1434 101 1511 137 123

79 225 177 271 beri,
221 237 346 262 novus
387 224 511 271 miles,
554 225 593 262 in
635 225 837 274 proximas
879 225 1027 274 dilapsi
1072 225 1191 263 silvas
1239 225 1330 262 inde
1377 223 1513 262 domos

79 296 337 345 diffugerunt.

192 367 502 418 Peropportuna
532 367 701 405 victoria
731 380 983 417 nequaquam
1013 370 1169 405 tantum
1198 368 1278 405 iam
1303 367 1516 405 conflatum
1539 367 1590 403 13

78 440 242 488 bellum,
279 443 430 489 quanta
459 440 586 477 futuri
618 438 786 476 materia
816 438 925 484 belli,
964 440 998 476 si
1029 439 1208 476 licuisset
1239 439 1300 486 iis,
1339 439 1512 477 Celtibe-

76 525 212 550 rorum
243 514 362 561 gente
394 511 535 558 excita,
567 515 607 548 et
637 511 738 549 alios
770 510 821 548 ad
853 523 961 547 arma
986 511 1205 548 sollicitare
1230 511 1412 560 populos,
1445 524 1511 560 op-

77 596 213 634 pressa
244 586 340 620 erat.
400 582 543 632 Itaque
575 581 802 621 collaudato
834 582 1004 630 benigne
1036 581 1187 629 Silano,
1221 581 1368 632 Scipio,
1410 595 1519 631 spem
1539 582 1589 617 14

76 654 319 698 debellandi,
351 655 384 692 si
413 654 517 692 nihil
549 668 634 693 eam
659 655 742 704 ipse
769 653 990 691 cunctando
1015 657 1191 691 moratus
1217 656 1329 699 esset,
1361 656 1512 692 nactus.

76 727 126 764 ad
157 727 210 773 id,
250 727 358 776 quod
389 727 589 776 reliquum
621 726 721 763 belli
753 728 849 771 erat,
890 725 930 762 in
961 726 1142 763 ultimam
1174 725 1411 776 Hispaniam
1444 725 1511 763 ad-

74 811 212 836 versus
243 797 540 836 Hasdrubalem
571 798 716 848 pergit.
779 797 928 835 Poenus
960 810 1080 846 quum
1121 802 1252 835 castra
1289 801 1372 834 tum
1411 798 1513 834 forte
1539 796 1587 833 15

74 870 117 907 in
147 869 302 908 Baetica
332 870 382 907 ad
413 870 611 908 sociorum
643 870 795 907 animos
833 868 1094 906 continendos
1136 869 1178 906 in
1218 869 1295 906 fide
1335 870 1511 915 haberet,

74 941 199 991 signis
240 945 404 991 repente
442 942 624 988 sublatis,
665 942 769 990 fugae
802 941 928 989 magis
961 954 1078 991 quam
1111 941 1266 979 itineris
1298 941 1414 979 modo
1445 954 1511 991 pe-

73 1013 181 1050 nitus
212 1013 263 1050 ad
295 1012 496 1050 Oceanum
529 1017 569 1050 et
600 1012 732 1051 Gades
765 1013 888 1051 ducit.
936 1012 1134 1060 Ceterum,
1167 1013 1299 1063 quoad
1333 1013 1512 1051 continu·
1537 1013 1587 1048 16

75 1085 172 1121 isset
210 1085 441 1132 exercitum,
488 1086 740 1135 propositum
781 1085 888 1122 bello
931 1099 971 1123 se
1010 1085 1095 1122 fore
1132 1089 1254 1132 ratus,
1300 1088 1511 1134 antequam

72 1156 175 1193 freto
208 1154 341 1194 Gades
371 1156 590 1203 traiiceret‚
637 1158 856 1195 exercitum
888 1170 1043 1194 omnem
1075 1157 1223 1206 passim
1255 1157 1296 1193 in
1328 1157 1511 1194 civitates

72 1227 223 1274 divisit,
254 1230 300 1265 ut
331 1231 371 1265 et
401 1229 527 1266 muris
559 1242 599 1266 se
624 1229 702 1278 ipsi
729 1232 768 1266 et
790 1229 911 1266 armis
936 1242 1069 1266 muros
1093 1231 1333 1266 tutarentur.
1380 1226 1515 1278 Scipio

71 1299 142 1338 ubi
182 1299 480 1347 animadvertit,
526 1300 762 1350 dissipatum
803 1301 949 1350 passim
980 1301 1143 1347 bellum,
1190 1303 1228 1337 et
1259 1300 1512 1337 circumferre

73 1371 124 1408 ad
155 1371 334 1420 singulas
366 1373 484 1409 urbes
517 1386 628 1410 arma
659 1372 806 1409 diutini
837 1373 967 1421 magis
998 1385 1115 1422 quam
1148 1372 1285 1421 magni
1316 1385 1398 1409 esse
1422 1384 1508 1420 ope·

73 1443 140 1490 ris,
185 1446 292 1481 retro
333 1444 454 1481 vertit
492 1444 579 1481 iter.
649 1443 709 1482 Ne
747 1444 930 1482 hostibus
969 1447 1104 1482 tamen
1144 1456 1228 1481 eam
1266 1443 1556 1493 relinqueret2

71 1515 287 1563 regionem,
316 1516 362 1553 L.
381 1513 612 1565 Scipionem
645 1517 807 1554 fratrem
839 1530 928 1553 cum
956 1516 1090 1553 decem
1117 1515 1295 1552 millibus
1319 1514 1511 1564 peditum,

73 1586 182 1623 mille
222 1587 400 1637 equitum
441 1587 493 1625 ad
531 1588 840 1637 oppugnandam
884 1587 1227 1638 opulentissimam
1260 1587 1301 1623 in
1333 1586 1383 1624 iis
1415 1586 1511 1624 locis

71 1658 210 1695 urbem
253 1657 454 1706 (Orongin
496 1658 660 1696 barbari
699 1659 975 1709 appellabant)
1016 1659 1150 1696 mittit.
1212 1657 1299 1696 Sita
1341 1658 1382 1695 in
1421 1658 1558 1695 Mae-3

71 1742 221 1767 sessum
253 1729 399 1767 finibus
424 1734 494 1777 est,
524 1730 758 1768 Bastetanae
782 1731 933 1779 gentis3
965 1744 1060 1781 ager
1084 1730 1268 1779 frugifer;
1301 1733 1511 1778 argentum

72 1801 194 1839 etiam
234 1802 376 1840 incolae
414 1802 586 1841 fodiunt.
647 1803 707 1840 Ea
739 1816 810 1840 arx
842 1803 971 1840 fuerat
1002 1802 1252 1840 Hasdrubali
1283 1802 1333 1839 ad
1372 1814 1509 1839 excur-

71 1868 202 1911 siones
233 1874 341 1911 circa
372 1874 684 1912 mediterraneos
715 1875 884 1925 populos
916 1874 1130 1912 faciendas.
1191 1873 1341 1924 Scipio,
1372 1874 1555 1911 castris4

71 1957 198 1995 prope
229 1945 369 1983 urbem
398 1946 553 1996 positis,
593 1947 829 1996 priusquam
861 1947 1183 1985 circumvallaret
1213 1946 1364 1992 urbem,
1404 1945 1511 1983 misit

73 2016 124 2053 ad
154 2020 303 2066 portas,
348 2018 418 2067 qui
460 2031 508 2056 ex
540 2019 768 2069 propinquo
801 2018 979 2068 alloquio
1011 2020 1162 2057 animos
1192 2020 1394 2056 tentarent
1425 2030 1509 2055 sua-

73 2088 304 2139 derentque,
335 2092 381 2127 ut
411 2090 629 2128 amicitiam
660 2091 795 2141 potius
821 2103 939 2140 quam
964 2092 1043 2130 vim
1068 2090 1350 2140 experirentur
1366 2089 1510 2126 Roma-

74 2173 227 2198 norum.
296 2160 380 2199 Ubi
424 2161 526 2199 nihil
571 2163 705 2212 pacati
750 2162 1079 2212 respondebatur,
1125 2161 1231 2197 fossa
1277 2160 1554 2210 duplicique5

72 2232 180 2270 vallo
213 2233 461 2271 circumdata
491 2234 604 2281 urbe,
649 2235 690 2271 in
728 2237 809 2271 tres
847 2237 982 2283 partes
1014 2233 1234 2270 exercitum
1265 2233 1422 2279 dividit,
1466 2236 1509 2270 ut

72 2316 152 2342 una
183 2317 338 2354 semper
368 2318 473 2355 pars,
506 2305 655 2356 quietis
681 2306 840 2343 interim
865 2305 1031 2352 duabus,
1062 2307 1323 2354 oppugnaret.
1378 2304 1555 2342 Primass

73 2388 167 2426 pars
198 2389 318 2425 quum
350 2377 492 2415 adorta
522 2391 755 2428 oppugnare
788 2381 857 2424 est,
888 2380 1005 2415 atrox
1037 2389 1131 2414 sane
1163 2379 1202 2413 et
1232 2389 1375 2426 anceps
1407 2389 1509 2426 proe-

74 2447 175 2484 lium
212 2448 310 2495 fuit3
356 2461 435 2486 non
466 2449 613 2496 subire,
652 2463 731 2487 non
762 2449 885 2486 scalas
917 2449 1020 2485 ferre
1052 2448 1103 2485 ad
1134 2461 1267 2485 muros
1298 2461 1380 2497 prae
1413 2448 1509 2485 inci-

75 2518 260 2558 dentibus
299 2520 391 2558 telis
430 2520 547 2559 facile
590 2524 693 2567 erat3
741 2521 857 2558 etiam
897 2521 967 2570 qui
1009 2523 1217 2557 erexerant
1262 2519 1313 2557 ad
1360 2533 1516 2557 murum
1535 2522 1555 2555 7

74 2591 213 2638 scalas,
251 2591 323 2629 alii
353 2592 475 2630 furcis
507 2593 558 2631 ad
590 2592 631 2631 id
663 2594 791 2643 ipsum
824 2593 938 2631 factis
972 2591 1298 2638 detrudebantur‚
1338 2591 1378 2628 in
1410 2592 1510 2629 alios

75 2661 163 2712 lupi
193 2675 362 2713 superne
394 2664 512 2701 ferrei
544 2664 695 2711 iniecti,
726 2669 770 2702 ut
803 2664 842 2701 in
874 2664 1054 2713 periculo
1087 2666 1229 2710 essent,
1255 2676 1303 2701 ne
1327 2664 1509 2713 suspensi

1606 1223 1631 1270 3
