1789 2955
243 78 322 116 154
619 73 735 107 Liber
761 72 950 109 XXVIII.
1001 74 1065 117 (A.
1091 85 1124 107 u.
1151 84 1181 107 c.
1206 74 1298 116 548.)

241 201 473 247 semilixam,
499 201 670 238 nominis
697 201 816 238 etiam
834 200 1093 238 abominandi
1111 199 1262 249 ducem,
1288 199 1357 237 sed
1373 199 1426 237 D.
1444 200 1674 238 Vibellium

241 273 446 310 tribunum
465 272 638 309 militum
657 272 782 309 secuti
799 275 903 319 sunt,
928 286 998 309 nec
1016 285 1102 309 cum
1120 272 1276 320 Pyrrho
1292 285 1363 309 nec
1382 285 1470 308 cum
1488 270 1677 308 Samniti-

199 345 222 381 5
241 344 314 381 bus
340 347 409 380 aut
432 344 618 390 Lucanis,
642 343 825 380 hostibus
850 344 990 393 populi
1007 343 1190 389 Romani,
1207 357 1248 380 se
1276 343 1586 389 coniunxerunt;
1603 357 1675 381 vos

243 429 331 453 cum
348 415 569 453 Mandonio
588 418 628 452 et
643 415 813 452 Indibili
829 418 869 452 et
886 416 1052 453 consilia
1070 416 1386 452 communicastis
1403 420 1443 453 et
1459 429 1570 453 arma
1586 428 1676 452 con·

196 489 219 524 6
237 487 427 524 sociatur-i
454 487 598 524 fuistis.
642 487 724 533 Illi,
752 488 855 524 sicut
879 487 1074 536 Campani
1103 487 1281 536 Capuam
1306 487 1448 525 Tuscis
1472 486 1678 524 veteribus

243 559 464 596 cultoribus
491 558 729 608 ademptam,
760 559 992 597 Mamertini
1015 560 1055 595 in
1081 558 1224 596 Sicilia
1248 559 1486 605 Messanam,
1517 559 1573 596 sic
1599 558 1677 595 Re·

242 632 349 680 gium
373 630 552 668 habituri
576 634 811 680 perpetuam
835 631 966 668 sedem
990 634 1113 675 erant,
1136 644 1207 668 nec
1240 630 1431 680 populum
1455 631 1678 667 Romanum

200 704 221 738 7
240 716 312 740 nec
330 702 457 739 socios
473 703 612 751 populi
621 702 794 740 Romani
810 703 916 739 ultro
935 702 1161 739 lacessituri
1178 703 1305 748 bello;
1324 701 1592 739 Sucronemne
1608 715 1680 738 vos

244 774 495 812 domicilium
520 774 700 811 habituri
724 773 872 811 eratis?
918 774 1001 811 Ubi
1026 774 1059 811 si
1083 787 1154 811 vos
1178 775 1372 812 decedens
1396 774 1575 812 confecta
1589 787 1680 822 pro-

244 847 377 884 vincia
401 846 620 895 imperator
644 846 923 894 relinquerem,
951 846 1068 882 deum
1091 846 1374 895 hominumque
1397 846 1515 883 fidem
1539 845 1680 894 implo-

244 932 331 955 rare
350 917 569 963 debebatis,
580 916 686 966 quod
699 931 776 954 non
794 917 981 954 rediretis
999 917 1049 954 ad
1066 918 1253 966 coniuges
1270 918 1498 967 liberosque
1514 920 1679 956 vestros,

200 991 224 1027 8
244 989 323 1027 Sed
348 990 489 1026 horum
517 1002 674 1038 quoque
691 989 934 1036 memoriam,
952 990 1055 1026 sicut
1071 989 1213 1039 patriae
1229 990 1399 1039 meique,
1416 989 1616 1026 eieceritis
1633 1002 1680 1025 ex

245 1061 389 1098 animis
413 1061 576 1106 vestris;
599 1061 704 1098 viam
730 1061 888 1098 consilii
912 1061 1106 1107 scelerati,
1131 1061 1200 1098 sed
1226 1075 1305 1098 non
1333 1062 1383 1099 ad
1407 1061 1592 1098 ultimum
1617 1060 1681 1096 de-

199 1134 220 1169 9
243 1134 388 1170 mentis
413 1133 581 1182 exsequi
605 1133 716 1178 volo,
736 1147 848 1170 mene
865 1133 956 1170 vivo
975 1136 1013 1169 et
1031 1137 1161 1170 cetero
1178 1133 1370 1171 incolumi
1387 1132 1578 1178 exercit-u,
1595 1145 1682 1168 cum

246 1218 324 1254 quo
351 1218 423 1253 ego
450 1204 515 1241 die
538 1218 617 1242 uno
643 1204 928 1254 Carthaginem
953 1206 1050 1254 cepi,
1082 1218 1168 1242 cum
1196 1219 1273 1254 quo
1300 1208 1488 1254 quattuor
1512 1204 1683 1252 impera-

245 1279 362 1322 tores,
396 1280 586 1325 quattuor
618 1276 817 1313 exercitus
850 1277 1242 1326 Carthaginiensium
1274 1277 1380 1323 fudi,
1419 1276 1576 1325 fugavi,
1609 1275 1683 1311 Hi-

247 1349 386 1397 spania
404 1348 551 1397 expuli,
567 1361 636 1385 vos
655 1352 743 1386 octo
762 1349 887 1385 millia
903 1349 1118 1394 hominum,
1137 1349 1302 1386 minoris
1321 1352 1427 1385 certe
1445 1360 1579 1384 omnes
1596 1359 1684 1396 pre-

247 1420 308 1466 tii,
326 1433 444 1468 quam
457 1419 605 1457 Albius
624 1424 662 1457 et
671 1420 815 1457 Atrius
832 1424 935 1466 sunt,
953 1421 1097 1469 quibus
1113 1434 1183 1457 vos
1202 1418 1684 1468 subiecistis,Hispaniam

175 1493 227 1531 10
245 1492 494 1541 provinciam
521 1491 670 1541 populo
695 1491 877 1529 Romano
905 1493 1082 1541 erepturi
1108 1491 1259 1529 eratis?
1306 1491 1492 1528 Amolior
1518 1494 1556 1527 et-
1579 1502 1684 1526 amo-

248 1577 320 1600 veo
352 1577 492 1601 nomen
525 1576 674 1612 meum3
713 1563 817 1600 nihil
848 1565 955 1601 ultra
986 1564 1103 1601 facile
1136 1564 1328 1600 creditam
1361 1567 1527 1600 mortem
1558 1575 1685 1599 meam

181 1636 226 1672 ll
248 1650 270 1673 a
293 1635 408 1673 vobis
431 1635 606 1673 violatus
631 1635 723 1680 sim;
749 1635 874 1684 quid?
898 1636 931 1672 si
956 1648 1029 1683 ego
1054 1649 1240 1682 morerer,
1257 1648 1409 1672 mecum
1435 1635 1687 1684 exspiratura

249 1721 311 1745 res
342 1707 517 1756 publica,
549 1720 701 1744 mecum
734 1720 915 1744 casurum
949 1707 1163 1756 imperium
1195 1707 1336 1757 populi
1366 1706 1539 1744 Romani
1570 1704 1686 1742 erat?

249 1780 310 1817 Ne
349 1781 451 1816 istuc
489 1778 676 1828 Iuppiter
715 1780 888 1828 optimus
926 1779 1123 1816 maximus
1163 1779 1264 1825 sirit,
1309 1779 1448 1816 urbem
1481 1778 1686 1827 auspicato

251 1852 335 1888 deis
367 1850 598 1888 auctoribus
628 1851 669 1887 in
702 1855 893 1888 aeternum
926 1851 1125 1888 conditam
1156 1851 1249 1888 huic
1279 1850 1417 1899 fragili
1453 1854 1490 1887 et
1526 1848 1687 1886 mortali

179 1923 226 1959 12
247 1923 404 1972 corpori
437 1922 630 1971 aequalem
662 1935 757 1959 esse.
819 1922 1032 1968 Flaminio,
1070 1923 1213 1968 Paulo,
1252 1921 1446 1968 Graccho,
1478 1920 1686 1958 Postumio

252 1994 420 2039 Albino,
452 1994 507 2031 M.
540 1994 746 2041 Marcello,
778 1994 823 2033 T.
859 1994 1049 2041 Quinctio
1082 1994 1281 2043 Crispino,
1313 1993 1383 2031 Cn.
1410 1993 1570 2039 Fulvio,
1602 1991 1686 2029 Sci-

252 2065 440 2115 pionibus
471 2066 580 2112 meis,
609 2069 671 2102 tot
700 2069 780 2103 tam
814 2066 1017 2116 praeclaris
1048 2066 1361 2115 imperatoribus
1386 2078 1464 2102 uno
1487 2064 1594 2101 bello
1621 2063 1687 2101 ab·

251 2137 421 2186 sumptis
462 2140 663 2185 superstes
703 2142 762 2174 est
800 2139 971 2188 populus
1002 2138 1218 2183 Romanus,
1265 2138 1418 2187 eritque
1456 2136 1567 2173 mille
1599 2136 1689 2172 aliis

253 2222 357 2245 nunc
388 2209 505 2253 ferro,
538 2221 642 2245 nunc
672 2209 811 2246 morbo
845 2210 1124 2253 morientibus;
1156 2222 1242 2246 meo
1274 2209 1393 2245 unius
1416 2209 1555 2245 funere
1583 2207 1688 2244 elata

183 2280 233 2317 13
252 2284 355 2317 esset
394 2293 456 2316 res
496 2280 689 2329 publica?
750 2280 835 2318 Vos
868 2281 945 2330 ipsi
977 2281 1040 2318 hic
1073 2282 1113 2317 in
1146 2281 1360 2330 Hispania,
1405 2283 1519 2330 patre
1551 2283 1591 2316 et
1619 2292 1686 2328 pa-

251 2357 341 2388 truo
381 2365 466 2389 meo
508 2351 663 2388 duobus
705 2352 1013 2401 imperatoribus
1051 2353 1283 2398 interfectis,
1327 2351 1547 2401 Septimum
1579 2351 1686 2387 Mar-

257 2423 358 2460 cium
401 2423 539 2459 ducem
572 2423 686 2460 vobis
719 2423 909 2460 adversus
941 2425 1184 2461 exsultantes
1215 2425 1365 2461 recenti
1402 2423 1571 2460 victoria
1596 2422 1686 2458 Poe-

254 2507 325 2531 nos
358 2494 579 2542 delegistis.
639 2495 693 2532 Et
723 2496 779 2532 sic
811 2495 965 2544 loquor,
1007 2499 1200 2545 tanquam
1231 2495 1318 2532 sine
1349 2496 1447 2532 duce
1479 2494 1688 2543 Hispaniae

183 2566 394 2603 l4futurae
427 2567 587 2603 fuerint.
649 2567 702 2603 M.
732 2565 903 2612 Silanus,
937 2566 1076 2604 eodem
1108 2567 1206 2612 iure,
1238 2567 1375 2603 eodem
1408 2566 1575 2615 imperio
1607 2578 1686 2602 me-

253 2650 342 2674 cum
373 2638 413 2674 in
446 2638 693 2687 provinciam
727 2639 879 2684 missus,
916 2638 961 2675 L.
995 2637 1131 2687 Scipio
1162 2638 1286 2675 frater
1316 2651 1425 2675 meus
1457 2642 1494 2676 et
1526 2637 1568 2675 C.
1601 2637 1686 2674 Lae-
