1789 2955
546 104 650 135 Liber
674 104 802 134 XXIII.
845 103 901 145 (A.
930 104 991 135 Ch.
1019 103 1114 147 216.)
1458 106 1539 146 143

122 234 287 272 ercitum
325 235 579 272 traducturus
613 240 710 271 erat.
780 235 876 271 Eius
911 235 1016 272 silvae
1050 236 1190 272 dextra
1224 236 1402 284 laevaque
1436 236 1539 273 circa

121 306 224 342 viam
243 304 348 342 Galli
365 307 532 342 arbores
550 306 603 342 ita
622 305 863 349 inciderunt,
889 310 932 341 ut
948 305 1126 343 immotae
1146 312 1310 351 starent,
1329 313 1538 343 momento

121 376 195 412 levi
228 376 407 425 impulsae
440 376 686 413 acciderent.
749 375 954 424 Legiones
987 377 1090 413 duas
1123 378 1331 413 Romanas
1364 374 1581 414 habebatS

120 447 362 491 Postumius,
396 446 631 495 sociumque
664 447 715 483 ab
749 459 896 495 supero
929 447 1028 482 mari
1051 452 1207 483 tantum
1231 448 1539 496 conscripserat,

120 523 162 554 ut
179 518 316 566 viginti
334 517 512 566 quinque
530 517 651 554 millia
669 522 913 554 armatorum
932 517 972 553 in
991 529 1112 565 agros
1130 517 1307 554 hostium
1324 517 1539 554 induxerit.

121 587 226 625 Galli
255 600 368 624 oram
397 592 584 625 extremae
609 588 715 625 silvae
740 600 861 636 quum
888 587 1255 631 circumsedissent,
1291 587 1357 623 ubi
1382 585 1580 625 intravit9

121 670 267 707 agmen
301 659 457 703 saltum,
491 664 573 694 tum
607 664 805 695 extremas
829 659 1017 694 arborum
1043 658 1288 695 succisarum
1311 658 1539 707 impellunt;

121 741 210 777 quae
234 729 311 765 alia
334 729 375 765 in
399 729 531 773 aliam,
566 729 795 766 instabilem
819 742 890 778 per
915 741 958 765 se
983 740 1030 765 ac
1057 729 1161 764 male
1186 729 1418 773 haerentem,
1444 729 1542 765 inci-

120 800 265 836 dentes
297 799 461 848 ancipiti
494 805 627 848 strage
661 813 784 844 arma,
824 800 942 844 viros,
977 811 1106 847 equos
1139 800 1371 844 obruerunt,
1405 805 1448 836 ut
1480 800 1542 835 vix

120 870 264 907 decem
296 870 482 907 homines
516 871 752 919 effugerent.
818 870 921 907 Nam
955 882 1077 918 quum
1111 870 1328 906 exanimati
1361 870 1540 919 plerique
1560 866 1614 907 10

121 946 258 977 essent
281 942 470 977 arborum
494 941 644 978 truncis
668 941 985 990 fragmentisque
1003 953 1219 985 ramorum,
1247 946 1422 986 ceteram
1441 942 1539 976 mul-

120 1011 346 1056 titudinem,
371 1012 586 1060 inopinato
612 1012 718 1049 malo
743 1013 957 1062 trepidam,
984 1011 1102 1056 Galli,
1130 1012 1271 1048 saltum
1299 1024 1462 1049 omnem
1483 1025 1542 1048 ar-

119 1083 215 1118 mati
234 1083 590 1127 circumsedentes,
609 1083 908 1128 interfecerunt,
928 1083 1068 1132 paucis
1086 1095 1108 1119 e
1126 1088 1241 1119 tanto
1260 1095 1429 1119 numero
1449 1095 1542 1131 cap-

120 1152 181 1196 tis,
216 1153 283 1201 qui
314 1159 483 1202 pontem
516 1154 689 1191 fluminis
722 1159 920 1202 petentes,
956 1155 1128 1191 obsesso
1163 1159 1257 1190 ante
1283 1155 1333 1190 ab
1360 1154 1542 1190 hostibus

120 1228 260 1271 ponte,
294 1224 496 1261 interclusi
525 1230 629 1262 sunt.
683 1225 742 1260 Ibi
766 1225 996 1261 Postumius
1022 1225 1132 1261 omni
1158 1225 1207 1269 vi,
1243 1236 1293 1261 ne
1319 1229 1541 1272 caperetur,
1562 1219 1610 1259 11

121 1294 319 1331 dimicans
344 1296 546 1333 occubuit.
595 1296 733 1344 Spolia
759 1296 941 1345 corporis
967 1301 1168 1345 caputque
1192 1295 1402 1344 praecisum
1428 1294 1542 1331 ducis

99 1401 104 1405 ,
122 1364 211 1401 Boii
230 1371 398 1402 ovantes
416 1367 581 1415 templo,
601 1367 714 1415 quod
732 1367 1027 1403 sanctissimum
1047 1372 1107 1403 est
1125 1367 1235 1415 apud
1254 1378 1339 1410 eos,
1359 1365 1540 1401 intulere.

122 1435 298 1484 Purgato
329 1436 427 1473 inde
461 1437 606 1486 capite,
641 1443 682 1473 ut
714 1449 803 1474 mos
835 1437 882 1474 iis
916 1443 988 1482 est,
1024 1439 1177 1474 calvam
1211 1449 1309 1473 auro
1337 1437 1541 1479 caelavere,
1563 1432 1615 1472 12

121 1505 244 1554 idque
269 1518 426 1544 sacrum
450 1519 520 1544 vas
544 1508 591 1544 iis
617 1513 714 1552 erat,
740 1520 820 1556 quo
847 1509 1109 1545 sollemnibus
1128 1509 1311 1552 libarent,
1337 1507 1545 1555 poculum-

122 1589 200 1625 que
224 1577 334 1614 idem
359 1579 639 1615 sacerdotibus
668 1591 715 1616 ac
742 1580 880 1628 templi
906 1579 1163 1616 antistitibus.
1212 1579 1355 1615 Praeda
1380 1589 1543 1626 quoque
1562 1575 1614 1615 13

120 1647 230 1683 haud
262 1648 394 1684 minor
419 1648 545 1685 Gallis
578 1662 699 1697 quam
726 1650 892 1686 victoria
922 1650 1014 1694 fuit;
1049 1662 1144 1686 nam
1173 1649 1246 1686 etsi
1275 1661 1424 1697 magna
1452 1660 1545 1696 pars

121 1718 353 1754 animalium
378 1724 511 1768 strage
537 1720 643 1756 silvae
668 1732 865 1769 oppressa
891 1726 989 1765 erat,
1017 1727 1152 1757 tamen
1178 1726 1321 1757 ceterae
1348 1732 1425 1763 res,
1455 1719 1547 1766 quia

119 1788 215 1824 nihil
241 1789 481 1838 dissipatum
507 1789 603 1839 fuga
626 1796 699 1834 est,
730 1796 863 1828 stratae
888 1804 960 1840 per
986 1804 1149 1828 omnem
1175 1791 1344 1828 iacentis
1373 1790 1546 1838 agminis

120 1859 307 1896 ordinem
340 1860 514 1897 inventae
548 1866 652 1898 sunt.

237 1929 326 1967 Hac
352 1932 536 1968 nuntiata
566 1932 695 1976 clade,
730 1944 853 1980 quum
879 1944 951 1981 per
979 1933 1067 1969 dies
1096 1933 1243 1969 multos
1267 1932 1308 1969 in
1334 1937 1447 1968 tanto
1474 1943 1545 1980 pa-
1607 1926 1670 1970 25

119 2012 214 2037 vore
239 2000 380 2038 fuisset
405 2002 555 2047 civitas,
585 2008 639 2047 ut,
670 2003 848 2039 tabernis
874 2003 1033 2047 clausis,
1058 2004 1165 2040 velut
1187 2009 1387 2040 nocturna
1410 2002 1547 2039 solitu-

119 2071 214 2107 dine
247 2084 319 2120 per
350 2073 490 2109 urbem
523 2078 627 2117 acta,
667 2079 832 2110 senatus
866 2074 1050 2113 aedilibus
1082 2074 1293 2123 negotium
1327 2075 1463 2116 daret,
1508 2071 1592 2111 ut?

118 2142 257 2178 urbem
296 2143 551 2180 circumirent
589 2143 816 2192 aperirique
849 2145 1040 2182 tabernas
1074 2151 1114 2181 et
1145 2144 1340 2182 maestitiae
1374 2143 1549 2193 publicae

119 2212 296 2261 speeiem
336 2214 423 2250 urbi
464 2214 571 2249 demi
604 2214 801 2259 iuberent,
843 2220 926 2251 tum
960 2215 1024 2252 Ti.
1059 2216 1324 2264 Sempronius
1360 2219 1548 2251 senatum

117 2282 269 2328 habuit,
304 2285 622 2333 consolatusque
645 2290 780 2333 patres
807 2291 867 2322 est
892 2291 932 2322 et
956 2286 1210 2330 adhortatus,
1244 2298 1310 2330 ne,
1346 2285 1412 2333 qui
1441 2283 1588 2324 Can-3

117 2354 233 2390 nensi
250 2354 374 2392 ruinae
392 2367 476 2392 non
495 2356 813 2401 succubuissent,
841 2357 895 2393 ad
913 2356 1093 2394 minores
1117 2356 1368 2394 calamitates
1390 2354 1548 2391 animos

117 2425 429 2462 summitterent:
449 2427 562 2474 quod
580 2426 635 2462 ad
649 2425 1009 2476 Carthaginienses
1028 2428 1171 2464 hostes
1188 2426 1552 2473 Hannibalemque

117 2494 316 2540 attineret,
345 2508 541 2545 prospera
568 2498 696 2534 modo
726 2503 874 2542 essent,
905 2499 1006 2535 sicut
1033 2503 1214 2547 speraret
1242 2498 1386 2541 sutura,
1417 2495 1542 2533 Galli·
1560 2496 1587 2537 4

117 2575 206 2601 eum
234 2566 380 2603 bellum
407 2572 448 2604 et
474 2567 602 2604 omitti
630 2573 716 2605 tuto
745 2574 785 2605 et
807 2568 954 2605 differri
977 2581 1113 2618 posse,
1142 2569 1416 2616 ultionemque
1438 2579 1528 2604 eam

118 2635 270 2674 fraudis
293 2637 334 2674 in
363 2638 534 2674 deorum
561 2650 608 2675 ac
634 2639 774 2687 populi
792 2639 967 2676 Romani
993 2644 1195 2688 potestate
1221 2639 1326 2683 fore;
1357 2639 1409 2674 de
1428 2619 1554 2676 hoste
