1789 2955
240 79 316 116 132
554 74 669 109 Liber
694 72 884 108 XXVIII.
923 74 983 117 (A.
1011 86 1044 109 u.
1071 85 1100 108 c.
1126 75 1338 119 547—548.)

235 203 376 241 castris
408 201 699 247 Hannibalem3
731 200 1028 238 Hasdrubalem
1074 214 1168 239 vero
1215 215 1293 252 qua
1336 203 1416 240 alia
1461 217 1502 241 re
1549 218 1668 254 quam

169 276 220 314 15
238 274 412 312 adventu
443 274 527 310 eius
574 273 759 311 obrutum
806 276 925 322 atque
959 272 1198 311 exstinctum
1246 274 1360 312 esse?
1418 275 1561 325 Itaque
1592 277 1668 314 iret

237 347 338 383 alter
372 345 509 383 consul
541 345 724 381 sublimis
757 357 876 382 curru
907 345 1143 393 multiiugis,
1185 346 1219 382 si
1249 346 1380 393 vellet,
1413 348 1550 397 equis;
1589 361 1668 385 uno

237 432 336 468 equo
370 431 440 467 per
471 416 609 453 urbem
634 429 770 453 verum
789 417 1035 466 triumphum
1061 417 1163 463 vehi,
1196 417 1484 468 Neronemque,
1515 420 1671 458 etiamsi

235 491 358 540 pedes
390 488 568 535 incedat,
615 488 677 525 vel
722 493 838 537 parta
870 502 914 525 eo
962 489 1066 526 bello
1114 488 1177 525 vel
1223 494 1355 538 spreta
1387 504 1431 527 eo
1462 491 1669 541 triumpho

171 564 218 601 16
238 563 370 612 gloria
402 560 698 598 memorabilem
730 560 825 598 fore.
874 560 931 597 Hi
962 573 1161 597 sermones
1188 562 1452 610 spectantium
1469 563 1670 602 Neronem

236 648 360 683 usque
408 634 448 670 in
496 632 743 682 Capitolium
774 632 977 681 prosecuti
1023 635 1124 669 sunt.
1186 632 1372 671 Pecuniae
1402 635 1457 672 -in
1489 636 1671 673 aerarium

166 709 215 746 17
234 707 415 743 tulerunt
446 705 670 742 sestertium
688 705 836 751 tricies,
869 704 1074 752 octoginta
1092 704 1217 742 millia
1242 705 1342 742 aeris.
1390 706 1595 745 Militibus
1612 707 1668 746 M.

233 778 377 815 Livius
410 777 713 826 quinquagenos
746 790 859 813 senos
891 789 998 813 asses
1031 776 1190 822 divisit;
1220 777 1456 815 tantundem
1484 778 1526 816 C.
1553 779 1669 817 Clau-

235 851 323 887 dius
356 849 587 886 absentibus
619 848 813 885 militibus
855 848 936 885 suis
979 851 1037 885 est
1076 849 1292 897 pollicitus,
1326 863 1447 899 quum
1479 851 1528 888 ad
1560 865 1669 888 exer-

165 922 213 960 18
232 923 355 959 citum
372 921 557 960 redisset.
606 920 795 958 Notatum
822 923 891 966 est,
916 933 960 957 eo
986 920 1051 956 die
1075 921 1192 969 plura
1220 922 1395 958 carmina
1426 919 1671 957 militaribus

161 996 209 1032 19
229 995 326 1032 iocis
358 994 397 1030 in
417 994 458 1029 C.
478 992 692 1030 Claudium
719 1005 837 1041 quam
865 992 906 1028 in
940 992 1141 1029 consulem
1174 1005 1287 1029 suum
1316 993 1483 1038 iactata3
1516 991 1670 1041 equites

235 1067 280 1103 L.
313 1065 527 1103 Veturium
560 1068 599 1101 et
626 1064 673 1111 Q.
695 1063 897 1101 Caecilium
932 1064 1084 1112 legatos
1115 1064 1269 1112 magnis
1299 1065 1440 1102 tulisse
1472 1063 1670 1109 laudibus,

234 1139 492 1186 hortatosque
525 1149 608 1173 esse
639 1135 809 1184 plebem,
842 1138 887 1172 ut
919 1149 984 1172 eos
1003 1136 1183 1173 consules
1212 1136 1253 1173 in
1278 1137 1506 1186 proximum
1524 1147 1670 1172 annum

163 1212 214 1248 20
235 1213 435 1255 crearent;
468 1208 661 1245 adiecisse
680 1207 857 1256 equitum
879 1208 1157 1257 praerogativae
1183 1209 1462 1257 auctoritatem
1476 1207 1670 1253 consules,

236 1285 396 1331 postero
415 1281 479 1317 die
508 1280 547 1316 in
566 1280 759 1325 contione,
789 1293 908 1328 quam
932 1280 1027 1317 forti
1052 1279 1245 1329 fidelique
1273 1280 1442 1318 duorum
1467 1279 1669 1329 praecipue

234 1355 456 1402 legatorum
489 1365 609 1401 opera
640 1352 702 1388 usi
734 1355 876 1398 essent,
915 1356 1278 1390 commemorantes.

93 1423 143 1471 10
346 1425 479 1472 Quum
525 1423 775 1461 comitiorum
816 1427 973 1473 tempus
1006 1427 1213 1473 appeteret
1260 1429 1298 1460 et
1329 1438 1400 1473 per
1433 1424 1669 1461 dictatorem

235 1497 397 1535 comitia
428 1496 567 1533 haberi
598 1496 825 1544 placuisset,
859 1495 901 1533 C.
922 1495 1115 1533 Claudius
1142 1497 1278 1534 consul
1296 1496 1352 1534 M.
1370 1496 1531 1534 Livium
1551 1496 1669 1532 colle-

234 1583 324 1618 gam
343 1569 579 1606 dictatorem
605 1567 717 1613 dixit,
749 1567 890 1605 Livius
917 1567 962 1614 Q.
983 1568 1188 1605 Caecilium
1215 1568 1447 1616 magistrum
1476 1569 1667 1618 equitum.

193 1644 215 1679 2
237 1644 274 1679 Α
299 1642 353 1678 Μ.
379 1641 498 1677 Livio
523 1639 718 1676 dictatore
754 1640 878 1676 creati
911 1641 1094 1677 consules
1115 1639 1161 1678 L.
1183 1639 1388 1686 Veturius,
1406 1639 1452 1686 Q.
1471 1639 1669 1686 Caecilius,

193 1715 267 1752 3is
301 1715 394 1763 ipse,
442 1712 511 1762 qui
555 1715 639 1748 tum
687 1716 772 1749 erat
819 1712 1008 1760 magister
1054 1712 1246 1761 equitum.
1308 1712 1409 1749 Inde
1455 1715 1670 1762 praetorum

236 1785 397 1822 comitia
422 1784 579 1829 habita3
613 1783 735 1820 creati
762 1782 802 1820 C.
833 1781 1040 1828 Servilius,
1074 1784 1127 1821 M.
1161 1784 1345 1822 Caecilius
1377 1784 1577 1831 Metellus,
1608 1783 1668 1821 Ti.

235 1857 427 1895 Claudius
445 1855 619 1901 Asellus,
652 1855 698 1902 Q.
717 1855 924 1892 Mamilius
942 1855 1149 1902 Turrinus,
1184 1857 1251 1906 qui
1281 1861 1365 1894 tum
1397 1855 1524 1893 aedilis
1540 1856 1668 1906 plebis

193 1930 217 1966 4
236 1933 331 1967 erat.
394 1927 577 1966 Comitiis
607 1927 796 1976 perfectis
816 1928 998 1974 dictator,
1023 1929 1258 1976 magistratu
1281 1928 1469 1966 abdicato
1488 1928 1666 1965 dimisso-

235 2011 310 2046 que
343 1998 532 2045 exercitu,
567 1999 604 2036 in
632 1999 835 2036 Etruriam
867 2001 1112 2049 provinciam
1141 2014 1187 2037 ex
1218 2004 1379 2038 senatus
1413 2000 1591 2037 consulto
1610 2002 1670 2037 est

192 2073 213 2109 5
233 2070 433 2118 profectus
481 2071 530 2107 ad
563 2072 804 2120 quaestiones
834 2072 1055 2123 habendas,
1101 2073 1170 2122 qui
1201 2072 1463 2110 Etruscorum
1495 2071 1667 2109 Umbro-

236 2155 372 2179 rumve
419 2143 559 2192 populi
591 2143 828 2180 defectionis
869 2144 917 2180 ab
949 2144 1141 2182 Romanis
1187 2145 1237 2181 ad
1268 2144 1564 2182 Hasdrubalem
1595 2143 1666 2181 sub

234 2213 447 2251 adventum
479 2214 565 2251 cius
607 2215 775 2252 consilia
807 2216 1043 2263 agitassent,
1090 2217 1237 2266 quique
1283 2230 1371 2253 eum
1409 2216 1568 2254 auxiliis
1601 2219 1669 2252 aut

194 2289 456 2325 6commeatu
502 2289 569 2322 aut
615 2299 688 2335 ope
738 2287 872 2336 aliqua
919 2288 1120 2325 iuvissent.
1196 2289 1294 2326 Haec
1340 2302 1385 2326 eo
1427 2302 1528 2326 anno
1561 2288 1667 2326 domi

234 2358 468 2406 militiaeque
501 2361 622 2405 gesta.
671 2358 778 2395 Ludi
795 2358 969 2396 Romani
1001 2364 1062 2397 ter
1085 2361 1160 2397 toti
1177 2360 1391 2397 instaurati
1413 2361 1462 2398 ab
1481 2360 1666 2397 aedilibus

192 2433 213 2467 7
234 2429 448 2475 curulibus,
481 2429 550 2467 Cn.
584 2428 756 2467 Servilio
790 2429 988 2479 Caepione,
1022 2430 1105 2470 Ser.
1127 2431 1315 2470 Cornelio
1348 2432 1538 2478 Lentulo3
1570 2432 1665 2468 item

232 2501 316 2538 ludi
348 2501 496 2551 plebeii
531 2502 650 2538 semel
681 2501 758 2539 toti
788 2501 999 2538 instaurati
1033 2503 1082 2539 ab
1115 2504 1300 2541 aedilibus
1332 2505 1459 2553 plebis
1476 2504 1530 2541 M.
1548 2503 1664 2542 Pom-

233 2574 352 2622 ponio
384 2572 575 2610 B'Iathone
608 2577 645 2610 et
677 2573 724 2619 Q.
755 2572 938 2610 Mamilio
970 2573 1155 2612 Turrino.

186 2645 210 2681 8
342 2643 480 2682 Tertio
514 2644 665 2682 decimo
698 2658 799 2682 anno
832 2644 978 2682 Punici
1009 2646 1120 2693 belli,
1153 2646 1196 2684 L.
1230 2646 1400 2685 Veturio
1425 2648 1594 2686 Philone
1627 2651 1666 2685 et
