<?xml version="1.0" encoding="UTF-8"?>
<!DOCTYPE html PUBLIC "-//W3C//DTD XHTML 1.0 Transitional//EN"
    "http://www.w3.org/TR/xhtml1/DTD/xhtml1-transitional.dtd">
<html xmlns="http://www.w3.org/1999/xhtml" xml:lang="en" lang="en">
 <head>
  <title>
</title>
<meta http-equiv="Content-Type" content="text/html;charset=utf-8" />
  <meta name='ocr-system' content='tesseract 3.04.00' />
  <meta name='ocr-capabilities' content='ocr_page ocr_carea ocr_par ocr_line ocrx_word'/>
</head>
<body>
  <div class='ocr_page' id='page_1' title='image "./historiarumroman02livyuoft_0538.png"; bbox 0 0 1789 2955; ppageno 0'>
   <div class='ocr_carea' id='block_1_1' title="bbox 255 91 1293 137">
    <p class='ocr_par' dir='ltr' id='par_1_1' title="bbox 255 91 1293 137">
     <span class='ocr_line' id='line_1_1' title="bbox 255 91 1293 137; baseline -0.008 -4"><span class='ocrx_word' id='word_1_1' title='bbox 255 96 337 135; x_wconf 81' lang='lat'>208</span> <span class='ocrx_word' id='word_1_2' title='bbox 662 91 777 127; x_wconf 87' lang='lat' dir='ltr'>Liber</span> <span class='ocrx_word' id='word_1_3' title='bbox 800 91 948 127; x_wconf 83' lang='lat' dir='ltr'>XXIX.</span> <span class='ocrx_word' id='word_1_4' title='bbox 997 92 1060 136; x_wconf 87' lang='lat' dir='ltr'>(A.</span> <span class='ocrx_word' id='word_1_5' title='bbox 1086 104 1120 126; x_wconf 89' lang='lat' dir='ltr'>u.</span> <span class='ocrx_word' id='word_1_6' title='bbox 1146 103 1175 126; x_wconf 90' lang='lat' dir='ltr'>c.</span> <span class='ocrx_word' id='word_1_7' title='bbox 1200 91 1293 137; x_wconf 85' lang='lat'>550.)</span> 
     </span>
    </p>
   </div>
   <div class='ocr_carea' id='block_1_2' title="bbox 110 218 1693 2653">
    <p class='ocr_par' dir='ltr' id='par_1_2' title="bbox 258 218 1689 272">
     <span class='ocr_line' id='line_1_2' title="bbox 258 218 1689 272; baseline 0 -14"><span class='ocrx_word' id='word_1_8' title='bbox 258 234 338 258; x_wconf 89' lang='lat' dir='ltr'>non</span> <span class='ocrx_word' id='word_1_9' title='bbox 369 220 447 258; x_wconf 89' lang='lat' dir='ltr'>alio</span> <span class='ocrx_word' id='word_1_10' title='bbox 479 220 578 258; x_wconf 91' lang='lat' dir='ltr'>duce</span> <span class='ocrx_word' id='word_1_11' title='bbox 610 221 838 272; x_wconf 85' lang='lat' dir='ltr'>credebant,</span> <span class='ocrx_word' id='word_1_12' title='bbox 869 222 1015 258; x_wconf 85' lang='lat' dir='ltr'>navata</span> <span class='ocrx_word' id='word_1_13' title='bbox 1045 219 1105 257; x_wconf 88' lang='lat' dir='ltr'>rei</span> <span class='ocrx_word' id='word_1_14' title='bbox 1134 219 1306 269; x_wconf 85' lang='lat' dir='ltr'>publicae</span> <span class='ocrx_word' id='word_1_15' title='bbox 1337 231 1470 269; x_wconf 91' lang='lat' dir='ltr'>opera,</span> <span class='ocrx_word' id='word_1_16' title='bbox 1499 218 1615 257; x_wconf 88' lang='lat' dir='ltr'>finire</span> <span class='ocrx_word' id='word_1_17' title='bbox 1647 232 1689 258; x_wconf 88' lang='lat' dir='ltr'>se</span> 
     </span>
    </p>

    <p class='ocr_par' dir='ltr' id='par_1_3' title="bbox 190 289 1692 559">
     <span class='ocr_line' id='line_1_3' title="bbox 190 289 1690 343; baseline -0.001 -13"><span class='ocrx_word' id='word_1_18' title='bbox 190 294 237 330; x_wconf 77' lang='lat'>12</span> <span class='ocrx_word' id='word_1_19' title='bbox 256 292 441 330; x_wconf 88' lang='lat' dir='ltr'>militiam</span> <span class='ocrx_word' id='word_1_20' title='bbox 490 292 795 342; x_wconf 84' lang='lat' dir='ltr'>ignominiosam</span> <span class='ocrx_word' id='word_1_21' title='bbox 824 306 950 343; x_wconf 85' lang='lat' dir='ltr'>posse.</span> <span class='ocrx_word' id='word_1_22' title='bbox 1019 291 1073 329; x_wconf 90' lang='lat' dir='ltr'>Et</span> <span class='ocrx_word' id='word_1_23' title='bbox 1105 289 1240 342; x_wconf 84' lang='lat' dir='ltr'>Scipio</span> <span class='ocrx_word' id='word_1_24' title='bbox 1282 291 1443 328; x_wconf 91' lang='lat' dir='ltr'>minime</span> <span class='ocrx_word' id='word_1_25' title='bbox 1482 290 1524 328; x_wconf 90' lang='lat' dir='ltr'>id</span> <span class='ocrx_word' id='word_1_26' title='bbox 1566 304 1690 340; x_wconf 86' lang='lat' dir='ltr'>genus</span> 
     </span>
     <span class='ocr_line' id='line_1_4' title="bbox 259 363 1690 415; baseline -0.001 -13"><span class='ocrx_word' id='word_1_27' title='bbox 259 364 433 402; x_wconf 87' lang='lat' dir='ltr'>militum</span> <span class='ocrx_word' id='word_1_28' title='bbox 465 363 767 415; x_wconf 79' lang='lat' dir='ltr'>aspernabatur,</span> <span class='ocrx_word' id='word_1_29' title='bbox 797 368 842 402; x_wconf 92' lang='lat' dir='ltr'>ut</span> <span class='ocrx_word' id='word_1_30' title='bbox 865 364 934 414; x_wconf 90' lang='lat' dir='ltr'>qui</span> <span class='ocrx_word' id='word_1_31' title='bbox 950 376 1078 413; x_wconf 88' lang='lat' dir='ltr'>neque</span> <span class='ocrx_word' id='word_1_32' title='bbox 1106 363 1155 401; x_wconf 89' lang='lat' dir='ltr'>ad</span> <span class='ocrx_word' id='word_1_33' title='bbox 1174 363 1331 401; x_wconf 92' lang='lat' dir='ltr'>Cannas</span> <span class='ocrx_word' id='word_1_34' title='bbox 1363 363 1525 412; x_wconf 85' lang='lat' dir='ltr'>ignavia</span> <span class='ocrx_word' id='word_1_35' title='bbox 1555 376 1690 401; x_wconf 88' lang='lat' dir='ltr'>eorum</span> 
     </span>
     <span class='ocr_line' id='line_1_5' title="bbox 261 435 1691 486; baseline -0.001 -11"><span class='ocrx_word' id='word_1_36' title='bbox 261 437 416 475; x_wconf 85' lang='lat' dir='ltr'>cladem</span> <span class='ocrx_word' id='word_1_37' title='bbox 448 439 651 486; x_wconf 89' lang='lat' dir='ltr'>acceptam</span> <span class='ocrx_word' id='word_1_38' title='bbox 683 437 814 484; x_wconf 85' lang='lat' dir='ltr'>sciret,</span> <span class='ocrx_word' id='word_1_39' title='bbox 844 450 973 486; x_wconf 89' lang='lat' dir='ltr'>neque</span> <span class='ocrx_word' id='word_1_40' title='bbox 996 436 1100 473; x_wconf 93' lang='lat' dir='ltr'>ullos</span> <span class='ocrx_word' id='word_1_41' title='bbox 1132 448 1243 486; x_wconf 89' lang='lat' dir='ltr'>aeque</span> <span class='ocrx_word' id='word_1_42' title='bbox 1284 439 1437 474; x_wconf 85' lang='lat' dir='ltr'>veteres</span> <span class='ocrx_word' id='word_1_43' title='bbox 1468 435 1616 473; x_wconf 79' lang='lat' dir='ltr'>milites</span> <span class='ocrx_word' id='word_1_44' title='bbox 1648 435 1691 473; x_wconf 91' lang='lat' dir='ltr'>in</span> 
     </span>
     <span class='ocr_line' id='line_1_6' title="bbox 259 507 1692 559; baseline -0.001 -12"><span class='ocrx_word' id='word_1_45' title='bbox 259 509 439 547; x_wconf 83' lang='lat' dir='ltr'>exercitu</span> <span class='ocrx_word' id='word_1_46' title='bbox 469 508 652 547; x_wconf 85' lang='lat' dir='ltr'>Romano</span> <span class='ocrx_word' id='word_1_47' title='bbox 685 522 780 556; x_wconf 87' lang='lat' dir='ltr'>esse,</span> <span class='ocrx_word' id='word_1_48' title='bbox 813 511 1076 559; x_wconf 86' lang='lat' dir='ltr'>expertosque</span> <span class='ocrx_word' id='word_1_49' title='bbox 1119 521 1198 546; x_wconf 89' lang='lat' dir='ltr'>non</span> <span class='ocrx_word' id='word_1_50' title='bbox 1227 508 1350 546; x_wconf 82' lang='lat' dir='ltr'>variis</span> <span class='ocrx_word' id='word_1_51' title='bbox 1380 508 1533 557; x_wconf 87' lang='lat' dir='ltr'>proeliis</span> <span class='ocrx_word' id='word_1_52' title='bbox 1564 507 1692 556; x_wconf 90' lang='lat' dir='ltr'>modo,</span> 
     </span>
    </p>

    <p class='ocr_par' dir='ltr' id='par_1_4' title="bbox 192 579 1692 847">
     <span class='ocr_line' id='line_1_7' title="bbox 192 579 1690 632; baseline -0.001 -14"><span class='ocrx_word' id='word_1_53' title='bbox 192 582 240 619; x_wconf 83' lang='lat'>13</span> <span class='ocrx_word' id='word_1_54' title='bbox 260 582 329 620; x_wconf 89' lang='lat' dir='ltr'>sed</span> <span class='ocrx_word' id='word_1_55' title='bbox 360 581 528 619; x_wconf 87' lang='lat' dir='ltr'>urbibus</span> <span class='ocrx_word' id='word_1_56' title='bbox 561 581 680 619; x_wconf 87' lang='lat' dir='ltr'>etiam</span> <span class='ocrx_word' id='word_1_57' title='bbox 712 581 1003 632; x_wconf 83' lang='lat' dir='ltr'>oppugnandis.</span> <span class='ocrx_word' id='word_1_58' title='bbox 1063 581 1216 629; x_wconf 75' lang='lat' dir='ltr'>Quinta</span> <span class='ocrx_word' id='word_1_59' title='bbox 1252 583 1292 618; x_wconf 89' lang='lat' dir='ltr'>et</span> <span class='ocrx_word' id='word_1_60' title='bbox 1322 583 1432 618; x_wconf 85' lang='lat' dir='ltr'>sexta</span> <span class='ocrx_word' id='word_1_61' title='bbox 1464 579 1690 618; x_wconf 85' lang='lat' dir='ltr'>Cannenses</span> 
     </span>
     <span class='ocr_line' id='line_1_8' title="bbox 260 651 1690 703; baseline -0.003 -11"><span class='ocrx_word' id='word_1_62' title='bbox 260 657 374 692; x_wconf 86' lang='lat' dir='ltr'>erant</span> <span class='ocrx_word' id='word_1_63' title='bbox 404 654 594 703; x_wconf 80' lang='lat' dir='ltr'>legiones.</span> <span class='ocrx_word' id='word_1_64' title='bbox 644 652 725 690; x_wconf 85' lang='lat' dir='ltr'>Eas</span> <span class='ocrx_word' id='word_1_65' title='bbox 756 667 796 691; x_wconf 89' lang='lat' dir='ltr'>se</span> <span class='ocrx_word' id='word_1_66' title='bbox 825 654 1086 691; x_wconf 85' lang='lat' dir='ltr'>traiecturum</span> <span class='ocrx_word' id='word_1_67' title='bbox 1126 653 1167 690; x_wconf 91' lang='lat' dir='ltr'>in</span> <span class='ocrx_word' id='word_1_68' title='bbox 1198 652 1382 690; x_wconf 89' lang='lat' dir='ltr'>Africam</span> <span class='ocrx_word' id='word_1_69' title='bbox 1413 665 1534 701; x_wconf 90' lang='lat' dir='ltr'>quum</span> <span class='ocrx_word' id='word_1_70' title='bbox 1565 651 1690 689; x_wconf 80' lang='lat' dir='ltr'>dixis-</span> 
     </span>
     <span class='ocr_line' id='line_1_9' title="bbox 260 724 1691 776; baseline -0.002 -12"><span class='ocrx_word' id='word_1_71' title='bbox 260 730 331 773; x_wconf 90' lang='lat' dir='ltr'>set,</span> <span class='ocrx_word' id='word_1_72' title='bbox 363 725 542 775; x_wconf 87' lang='lat' dir='ltr'>singulos</span> <span class='ocrx_word' id='word_1_73' title='bbox 572 724 719 762; x_wconf 84' lang='lat' dir='ltr'>milites</span> <span class='ocrx_word' id='word_1_74' title='bbox 750 725 946 776; x_wconf 74' lang='lat' dir='ltr'>inspexit,</span> <span class='ocrx_word' id='word_1_75' title='bbox 976 726 1228 775; x_wconf 87' lang='lat' dir='ltr'>relictisque,</span> <span class='ocrx_word' id='word_1_76' title='bbox 1274 738 1372 774; x_wconf 90' lang='lat' dir='ltr'>quos</span> <span class='ocrx_word' id='word_1_77' title='bbox 1417 738 1495 762; x_wconf 92' lang='lat' dir='ltr'>non</span> <span class='ocrx_word' id='word_1_78' title='bbox 1527 724 1691 762; x_wconf 88' lang='lat' dir='ltr'>idoneos</span> 
     </span>
     <span class='ocr_line' id='line_1_10' title="bbox 263 795 1692 847; baseline -0.002 -11"><span class='ocrx_word' id='word_1_79' title='bbox 263 798 472 845; x_wconf 90' lang='lat' dir='ltr'>credebat,</span> <span class='ocrx_word' id='word_1_80' title='bbox 517 797 558 834; x_wconf 90' lang='lat' dir='ltr'>in</span> <span class='ocrx_word' id='word_1_81' title='bbox 604 797 734 835; x_wconf 88' lang='lat' dir='ltr'>locum</span> <span class='ocrx_word' id='word_1_82' title='bbox 781 811 915 836; x_wconf 90' lang='lat' dir='ltr'>eorum</span> <span class='ocrx_word' id='word_1_83' title='bbox 961 797 1150 844; x_wconf 87' lang='lat' dir='ltr'>subiecit,</span> <span class='ocrx_word' id='word_1_84' title='bbox 1196 810 1295 847; x_wconf 92' lang='lat' dir='ltr'>quos</span> <span class='ocrx_word' id='word_1_85' title='bbox 1325 810 1457 835; x_wconf 89' lang='lat' dir='ltr'>secum</span> <span class='ocrx_word' id='word_1_86' title='bbox 1488 809 1537 834; x_wconf 85' lang='lat' dir='ltr'>ex</span> <span class='ocrx_word' id='word_1_87' title='bbox 1566 795 1692 833; x_wconf 89' lang='lat' dir='ltr'>Italia</span> 
     </span>
    </p>

    <p class='ocr_par' dir='ltr' id='par_1_5' title="bbox 190 867 1692 1065">
     <span class='ocr_line' id='line_1_11' title="bbox 190 867 1692 920; baseline -0.001 -13"><span class='ocrx_word' id='word_1_88' title='bbox 190 871 240 908; x_wconf 84' lang='lat'>14</span> <span class='ocrx_word' id='word_1_89' title='bbox 259 870 494 916; x_wconf 75' lang='lat' dir='ltr'>adduxerat,</span> <span class='ocrx_word' id='word_1_90' title='bbox 513 869 796 920; x_wconf 86' lang='lat' dir='ltr'>supplevitque</span> <span class='ocrx_word' id='word_1_91' title='bbox 822 869 879 907; x_wconf 87' lang='lat' dir='ltr'>ita</span> <span class='ocrx_word' id='word_1_92' title='bbox 895 883 960 907; x_wconf 87' lang='lat' dir='ltr'>eas</span> <span class='ocrx_word' id='word_1_93' title='bbox 977 869 1164 919; x_wconf 82' lang='lat' dir='ltr'>legiones,</span> <span class='ocrx_word' id='word_1_94' title='bbox 1189 872 1235 907; x_wconf 90' lang='lat' dir='ltr'>ut</span> <span class='ocrx_word' id='word_1_95' title='bbox 1257 869 1423 919; x_wconf 82' lang='lat' dir='ltr'>singulae</span> <span class='ocrx_word' id='word_1_96' title='bbox 1448 882 1542 906; x_wconf 87' lang='lat' dir='ltr'>sena</span> <span class='ocrx_word' id='word_1_97' title='bbox 1563 867 1692 906; x_wconf 87' lang='lat' dir='ltr'>millia</span> 
     </span>
     <span class='ocr_line' id='line_1_12' title="bbox 261 939 1690 992; baseline -0.003 -11"><span class='ocrx_word' id='word_1_98' title='bbox 261 946 299 981; x_wconf 92' lang='lat' dir='ltr'>et</span> <span class='ocrx_word' id='word_1_99' title='bbox 331 943 504 981; x_wconf 85' lang='lat' dir='ltr'>ducenos</span> <span class='ocrx_word' id='word_1_100' title='bbox 529 941 697 992; x_wconf 76' lang='lat' dir='ltr'>pedites,</span> <span class='ocrx_word' id='word_1_101' title='bbox 729 945 907 980; x_wconf 80' lang='lat' dir='ltr'>trecenos</span> <span class='ocrx_word' id='word_1_102' title='bbox 937 942 1133 980; x_wconf 90' lang='lat' dir='ltr'>haberent</span> <span class='ocrx_word' id='word_1_103' title='bbox 1155 942 1320 991; x_wconf 88' lang='lat' dir='ltr'>equites.</span> <span class='ocrx_word' id='word_1_104' title='bbox 1367 939 1573 979; x_wconf 85' lang='lat' dir='ltr'>Sociorum</span> <span class='ocrx_word' id='word_1_105' title='bbox 1595 940 1690 977; x_wconf 90' lang='lat' dir='ltr'>item</span> 
     </span>
     <span class='ocr_line' id='line_1_13' title="bbox 261 1011 1690 1065; baseline -0.002 -13"><span class='ocrx_word' id='word_1_106' title='bbox 261 1014 402 1052; x_wconf 89' lang='lat' dir='ltr'>Latini</span> <span class='ocrx_word' id='word_1_107' title='bbox 433 1014 606 1051; x_wconf 90' lang='lat' dir='ltr'>nominis</span> <span class='ocrx_word' id='word_1_108' title='bbox 638 1013 795 1065; x_wconf 88' lang='lat' dir='ltr'>pedites</span> <span class='ocrx_word' id='word_1_109' title='bbox 822 1015 1055 1064; x_wconf 87' lang='lat' dir='ltr'>equitesque</span> <span class='ocrx_word' id='word_1_110' title='bbox 1087 1014 1135 1051; x_wconf 93' lang='lat' dir='ltr'>de</span> <span class='ocrx_word' id='word_1_111' title='bbox 1161 1013 1337 1051; x_wconf 88' lang='lat' dir='ltr'>exercitu</span> <span class='ocrx_word' id='word_1_112' title='bbox 1362 1012 1563 1051; x_wconf 85' lang='lat' dir='ltr'>Cannensi</span> <span class='ocrx_word' id='word_1_113' title='bbox 1578 1011 1690 1061; x_wconf 89' lang='lat' dir='ltr'>legit.</span> 
     </span>
    </p>

    <p class='ocr_par' dir='ltr' id='par_1_6' title="bbox 110 1084 1693 1136">
     <span class='ocr_line' id='line_1_14' title="bbox 110 1084 1693 1136; baseline -0.002 -12"><span class='ocrx_word' id='word_1_114' title='bbox 110 1084 166 1133; x_wconf 82' lang='lat'>25</span> <span class='ocrx_word' id='word_1_115' title='bbox 372 1086 574 1134; x_wconf 80' lang='lat' dir='ltr'>Quantum</span> <span class='ocrx_word' id='word_1_116' title='bbox 620 1087 794 1124; x_wconf 91' lang='lat' dir='ltr'>militum</span> <span class='ocrx_word' id='word_1_117' title='bbox 841 1087 884 1124; x_wconf 93' lang='lat' dir='ltr'>in</span> <span class='ocrx_word' id='word_1_118' title='bbox 914 1086 1097 1124; x_wconf 84' lang='lat' dir='ltr'>Africam</span> <span class='ocrx_word' id='word_1_119' title='bbox 1142 1088 1455 1136; x_wconf 83' lang='lat' dir='ltr'>transportatum</span> <span class='ocrx_word' id='word_1_120' title='bbox 1500 1085 1570 1135; x_wconf 88' lang='lat' dir='ltr'>sit,</span> <span class='ocrx_word' id='word_1_121' title='bbox 1612 1096 1693 1121; x_wconf 92' lang='lat' dir='ltr'>non</span> 
     </span>
    </p>

    <p class='ocr_par' dir='ltr' id='par_1_7' title="bbox 220 1155 1693 1426">
     <span class='ocr_line' id='line_1_15' title="bbox 220 1155 1693 1211; baseline -0.003 -15"><span class='ocrx_word' id='word_1_122' title='bbox 220 1161 242 1196; x_wconf 79' lang='lat'><strong>2</strong></span> <span class='ocrx_word' id='word_1_123' title='bbox 263 1173 386 1211; x_wconf 85' lang='lat' dir='ltr'>parvo</span> <span class='ocrx_word' id='word_1_124' title='bbox 418 1172 583 1197; x_wconf 89' lang='lat' dir='ltr'>numero</span> <span class='ocrx_word' id='word_1_125' title='bbox 613 1159 719 1197; x_wconf 89' lang='lat' dir='ltr'>inter</span> <span class='ocrx_word' id='word_1_126' title='bbox 757 1163 938 1197; x_wconf 86' lang='lat' dir='ltr'>auctores</span> <span class='ocrx_word' id='word_1_127' title='bbox 971 1159 1180 1209; x_wconf 87' lang='lat' dir='ltr'>discrepat.</span> <span class='ocrx_word' id='word_1_128' title='bbox 1250 1157 1367 1196; x_wconf 90' lang='lat' dir='ltr'>Alibi</span> <span class='ocrx_word' id='word_1_129' title='bbox 1397 1156 1531 1194; x_wconf 90' lang='lat' dir='ltr'>decem</span> <span class='ocrx_word' id='word_1_130' title='bbox 1562 1155 1693 1193; x_wconf 85' lang='lat' dir='ltr'>millia</span> 
     </span>
     <span class='ocr_line' id='line_1_16' title="bbox 260 1227 1693 1284; baseline -0.003 -15"><span class='ocrx_word' id='word_1_131' title='bbox 260 1232 450 1284; x_wconf 88' lang='lat' dir='ltr'>peditum,</span> <span class='ocrx_word' id='word_1_132' title='bbox 482 1232 560 1269; x_wconf 92' lang='lat' dir='ltr'>duo</span> <span class='ocrx_word' id='word_1_133' title='bbox 593 1231 721 1269; x_wconf 89' lang='lat' dir='ltr'>millia</span> <span class='ocrx_word' id='word_1_134' title='bbox 752 1234 793 1269; x_wconf 91' lang='lat' dir='ltr'>et</span> <span class='ocrx_word' id='word_1_135' title='bbox 817 1232 1008 1269; x_wconf 89' lang='lat' dir='ltr'>ducentos</span> <span class='ocrx_word' id='word_1_136' title='bbox 1033 1232 1198 1281; x_wconf 88' lang='lat' dir='ltr'>equites,</span> <span class='ocrx_word' id='word_1_137' title='bbox 1230 1230 1331 1268; x_wconf 89' lang='lat' dir='ltr'>alibi</span> <span class='ocrx_word' id='word_1_138' title='bbox 1362 1229 1534 1268; x_wconf 86' lang='lat' dir='ltr'>sedecim</span> <span class='ocrx_word' id='word_1_139' title='bbox 1563 1227 1693 1266; x_wconf 88' lang='lat' dir='ltr'>millia</span> 
     </span>
     <span class='ocr_line' id='line_1_17' title="bbox 260 1299 1692 1355; baseline -0.003 -13"><span class='ocrx_word' id='word_1_140' title='bbox 260 1305 453 1355; x_wconf 89' lang='lat' dir='ltr'>peditum,</span> <span class='ocrx_word' id='word_1_141' title='bbox 484 1303 596 1341; x_wconf 92' lang='lat' dir='ltr'>mille</span> <span class='ocrx_word' id='word_1_142' title='bbox 629 1307 668 1341; x_wconf 91' lang='lat' dir='ltr'>et</span> <span class='ocrx_word' id='word_1_143' title='bbox 698 1308 902 1342; x_wconf 85' lang='lat' dir='ltr'>sexcentos</span> <span class='ocrx_word' id='word_1_144' title='bbox 934 1304 1102 1354; x_wconf 86' lang='lat' dir='ltr'>equites,</span> <span class='ocrx_word' id='word_1_145' title='bbox 1133 1303 1233 1341; x_wconf 88' lang='lat' dir='ltr'>alibi</span> <span class='ocrx_word' id='word_1_146' title='bbox 1263 1306 1377 1353; x_wconf 87' lang='lat' dir='ltr'>parte</span> <span class='ocrx_word' id='word_1_147' title='bbox 1401 1302 1492 1352; x_wconf 90' lang='lat' dir='ltr'>plus</span> <span class='ocrx_word' id='word_1_148' title='bbox 1523 1299 1692 1338; x_wconf 85' lang='lat' dir='ltr'>dimidia</span> 
     </span>
     <span class='ocr_line' id='line_1_18' title="bbox 259 1373 1691 1426; baseline -0.003 -12"><span class='ocrx_word' id='word_1_149' title='bbox 259 1391 342 1415; x_wconf 85' lang='lat' dir='ltr'>rem</span> <span class='ocrx_word' id='word_1_150' title='bbox 374 1380 550 1423; x_wconf 83' lang='lat' dir='ltr'>auctam,</span> <span class='ocrx_word' id='word_1_151' title='bbox 583 1376 759 1426; x_wconf 89' lang='lat' dir='ltr'>quinque</span> <span class='ocrx_word' id='word_1_152' title='bbox 791 1379 830 1414; x_wconf 91' lang='lat' dir='ltr'>et</span> <span class='ocrx_word' id='word_1_153' title='bbox 857 1376 1026 1425; x_wconf 85' lang='lat' dir='ltr'>triginta</span> <span class='ocrx_word' id='word_1_154' title='bbox 1056 1375 1184 1413; x_wconf 89' lang='lat' dir='ltr'>millia</span> <span class='ocrx_word' id='word_1_155' title='bbox 1220 1374 1402 1424; x_wconf 88' lang='lat' dir='ltr'>peditum</span> <span class='ocrx_word' id='word_1_156' title='bbox 1435 1373 1691 1423; x_wconf 89' lang='lat' dir='ltr'>equitumque</span> 
     </span>
    </p>

    <p class='ocr_par' dir='ltr' id='par_1_8' title="bbox 214 1446 1693 1641">
     <span class='ocr_line' id='line_1_19' title="bbox 214 1446 1691 1498; baseline -0.003 -11"><span class='ocrx_word' id='word_1_157' title='bbox 214 1449 298 1487; x_wconf 84' lang='lat' dir='ltr'>3in</span> <span class='ocrx_word' id='word_1_158' title='bbox 330 1462 449 1487; x_wconf 87' lang='lat' dir='ltr'>naves</span> <span class='ocrx_word' id='word_1_159' title='bbox 481 1448 669 1498; x_wconf 86' lang='lat' dir='ltr'>imposita</span> <span class='ocrx_word' id='word_1_160' title='bbox 700 1450 874 1488; x_wconf 68' lang='lat' dir='ltr'>invenio.</span> <span class='ocrx_word' id='word_1_161' title='bbox 937 1447 1109 1496; x_wconf 78' lang='lat' dir='ltr'>Quidam</span> <span class='ocrx_word' id='word_1_162' title='bbox 1149 1460 1228 1484; x_wconf 90' lang='lat' dir='ltr'>non</span> <span class='ocrx_word' id='word_1_163' title='bbox 1259 1446 1440 1485; x_wconf 85' lang='lat' dir='ltr'>adiecere</span> <span class='ocrx_word' id='word_1_164' title='bbox 1470 1458 1691 1493; x_wconf 89' lang='lat' dir='ltr'>numerum,</span> 
     </span>
     <span class='ocr_line' id='line_1_20' title="bbox 261 1517 1693 1571; baseline -0.003 -12"><span class='ocrx_word' id='word_1_165' title='bbox 261 1522 365 1559; x_wconf 89' lang='lat' dir='ltr'>inter</span> <span class='ocrx_word' id='word_1_166' title='bbox 412 1534 510 1571; x_wconf 92' lang='lat' dir='ltr'>quos</span> <span class='ocrx_word' id='word_1_167' title='bbox 556 1534 618 1558; x_wconf 90' lang='lat' dir='ltr'>me</span> <span class='ocrx_word' id='word_1_168' title='bbox 664 1521 750 1571; x_wconf 90' lang='lat' dir='ltr'>ipse</span> <span class='ocrx_word' id='word_1_169' title='bbox 796 1521 837 1558; x_wconf 94' lang='lat' dir='ltr'>in</span> <span class='ocrx_word' id='word_1_170' title='bbox 882 1533 925 1558; x_wconf 90' lang='lat' dir='ltr'>re</span> <span class='ocrx_word' id='word_1_171' title='bbox 972 1519 1094 1558; x_wconf 89' lang='lat' dir='ltr'>dubia</span> <span class='ocrx_word' id='word_1_172' title='bbox 1137 1519 1234 1569; x_wconf 90' lang='lat' dir='ltr'>poni</span> <span class='ocrx_word' id='word_1_173' title='bbox 1264 1518 1412 1557; x_wconf 89' lang='lat' dir='ltr'>malim.</span> <span class='ocrx_word' id='word_1_174' title='bbox 1473 1517 1617 1556; x_wconf 84' lang='lat' dir='ltr'>Caelius</span> <span class='ocrx_word' id='word_1_175' title='bbox 1646 1519 1693 1555; x_wconf 93' lang='lat' dir='ltr'>ut</span> 
     </span>
     <span class='ocr_line' id='line_1_21' title="bbox 263 1590 1690 1641; baseline -0.004 -10"><span class='ocrx_word' id='word_1_176' title='bbox 263 1594 438 1632; x_wconf 91' lang='lat' dir='ltr'>abstinet</span> <span class='ocrx_word' id='word_1_177' title='bbox 455 1606 632 1640; x_wconf 86' lang='lat' dir='ltr'>numero,</span> <span class='ocrx_word' id='word_1_178' title='bbox 659 1592 717 1630; x_wconf 90' lang='lat' dir='ltr'>ita</span> <span class='ocrx_word' id='word_1_179' title='bbox 733 1592 784 1630; x_wconf 92' lang='lat' dir='ltr'>ad</span> <span class='ocrx_word' id='word_1_180' title='bbox 801 1593 1034 1630; x_wconf 91' lang='lat' dir='ltr'>immensum</span> <span class='ocrx_word' id='word_1_181' title='bbox 1059 1591 1330 1629; x_wconf 86' lang='lat' dir='ltr'>multitudinis</span> <span class='ocrx_word' id='word_1_182' title='bbox 1356 1590 1527 1641; x_wconf 87' lang='lat' dir='ltr'>speciem</span> <span class='ocrx_word' id='word_1_183' title='bbox 1551 1592 1690 1639; x_wconf 83' lang='lat' dir='ltr'>auget3</span> 
     </span>
    </p>

    <p class='ocr_par' dir='ltr' id='par_1_9' title="bbox 210 1662 1690 1860">
     <span class='ocr_line' id='line_1_22' title="bbox 210 1662 1690 1715; baseline -0.003 -12"><span class='ocrx_word' id='word_1_184' title='bbox 210 1666 234 1703; x_wconf 84' lang='lat'>4</span> <span class='ocrx_word' id='word_1_185' title='bbox 253 1666 435 1705; x_wconf 88' lang='lat' dir='ltr'>volucres</span> <span class='ocrx_word' id='word_1_186' title='bbox 467 1664 518 1703; x_wconf 93' lang='lat' dir='ltr'>ad</span> <span class='ocrx_word' id='word_1_187' title='bbox 549 1667 700 1702; x_wconf 88' lang='lat' dir='ltr'>terram</span> <span class='ocrx_word' id='word_1_188' title='bbox 736 1664 917 1715; x_wconf 88' lang='lat' dir='ltr'>delapsas</span> <span class='ocrx_word' id='word_1_189' title='bbox 950 1664 1121 1701; x_wconf 90' lang='lat' dir='ltr'>clamore</span> <span class='ocrx_word' id='word_1_190' title='bbox 1159 1662 1333 1700; x_wconf 88' lang='lat' dir='ltr'>militum</span> <span class='ocrx_word' id='word_1_191' title='bbox 1359 1662 1415 1700; x_wconf 90' lang='lat' dir='ltr'>ait</span> <span class='ocrx_word' id='word_1_192' title='bbox 1458 1664 1690 1712; x_wconf 87' lang='lat' dir='ltr'>tantamque</span> 
     </span>
     <span class='ocr_line' id='line_1_23' title="bbox 260 1733 1690 1784; baseline -0.003 -8"><span class='ocrx_word' id='word_1_193' title='bbox 260 1737 559 1776; x_wconf 85' lang='lat' dir='ltr'>multitudinem</span> <span class='ocrx_word' id='word_1_194' title='bbox 590 1737 865 1775; x_wconf 84' lang='lat' dir='ltr'>conscendisse</span> <span class='ocrx_word' id='word_1_195' title='bbox 895 1750 1028 1784; x_wconf 86' lang='lat' dir='ltr'>naves,</span> <span class='ocrx_word' id='word_1_196' title='bbox 1066 1738 1111 1772; x_wconf 92' lang='lat' dir='ltr'>ut</span> <span class='ocrx_word' id='word_1_197' title='bbox 1141 1749 1254 1773; x_wconf 89' lang='lat' dir='ltr'>nemo</span> <span class='ocrx_word' id='word_1_198' title='bbox 1286 1735 1516 1773; x_wconf 86' lang='lat' dir='ltr'>mortalium</span> <span class='ocrx_word' id='word_1_199' title='bbox 1547 1737 1616 1772; x_wconf 88' lang='lat' dir='ltr'>aut</span> <span class='ocrx_word' id='word_1_200' title='bbox 1646 1733 1690 1771; x_wconf 90' lang='lat' dir='ltr'>in</span> 
     </span>
     <span class='ocr_line' id='line_1_24' title="bbox 260 1807 1182 1860; baseline -0.003 -12"><span class='ocrx_word' id='word_1_201' title='bbox 260 1811 383 1848; x_wconf 87' lang='lat' dir='ltr'>Italia</span> <span class='ocrx_word' id='word_1_202' title='bbox 416 1813 484 1847; x_wconf 88' lang='lat' dir='ltr'>aut</span> <span class='ocrx_word' id='word_1_203' title='bbox 513 1809 554 1846; x_wconf 92' lang='lat' dir='ltr'>in</span> <span class='ocrx_word' id='word_1_204' title='bbox 587 1807 730 1847; x_wconf 84' lang='lat' dir='ltr'>Sicilia</span> <span class='ocrx_word' id='word_1_205' title='bbox 759 1809 938 1860; x_wconf 86' lang='lat' dir='ltr'>relinqui</span> <span class='ocrx_word' id='word_1_206' title='bbox 967 1807 1182 1846; x_wconf 85' lang='lat' dir='ltr'>videretur.</span> 
     </span>
    </p>

    <p class='ocr_par' dir='ltr' id='par_1_10' title="bbox 215 1879 1691 2077">
     <span class='ocr_line' id='line_1_25' title="bbox 215 1879 1691 1926; baseline -0.002 -7"><span class='ocrx_word' id='word_1_207' title='bbox 215 1882 238 1919; x_wconf 87' lang='lat'>5</span> <span class='ocrx_word' id='word_1_208' title='bbox 372 1881 530 1919; x_wconf 86' lang='lat' dir='ltr'>Milites</span> <span class='ocrx_word' id='word_1_209' title='bbox 560 1886 604 1919; x_wconf 94' lang='lat' dir='ltr'>ut</span> <span class='ocrx_word' id='word_1_210' title='bbox 634 1895 753 1919; x_wconf 90' lang='lat' dir='ltr'>naves</span> <span class='ocrx_word' id='word_1_211' title='bbox 785 1881 925 1919; x_wconf 90' lang='lat' dir='ltr'>ordine</span> <span class='ocrx_word' id='word_1_212' title='bbox 971 1894 1015 1918; x_wconf 87' lang='lat' dir='ltr'>ac</span> <span class='ocrx_word' id='word_1_213' title='bbox 1054 1881 1136 1918; x_wconf 93' lang='lat' dir='ltr'>sine</span> <span class='ocrx_word' id='word_1_214' title='bbox 1166 1880 1342 1918; x_wconf 89' lang='lat' dir='ltr'>tumultu</span> <span class='ocrx_word' id='word_1_215' title='bbox 1373 1879 1691 1926; x_wconf 90' lang='lat' dir='ltr'>conscenderent,</span> 
     </span>
     <span class='ocr_line' id='line_1_26' title="bbox 260 1950 1688 2005; baseline -0.003 -13"><span class='ocrx_word' id='word_1_216' title='bbox 260 1954 345 2005; x_wconf 88' lang='lat' dir='ltr'>ipse</span> <span class='ocrx_word' id='word_1_217' title='bbox 377 1967 464 1991; x_wconf 90' lang='lat' dir='ltr'>eam</span> <span class='ocrx_word' id='word_1_218' title='bbox 495 1953 574 1991; x_wconf 89' lang='lat' dir='ltr'>sibi</span> <span class='ocrx_word' id='word_1_219' title='bbox 606 1967 741 1992; x_wconf 87' lang='lat' dir='ltr'>curam</span> <span class='ocrx_word' id='word_1_220' title='bbox 773 1953 964 2004; x_wconf 66' lang='lat' dir='ltr'>sumpsit,</span> <span class='ocrx_word' id='word_1_221' title='bbox 996 1952 1179 1990; x_wconf 85' lang='lat' dir='ltr'>nauticos</span> <span class='ocrx_word' id='word_1_222' title='bbox 1204 1951 1426 1999; x_wconf 83' lang='lat' dir='ltr'>C.Laelius‚</span> <span class='ocrx_word' id='word_1_223' title='bbox 1458 1951 1527 2001; x_wconf 93' lang='lat' dir='ltr'>qui</span> <span class='ocrx_word' id='word_1_224' title='bbox 1552 1950 1688 1989; x_wconf 85' lang='lat' dir='ltr'>classis</span> 
     </span>
     <span class='ocr_line' id='line_1_27' title="bbox 258 2023 1688 2077; baseline -0.001 -14"><span class='ocrx_word' id='word_1_225' title='bbox 258 2026 471 2077; x_wconf 85' lang='lat' dir='ltr'>praefectus</span> <span class='ocrx_word' id='word_1_226' title='bbox 490 2030 590 2072; x_wconf 86' lang='lat' dir='ltr'>erat,</span> <span class='ocrx_word' id='word_1_227' title='bbox 606 2026 647 2063; x_wconf 91' lang='lat' dir='ltr'>in</span> <span class='ocrx_word' id='word_1_228' title='bbox 664 2025 847 2075; x_wconf 85' lang='lat' dir='ltr'>navibus,</span> <span class='ocrx_word' id='word_1_229' title='bbox 871 2029 963 2064; x_wconf 89' lang='lat' dir='ltr'>ante</span> <span class='ocrx_word' id='word_1_230' title='bbox 990 2025 1257 2064; x_wconf 87' lang='lat' dir='ltr'>conscendere</span> <span class='ocrx_word' id='word_1_231' title='bbox 1274 2027 1442 2071; x_wconf 85' lang='lat' dir='ltr'>coactos,</span> <span class='ocrx_word' id='word_1_232' title='bbox 1468 2023 1688 2071; x_wconf 88' lang='lat' dir='ltr'>continuit;</span> 
     </span>
    </p>

    <p class='ocr_par' dir='ltr' id='par_1_11' title="bbox 211 2095 1689 2220">
     <span class='ocr_line' id='line_1_28' title="bbox 211 2095 1689 2148; baseline -0.002 -12"><span class='ocrx_word' id='word_1_233' title='bbox 211 2098 234 2135; x_wconf 86' lang='grc'>6</span> <span class='ocrx_word' id='word_1_234' title='bbox 255 2101 497 2136; x_wconf 89' lang='lat' dir='ltr'>commeatus</span> <span class='ocrx_word' id='word_1_235' title='bbox 544 2098 774 2148; x_wconf 88' lang='lat' dir='ltr'>imponendi</span> <span class='ocrx_word' id='word_1_236' title='bbox 818 2098 874 2137; x_wconf 88' lang='lat' dir='ltr'>M.</span> <span class='ocrx_word' id='word_1_237' title='bbox 932 2097 1154 2148; x_wconf 87' lang='lat' dir='ltr'>Pomponio</span> <span class='ocrx_word' id='word_1_238' title='bbox 1207 2096 1373 2147; x_wconf 80' lang='lat' dir='ltr'>praetori</span> <span class='ocrx_word' id='word_1_239' title='bbox 1427 2110 1521 2134; x_wconf 91' lang='lat' dir='ltr'>cura</span> <span class='ocrx_word' id='word_1_240' title='bbox 1575 2095 1689 2143; x_wconf 87' lang='lat' dir='ltr'>data;</span> 
     </span>
     <span class='ocr_line' id='line_1_29' title="bbox 257 2168 1687 2220; baseline -0.001 -13"><span class='ocrx_word' id='word_1_241' title='bbox 257 2171 434 2220; x_wconf 90' lang='lat' dir='ltr'>quinque</span> <span class='ocrx_word' id='word_1_242' title='bbox 465 2173 506 2208; x_wconf 90' lang='lat' dir='ltr'>et</span> <span class='ocrx_word' id='word_1_243' title='bbox 537 2170 805 2220; x_wconf 84' lang='lat' dir='ltr'>quadraginta</span> <span class='ocrx_word' id='word_1_244' title='bbox 835 2170 991 2208; x_wconf 90' lang='lat' dir='ltr'>dierum</span> <span class='ocrx_word' id='word_1_245' title='bbox 1023 2170 1193 2217; x_wconf 85' lang='lat' dir='ltr'>cibaria,</span> <span class='ocrx_word' id='word_1_246' title='bbox 1224 2182 1244 2206; x_wconf 90' lang='lat' dir='ltr'>e</span> <span class='ocrx_word' id='word_1_247' title='bbox 1275 2168 1424 2219; x_wconf 89' lang='lat' dir='ltr'>quibus</span> <span class='ocrx_word' id='word_1_248' title='bbox 1456 2168 1687 2219; x_wconf 90' lang='lat' dir='ltr'>quindecim</span> 
     </span>
    </p>

    <p class='ocr_par' dir='ltr' id='par_1_12' title="bbox 211 2239 1687 2434">
     <span class='ocr_line' id='line_1_30' title="bbox 211 2239 1687 2292; baseline -0.001 -14"><span class='ocrx_word' id='word_1_249' title='bbox 211 2242 234 2278; x_wconf 85' lang='lat'><strong>7</strong></span> <span class='ocrx_word' id='word_1_250' title='bbox 255 2241 408 2280; x_wconf 88' lang='lat' dir='ltr'>dierum</span> <span class='ocrx_word' id='word_1_251' title='bbox 427 2245 553 2289; x_wconf 89' lang='lat' dir='ltr'>cocta,</span> <span class='ocrx_word' id='word_1_252' title='bbox 569 2242 767 2292; x_wconf 90' lang='lat' dir='ltr'>imposita.</span> <span class='ocrx_word' id='word_1_253' title='bbox 813 2242 872 2280; x_wconf 88' lang='lat' dir='ltr'>Ut</span> <span class='ocrx_word' id='word_1_254' title='bbox 888 2256 1021 2280; x_wconf 87' lang='lat' dir='ltr'>omnes</span> <span class='ocrx_word' id='word_1_255' title='bbox 1037 2242 1116 2280; x_wconf 87' lang='lat' dir='ltr'>iam</span> <span class='ocrx_word' id='word_1_256' title='bbox 1133 2241 1174 2279; x_wconf 90' lang='lat' dir='ltr'>in</span> <span class='ocrx_word' id='word_1_257' title='bbox 1191 2241 1359 2280; x_wconf 86' lang='lat' dir='ltr'>navibus</span> <span class='ocrx_word' id='word_1_258' title='bbox 1377 2244 1503 2288; x_wconf 89' lang='lat' dir='ltr'>erant,</span> <span class='ocrx_word' id='word_1_259' title='bbox 1521 2239 1687 2291; x_wconf 83' lang='lat' dir='ltr'>scaphas</span> 
     </span>
     <span class='ocr_line' id='line_1_31' title="bbox 257 2312 1687 2364; baseline -0.001 -12"><span class='ocrx_word' id='word_1_260' title='bbox 257 2314 528 2361; x_wconf 87' lang='lat' dir='ltr'>circummisit,</span> <span class='ocrx_word' id='word_1_261' title='bbox 545 2317 590 2351; x_wconf 92' lang='lat' dir='ltr'>ut</span> <span class='ocrx_word' id='word_1_262' title='bbox 607 2327 654 2351; x_wconf 83' lang='lat' dir='ltr'>ex</span> <span class='ocrx_word' id='word_1_263' title='bbox 672 2314 860 2352; x_wconf 89' lang='lat' dir='ltr'>omnibus</span> <span class='ocrx_word' id='word_1_264' title='bbox 877 2314 1047 2352; x_wconf 88' lang='lat' dir='ltr'>navibus</span> <span class='ocrx_word' id='word_1_265' title='bbox 1064 2313 1433 2364; x_wconf 86' lang='lat' dir='ltr'>gubernatoresque</span> <span class='ocrx_word' id='word_1_266' title='bbox 1451 2316 1490 2351; x_wconf 89' lang='lat' dir='ltr'>et</span> <span class='ocrx_word' id='word_1_267' title='bbox 1505 2312 1687 2362; x_wconf 86' lang='lat' dir='ltr'>magistri</span> 
     </span>
     <span class='ocr_line' id='line_1_32' title="bbox 257 2384 1686 2434; baseline -0.001 -11"><span class='ocrx_word' id='word_1_268' title='bbox 257 2386 416 2424; x_wconf 84' lang='lat' dir='ltr'>navium</span> <span class='ocrx_word' id='word_1_269' title='bbox 463 2389 503 2423; x_wconf 92' lang='lat' dir='ltr'>et</span> <span class='ocrx_word' id='word_1_270' title='bbox 548 2385 634 2423; x_wconf 92' lang='lat' dir='ltr'>bini</span> <span class='ocrx_word' id='word_1_271' title='bbox 679 2387 823 2424; x_wconf 90' lang='lat' dir='ltr'>milites</span> <span class='ocrx_word' id='word_1_272' title='bbox 870 2387 912 2424; x_wconf 91' lang='lat' dir='ltr'>in</span> <span class='ocrx_word' id='word_1_273' title='bbox 957 2387 1085 2424; x_wconf 86' lang='lat' dir='ltr'>forum</span> <span class='ocrx_word' id='word_1_274' title='bbox 1132 2387 1389 2424; x_wconf 89' lang='lat' dir='ltr'>convenirent</span> <span class='ocrx_word' id='word_1_275' title='bbox 1433 2384 1484 2423; x_wconf 90' lang='lat' dir='ltr'>ad</span> <span class='ocrx_word' id='word_1_276' title='bbox 1515 2384 1686 2434; x_wconf 87' lang='lat' dir='ltr'>imperia</span> 
     </span>
    </p>

    <p class='ocr_par' dir='ltr' id='par_1_13' title="bbox 213 2457 1686 2580">
     <span class='ocr_line' id='line_1_33' title="bbox 213 2457 1686 2509; baseline 0 -15"><span class='ocrx_word' id='word_1_277' title='bbox 213 2457 236 2494; x_wconf 83' lang='lat' dir='ltr'>S</span> <span class='ocrx_word' id='word_1_278' title='bbox 255 2457 501 2508; x_wconf 84' lang='lat' dir='ltr'>accipienda.</span> <span class='ocrx_word' id='word_1_279' title='bbox 548 2458 769 2509; x_wconf 88' lang='lat' dir='ltr'>Postquam</span> <span class='ocrx_word' id='word_1_280' title='bbox 801 2462 1080 2509; x_wconf 82' lang='lat' dir='ltr'>convenerunt,</span> <span class='ocrx_word' id='word_1_281' title='bbox 1122 2459 1295 2508; x_wconf 91' lang='lat' dir='ltr'>primum</span> <span class='ocrx_word' id='word_1_282' title='bbox 1326 2458 1374 2496; x_wconf 93' lang='lat' dir='ltr'>ab</span> <span class='ocrx_word' id='word_1_283' title='bbox 1406 2457 1459 2495; x_wconf 88' lang='lat' dir='ltr'>iis</span> <span class='ocrx_word' id='word_1_284' title='bbox 1490 2457 1686 2507; x_wconf 82' lang='lat' dir='ltr'>quaesivit,</span> 
     </span>
     <span class='ocr_line' id='line_1_34' title="bbox 256 2528 1684 2580; baseline -0.001 -13"><span class='ocrx_word' id='word_1_285' title='bbox 256 2530 290 2567; x_wconf 89' lang='lat' dir='ltr'>si</span> <span class='ocrx_word' id='word_1_286' title='bbox 322 2543 467 2579; x_wconf 89' lang='lat' dir='ltr'>aquam</span> <span class='ocrx_word' id='word_1_287' title='bbox 484 2529 711 2568; x_wconf 87' lang='lat' dir='ltr'>hominibus</span> <span class='ocrx_word' id='word_1_288' title='bbox 730 2530 995 2580; x_wconf 85' lang='lat' dir='ltr'>iumentisque</span> <span class='ocrx_word' id='word_1_289' title='bbox 1013 2530 1054 2567; x_wconf 89' lang='lat' dir='ltr'>in</span> <span class='ocrx_word' id='word_1_290' title='bbox 1070 2530 1238 2567; x_wconf 87' lang='lat' dir='ltr'>totidem</span> <span class='ocrx_word' id='word_1_291' title='bbox 1265 2530 1362 2577; x_wconf 89' lang='lat' dir='ltr'>dies,</span> <span class='ocrx_word' id='word_1_292' title='bbox 1393 2532 1490 2579; x_wconf 90' lang='lat' dir='ltr'>quot</span> <span class='ocrx_word' id='word_1_293' title='bbox 1514 2528 1684 2566; x_wconf 87' lang='lat' dir='ltr'>frumen-</span> 
     </span>
    </p>

    <p class='ocr_par' dir='ltr' id='par_1_14' title="bbox 213 2601 1684 2653">
     <span class='ocr_line' id='line_1_35' title="bbox 213 2601 1684 2653; baseline -0.001 -14"><span class='ocrx_word' id='word_1_294' title='bbox 213 2602 235 2638; x_wconf 81' lang='lat'>9</span> <span class='ocrx_word' id='word_1_295' title='bbox 253 2605 349 2649; x_wconf 90' lang='lat' dir='ltr'>tum,</span> <span class='ocrx_word' id='word_1_296' title='bbox 367 2602 659 2652; x_wconf 89' lang='lat' dir='ltr'>imposuissent.</span> <span class='ocrx_word' id='word_1_297' title='bbox 721 2602 806 2640; x_wconf 88' lang='lat' dir='ltr'>Ubi</span> <span class='ocrx_word' id='word_1_298' title='bbox 836 2601 1136 2653; x_wconf 88' lang='lat' dir='ltr'>responderunt,</span> <span class='ocrx_word' id='word_1_299' title='bbox 1164 2615 1304 2652; x_wconf 86' lang='lat' dir='ltr'>aquam</span> <span class='ocrx_word' id='word_1_300' title='bbox 1332 2601 1486 2639; x_wconf 91' lang='lat' dir='ltr'>dierum</span> <span class='ocrx_word' id='word_1_301' title='bbox 1509 2601 1684 2651; x_wconf 90' lang='lat' dir='ltr'>quinque</span> 
     </span>
    </p>
   </div>
   <div class='ocr_carea' id='block_1_3' title="bbox 257 2673 1682 2724">
    <p class='ocr_par' dir='ltr' id='par_1_15' title="bbox 257 2673 1682 2724">
     <span class='ocr_line' id='line_1_36' title="bbox 257 2673 1682 2724; baseline -0.001 -13"><span class='ocrx_word' id='word_1_302' title='bbox 257 2676 296 2711; x_wconf 89' lang='lat' dir='ltr'>et</span> <span class='ocrx_word' id='word_1_303' title='bbox 313 2674 584 2724; x_wconf 87' lang='lat' dir='ltr'>quadraginta</span> <span class='ocrx_word' id='word_1_304' title='bbox 607 2675 647 2713; x_wconf 91' lang='lat' dir='ltr'>in</span> <span class='ocrx_word' id='word_1_305' title='bbox 672 2675 840 2713; x_wconf 86' lang='lat' dir='ltr'>navibus</span> <span class='ocrx_word' id='word_1_306' title='bbox 866 2688 961 2723; x_wconf 88' lang='lat' dir='ltr'>esse,</span> <span class='ocrx_word' id='word_1_307' title='bbox 993 2678 1077 2712; x_wconf 91' lang='lat' dir='ltr'>tum</span> <span class='ocrx_word' id='word_1_308' title='bbox 1095 2673 1223 2712; x_wconf 85' lang='lat' dir='ltr'>edixit</span> <span class='ocrx_word' id='word_1_309' title='bbox 1254 2673 1460 2722; x_wconf 89' lang='lat' dir='ltr'>militibus,</span> <span class='ocrx_word' id='word_1_310' title='bbox 1491 2677 1536 2711; x_wconf 92' lang='lat' dir='ltr'>ut</span> <span class='ocrx_word' id='word_1_311' title='bbox 1565 2673 1682 2711; x_wconf 88' lang='lat' dir='ltr'>silen-</span> 
     </span>
    </p>
   </div>
  </div>
 </body>
</html>
