<?xml version="1.0" encoding="UTF-8"?>
<!DOCTYPE html PUBLIC "-//W3C//DTD XHTML 1.0 Transitional//EN"
    "http://www.w3.org/TR/xhtml1/DTD/xhtml1-transitional.dtd">
<html xmlns="http://www.w3.org/1999/xhtml" xml:lang="en" lang="en">
 <head>
  <title>
</title>
<meta http-equiv="Content-Type" content="text/html;charset=utf-8" />
  <meta name='ocr-system' content='tesseract 3.04.00' />
  <meta name='ocr-capabilities' content='ocr_page ocr_carea ocr_par ocr_line ocrx_word'/>
</head>
<body>
  <div class='ocr_page' id='page_1' title='image "./historiarumroman02livyuoft_0218.png"; bbox 0 0 1789 2955; ppageno 0'>
   <div class='ocr_carea' id='block_1_1' title="bbox 248 112 1235 157">
    <p class='ocr_par' dir='ltr' id='par_1_1' title="bbox 248 112 1235 157">
     <span class='ocr_line' id='line_1_1' title="bbox 248 112 1235 157; baseline 0.003 -13"><span class='ocrx_word' id='word_1_1' title='bbox 248 117 330 157; x_wconf 63' lang='lat'>178</span> <span class='ocrx_word' id='word_1_2' title='bbox 670 115 773 146; x_wconf 87' lang='lat' dir='ltr'>Liber</span> <span class='ocrx_word' id='word_1_3' title='bbox 799 114 923 145; x_wconf 82' lang='lat' dir='ltr'>XXIV.</span> <span class='ocrx_word' id='word_1_4' title='bbox 965 113 1020 157; x_wconf 84' lang='lat' dir='ltr'>(A.</span> <span class='ocrx_word' id='word_1_5' title='bbox 1041 124 1070 145; x_wconf 89' lang='lat' dir='ltr'>u.</span> <span class='ocrx_word' id='word_1_6' title='bbox 1091 124 1119 144; x_wconf 92' lang='lat' dir='ltr'>c.</span> <span class='ocrx_word' id='word_1_7' title='bbox 1139 112 1235 156; x_wconf 84' lang='lat'><strong>539.)</strong></span> 
     </span>
    </p>
   </div>
   <div class='ocr_carea' id='block_1_2' title="bbox 148 245 1660 2681">
    <p class='ocr_par' dir='ltr' id='par_1_2' title="bbox 148 245 1660 2681">
     <span class='ocr_line' id='line_1_2' title="bbox 247 245 1660 294; baseline 0 -12"><span class='ocrx_word' id='word_1_8' title='bbox 247 247 471 290; x_wconf 84' lang='lat' dir='ltr'>satellitum,</span> <span class='ocrx_word' id='word_1_9' title='bbox 506 252 548 281; x_wconf 92' lang='lat' dir='ltr'>ut</span> <span class='ocrx_word' id='word_1_10' title='bbox 570 245 770 282; x_wconf 88' lang='lat' dir='ltr'>iacentem</span> <span class='ocrx_word' id='word_1_11' title='bbox 794 246 930 281; x_wconf 90' lang='lat' dir='ltr'>videre</span> <span class='ocrx_word' id='word_1_12' title='bbox 953 257 1103 294; x_wconf 87' lang='lat' dir='ltr'>regem,</span> <span class='ocrx_word' id='word_1_13' title='bbox 1138 245 1243 282; x_wconf 87' lang='lat' dir='ltr'>facta</span> <span class='ocrx_word' id='word_1_14' title='bbox 1267 252 1346 289; x_wconf 89' lang='lat' dir='ltr'>est;</span> <span class='ocrx_word' id='word_1_15' title='bbox 1379 245 1660 282; x_wconf 83' lang='lat' dir='ltr'><strong>interfectores</strong></span> 
     </span>
     <span class='ocr_line' id='line_1_3' title="bbox 245 315 1659 364; baseline -0.001 -12"><span class='ocrx_word' id='word_1_16' title='bbox 245 328 337 364; x_wconf 89' lang='lat' dir='ltr'>pars</span> <span class='ocrx_word' id='word_1_17' title='bbox 369 317 409 352; x_wconf 92' lang='lat' dir='ltr'>in</span> <span class='ocrx_word' id='word_1_18' title='bbox 443 315 573 351; x_wconf 86' lang='lat' dir='ltr'>sorum</span> <span class='ocrx_word' id='word_1_19' title='bbox 605 316 659 351; x_wconf 87' lang='lat' dir='ltr'>ad</span> <span class='ocrx_word' id='word_1_20' title='bbox 692 315 988 351; x_wconf 83' lang='lat' dir='ltr'>multitudinem</span> <span class='ocrx_word' id='word_1_21' title='bbox 1020 316 1151 352; x_wconf 73' lang='lat' dir='ltr'>laetam</span> <span class='ocrx_word' id='word_1_22' title='bbox 1183 316 1378 359; x_wconf 87' lang='lat' dir='ltr'>libertate,</span> <span class='ocrx_word' id='word_1_23' title='bbox 1419 327 1511 364; x_wconf 87' lang='lat' dir='ltr'>pars</span> <span class='ocrx_word' id='word_1_24' title='bbox 1544 316 1659 363; x_wconf 87' lang='lat' dir='ltr'>Syra—</span> 
     </span>
     <span class='ocr_line' id='line_1_4' title="bbox 246 386 1658 434; baseline -0.001 -12"><span class='ocrx_word' id='word_1_25' title='bbox 246 398 362 423; x_wconf 89' lang='lat' dir='ltr'>cusas</span> <span class='ocrx_word' id='word_1_26' title='bbox 404 392 576 434; x_wconf 87' lang='lat' dir='ltr'>pergunt</span> <span class='ocrx_word' id='word_1_27' title='bbox 616 386 670 421; x_wconf 88' lang='lat' dir='ltr'>ad</span> <span class='ocrx_word' id='word_1_28' title='bbox 709 386 1037 434; x_wconf 80' lang='lat' dir='ltr'>praeoccupanda</span> <span class='ocrx_word' id='word_1_29' title='bbox 1076 386 1337 422; x_wconf 79' lang='lat' dir='ltr'>Adranodori</span> <span class='ocrx_word' id='word_1_30' title='bbox 1376 386 1658 434; x_wconf 88' lang='lat' dir='ltr'>regiorumque</span> 
     </span>
     <span class='ocr_line' id='line_1_5' title="bbox 205 451 1659 504; baseline 0.001 -14"><span class='ocrx_word' id='word_1_31' title='bbox 205 451 228 490; x_wconf 77' lang='grc'>8</span> <span class='ocrx_word' id='word_1_32' title='bbox 252 457 420 493; x_wconf 89' lang='lat' dir='ltr'>aliorum</span> <span class='ocrx_word' id='word_1_33' title='bbox 447 456 629 492; x_wconf 90' lang='lat' dir='ltr'>consilia.</span> <span class='ocrx_word' id='word_1_34' title='bbox 675 455 835 492; x_wconf 89' lang='lat' dir='ltr'>Incerto</span> <span class='ocrx_word' id='word_1_35' title='bbox 863 467 991 491; x_wconf 90' lang='lat' dir='ltr'>rerum</span> <span class='ocrx_word' id='word_1_36' title='bbox 1020 462 1137 499; x_wconf 89' lang='lat' dir='ltr'>statu,</span> <span class='ocrx_word' id='word_1_37' title='bbox 1165 457 1270 504; x_wconf 90' lang='lat' dir='ltr'>App.</span> <span class='ocrx_word' id='word_1_38' title='bbox 1296 455 1488 492; x_wconf 89' lang='lat' dir='ltr'>Claudius</span> <span class='ocrx_word' id='word_1_39' title='bbox 1512 456 1659 492; x_wconf 86' lang='lat' dir='ltr'>bellum</span> 
     </span>
     <span class='ocr_line' id='line_1_6' title="bbox 245 526 1659 574; baseline 0 -12"><span class='ocrx_word' id='word_1_40' title='bbox 245 527 379 563; x_wconf 87' lang='lat' dir='ltr'>oriens</span> <span class='ocrx_word' id='word_1_41' title='bbox 418 538 465 562; x_wconf 89' lang='lat' dir='ltr'>ex</span> <span class='ocrx_word' id='word_1_42' title='bbox 505 526 735 574; x_wconf 89' lang='lat' dir='ltr'>propinquo</span> <span class='ocrx_word' id='word_1_43' title='bbox 774 538 897 573; x_wconf 89' lang='lat' dir='ltr'>quum</span> <span class='ocrx_word' id='word_1_44' title='bbox 935 532 1129 569; x_wconf 88' lang='lat' dir='ltr'>cerneret,</span> <span class='ocrx_word' id='word_1_45' title='bbox 1176 532 1360 561; x_wconf 86' lang='lat' dir='ltr'>senatum</span> <span class='ocrx_word' id='word_1_46' title='bbox 1399 526 1536 562; x_wconf 88' lang='lat' dir='ltr'>litteris</span> <span class='ocrx_word' id='word_1_47' title='bbox 1575 538 1659 562; x_wconf 88' lang='lat' dir='ltr'>cer-</span> 
     </span>
     <span class='ocr_line' id='line_1_7' title="bbox 244 594 1659 644; baseline 0 -12"><span class='ocrx_word' id='word_1_48' title='bbox 244 597 387 633; x_wconf 89' lang='lat' dir='ltr'>tiorem</span> <span class='ocrx_word' id='word_1_49' title='bbox 412 596 518 639; x_wconf 90' lang='lat' dir='ltr'>fecit,</span> <span class='ocrx_word' id='word_1_50' title='bbox 543 596 717 632; x_wconf 89' lang='lat' dir='ltr'>Siciliam</span> <span class='ocrx_word' id='word_1_51' title='bbox 737 594 1061 643; x_wconf 81' lang='lat' dir='ltr'>Carthaginiensi</span> <span class='ocrx_word' id='word_1_52' title='bbox 1084 596 1237 644; x_wconf 92' lang='lat' dir='ltr'>populo</span> <span class='ocrx_word' id='word_1_53' title='bbox 1266 601 1306 631; x_wconf 89' lang='lat' dir='ltr'>et</span> <span class='ocrx_word' id='word_1_54' title='bbox 1324 595 1543 632; x_wconf 81' lang='lat' dir='ltr'>Hannibali</span> <span class='ocrx_word' id='word_1_55' title='bbox 1561 608 1659 632; x_wconf 92' lang='lat' dir='ltr'>con-</span> 
     </span>
     <span class='ocr_line' id='line_1_8' title="bbox 203 660 1658 714; baseline 0.001 -14"><span class='ocrx_word' id='word_1_56' title='bbox 203 660 228 700; x_wconf 83' lang='grc'><strong>9</strong></span> <span class='ocrx_word' id='word_1_57' title='bbox 245 665 379 709; x_wconf 90' lang='lat' dir='ltr'>ciliari,</span> <span class='ocrx_word' id='word_1_58' title='bbox 408 666 495 713; x_wconf 90' lang='lat' dir='ltr'>ipse</span> <span class='ocrx_word' id='word_1_59' title='bbox 523 666 717 702; x_wconf 88' lang='lat' dir='ltr'>adversus</span> <span class='ocrx_word' id='word_1_60' title='bbox 741 666 993 714; x_wconf 83' lang='lat' dir='ltr'>Syracusana</span> <span class='ocrx_word' id='word_1_61' title='bbox 1019 665 1188 701; x_wconf 88' lang='lat' dir='ltr'>consilia</span> <span class='ocrx_word' id='word_1_62' title='bbox 1213 667 1268 700; x_wconf 82' lang='lat' dir='ltr'>ad</span> <span class='ocrx_word' id='word_1_63' title='bbox 1287 666 1503 714; x_wconf 78' lang='lat' dir='ltr'>provinciae</span> <span class='ocrx_word' id='word_1_64' title='bbox 1526 667 1658 714; x_wconf 85' lang='lat' dir='ltr'>regni-</span> 
     </span>
     <span class='ocr_line' id='line_1_9' title="bbox 244 735 1087 783; baseline 0.001 -13"><span class='ocrx_word' id='word_1_65' title='bbox 244 747 321 782; x_wconf 90' lang='lat' dir='ltr'>que</span> <span class='ocrx_word' id='word_1_66' title='bbox 354 735 454 771; x_wconf 89' lang='lat' dir='ltr'>fines</span> <span class='ocrx_word' id='word_1_67' title='bbox 487 735 624 771; x_wconf 89' lang='lat' dir='ltr'>omnia</span> <span class='ocrx_word' id='word_1_68' title='bbox 657 736 854 771; x_wconf 85' lang='lat' dir='ltr'>convertit</span> <span class='ocrx_word' id='word_1_69' title='bbox 887 736 1087 783; x_wconf 87' lang='lat' dir='ltr'>praesidia.</span> 
     </span>
     <span class='ocr_line' id='line_1_10' title="bbox 175 800 1656 851; baseline 0.002 -11"><span class='ocrx_word' id='word_1_70' title='bbox 175 800 229 841; x_wconf 83' lang='grc'>10</span> <span class='ocrx_word' id='word_1_71' title='bbox 360 805 478 841; x_wconf 80' lang='lat' dir='ltr'>Exitu</span> <span class='ocrx_word' id='word_1_72' title='bbox 496 806 591 841; x_wconf 89' lang='lat' dir='ltr'>anni</span> <span class='ocrx_word' id='word_1_73' title='bbox 610 806 694 842; x_wconf 91' lang='lat' dir='ltr'>eius</span> <span class='ocrx_word' id='word_1_74' title='bbox 713 805 762 851; x_wconf 87' lang='lat' dir='ltr'>Q.</span> <span class='ocrx_word' id='word_1_75' title='bbox 783 806 929 841; x_wconf 81' lang='lat' dir='ltr'>Fabius</span> <span class='ocrx_word' id='word_1_76' title='bbox 948 818 996 841; x_wconf 90' lang='lat' dir='ltr'>ex</span> <span class='ocrx_word' id='word_1_77' title='bbox 1014 805 1252 842; x_wconf 83' lang='lat' dir='ltr'>auctoritate</span> <span class='ocrx_word' id='word_1_78' title='bbox 1271 812 1433 842; x_wconf 86' lang='lat' dir='ltr'>senatus</span> <span class='ocrx_word' id='word_1_79' title='bbox 1451 807 1656 851; x_wconf 87' lang='lat' dir='ltr'>Puteolos,</span> 
     </span>
     <span class='ocr_line' id='line_1_11' title="bbox 242 875 1658 925; baseline 0.001 -14"><span class='ocrx_word' id='word_1_80' title='bbox 242 888 314 924; x_wconf 91' lang='lat' dir='ltr'>per</span> <span class='ocrx_word' id='word_1_81' title='bbox 346 876 493 911; x_wconf 90' lang='lat' dir='ltr'>bellum</span> <span class='ocrx_word' id='word_1_82' title='bbox 525 881 701 924; x_wconf 84' lang='lat' dir='ltr'>coeptum</span> <span class='ocrx_word' id='word_1_83' title='bbox 725 875 968 923; x_wconf 85' lang='lat' dir='ltr'>frequentari</span> <span class='ocrx_word' id='word_1_84' title='bbox 993 875 1229 923; x_wconf 88' lang='lat' dir='ltr'>emporium,</span> <span class='ocrx_word' id='word_1_85' title='bbox 1264 877 1499 912; x_wconf 87' lang='lat' dir='ltr'>communiit</span> <span class='ocrx_word' id='word_1_86' title='bbox 1522 878 1658 925; x_wconf 87' lang='lat' dir='ltr'>praesi-</span> 
     </span>
     <span class='ocr_line' id='line_1_12' title="bbox 174 942 1657 994; baseline 0.001 -13"><span class='ocrx_word' id='word_1_87' title='bbox 174 942 223 980; x_wconf 92' lang='grc'>11</span> <span class='ocrx_word' id='word_1_88' title='bbox 242 947 434 994; x_wconf 87' lang='lat' dir='ltr'>diumque</span> <span class='ocrx_word' id='word_1_89' title='bbox 465 946 668 994; x_wconf 85' lang='lat' dir='ltr'>imposuit.</span> <span class='ocrx_word' id='word_1_90' title='bbox 732 945 832 981; x_wconf 91' lang='lat' dir='ltr'>Inde</span> <span class='ocrx_word' id='word_1_91' title='bbox 857 946 1029 982; x_wconf 89' lang='lat' dir='ltr'>Romam</span> <span class='ocrx_word' id='word_1_92' title='bbox 1062 946 1316 982; x_wconf 86' lang='lat' dir='ltr'>comitiorum</span> <span class='ocrx_word' id='word_1_93' title='bbox 1344 958 1467 983; x_wconf 84' lang='lat' dir='ltr'>causa</span> <span class='ocrx_word' id='word_1_94' title='bbox 1491 947 1657 983; x_wconf 83' lang='lat' dir='ltr'>veniens</span> 
     </span>
     <span class='ocr_line' id='line_1_13' title="bbox 241 1016 1655 1065; baseline 0.001 -13"><span class='ocrx_word' id='word_1_95' title='bbox 241 1017 281 1052; x_wconf 93' lang='lat' dir='ltr'>in</span> <span class='ocrx_word' id='word_1_96' title='bbox 307 1028 411 1060; x_wconf 89' lang='lat' dir='ltr'>eum,</span> <span class='ocrx_word' id='word_1_97' title='bbox 437 1028 559 1064; x_wconf 92' lang='lat' dir='ltr'>quem</span> <span class='ocrx_word' id='word_1_98' title='bbox 582 1017 753 1065; x_wconf 90' lang='lat' dir='ltr'>primum</span> <span class='ocrx_word' id='word_1_99' title='bbox 771 1017 880 1052; x_wconf 90' lang='lat' dir='ltr'>diem</span> <span class='ocrx_word' id='word_1_100' title='bbox 898 1016 1141 1052; x_wconf 86' lang='lat' dir='ltr'>comitialem</span> <span class='ocrx_word' id='word_1_101' title='bbox 1160 1017 1311 1061; x_wconf 88' lang='lat' dir='ltr'>habuit,</span> <span class='ocrx_word' id='word_1_102' title='bbox 1338 1017 1501 1053; x_wconf 89' lang='lat' dir='ltr'>comitia</span> <span class='ocrx_word' id='word_1_103' title='bbox 1519 1017 1655 1061; x_wconf 84' lang='lat' dir='ltr'>edixit,</span> 
     </span>
     <span class='ocr_line' id='line_1_14' title="bbox 175 1081 1656 1135; baseline 0 -13"><span class='ocrx_word' id='word_1_104' title='bbox 175 1081 227 1122; x_wconf 80' lang='grc'>12</span> <span class='ocrx_word' id='word_1_105' title='bbox 241 1093 363 1134; x_wconf 86' lang='lat' dir='ltr'>atque</span> <span class='ocrx_word' id='word_1_106' title='bbox 386 1100 434 1122; x_wconf 89' lang='lat' dir='ltr'>ex</span> <span class='ocrx_word' id='word_1_107' title='bbox 458 1087 599 1123; x_wconf 88' lang='lat' dir='ltr'>itinere</span> <span class='ocrx_word' id='word_1_108' title='bbox 623 1092 767 1135; x_wconf 92' lang='lat' dir='ltr'>praeter</span> <span class='ocrx_word' id='word_1_109' title='bbox 791 1087 930 1122; x_wconf 90' lang='lat' dir='ltr'>urbem</span> <span class='ocrx_word' id='word_1_110' title='bbox 952 1087 993 1122; x_wconf 87' lang='lat' dir='ltr'>in</span> <span class='ocrx_word' id='word_1_111' title='bbox 1019 1098 1207 1134; x_wconf 88' lang='lat' dir='ltr'>campum</span> <span class='ocrx_word' id='word_1_112' title='bbox 1231 1088 1459 1123; x_wconf 87' lang='lat' dir='ltr'>descendit.</span> <span class='ocrx_word' id='word_1_113' title='bbox 1507 1087 1570 1123; x_wconf 90' lang='lat' dir='ltr'>Eo</span> <span class='ocrx_word' id='word_1_114' title='bbox 1589 1087 1656 1123; x_wconf 92' lang='lat' dir='ltr'>die</span> 
     </span>
     <span class='ocr_line' id='line_1_15' title="bbox 241 1157 1656 1206; baseline 0.001 -14"><span class='ocrx_word' id='word_1_115' title='bbox 241 1169 363 1205; x_wconf 91' lang='lat' dir='ltr'>quum</span> <span class='ocrx_word' id='word_1_116' title='bbox 410 1169 497 1194; x_wconf 88' lang='lat' dir='ltr'>sors</span> <span class='ocrx_word' id='word_1_117' title='bbox 544 1158 818 1206; x_wconf 87' lang='lat' dir='ltr'>praerogativae</span> <span class='ocrx_word' id='word_1_118' title='bbox 861 1157 1028 1193; x_wconf 81' lang='lat' dir='ltr'>Aniensi</span> <span class='ocrx_word' id='word_1_119' title='bbox 1074 1157 1275 1193; x_wconf 89' lang='lat' dir='ltr'>iuniorum</span> <span class='ocrx_word' id='word_1_120' title='bbox 1317 1157 1477 1201; x_wconf 84' lang='lat' dir='ltr'>exisset,</span> <span class='ocrx_word' id='word_1_121' title='bbox 1526 1170 1656 1205; x_wconf 83' lang='lat' dir='ltr'>eaque</span> 
     </span>
     <span class='ocr_line' id='line_1_16' title="bbox 241 1226 1656 1275; baseline 0.001 -12"><span class='ocrx_word' id='word_1_122' title='bbox 241 1227 290 1264; x_wconf 89' lang='lat' dir='ltr'>T.</span> <span class='ocrx_word' id='word_1_123' title='bbox 324 1226 552 1271; x_wconf 85' lang='lat' dir='ltr'>Otacilium,</span> <span class='ocrx_word' id='word_1_124' title='bbox 593 1227 648 1264; x_wconf 85' lang='lat' dir='ltr'>M.</span> <span class='ocrx_word' id='word_1_125' title='bbox 682 1227 886 1263; x_wconf 87' lang='lat' dir='ltr'>AEmilium</span> <span class='ocrx_word' id='word_1_126' title='bbox 920 1227 1117 1275; x_wconf 84' lang='lat' dir='ltr'>Regillum</span> <span class='ocrx_word' id='word_1_127' title='bbox 1151 1228 1339 1264; x_wconf 87' lang='lat' dir='ltr'>consules</span> <span class='ocrx_word' id='word_1_128' title='bbox 1373 1228 1538 1271; x_wconf 88' lang='lat' dir='ltr'>diceret,</span> <span class='ocrx_word' id='word_1_129' title='bbox 1574 1235 1656 1264; x_wconf 88' lang='lat' dir='ltr'>tum</span> 
     </span>
     <span class='ocr_line' id='line_1_17' title="bbox 148 1289 1656 1346; baseline 0.001 -13"><span class='ocrx_word' id='word_1_130' title='bbox 148 1289 177 1333; x_wconf 84' lang='lat'>8</span> <span class='ocrx_word' id='word_1_131' title='bbox 241 1298 291 1343; x_wconf 83' lang='lat' dir='ltr'>Q.</span> <span class='ocrx_word' id='word_1_132' title='bbox 316 1297 464 1334; x_wconf 87' lang='lat' dir='ltr'>Fabius</span> <span class='ocrx_word' id='word_1_133' title='bbox 497 1298 657 1334; x_wconf 89' lang='lat' dir='ltr'>silentio</span> <span class='ocrx_word' id='word_1_134' title='bbox 692 1297 799 1333; x_wconf 89' lang='lat' dir='ltr'>facto</span> <span class='ocrx_word' id='word_1_135' title='bbox 833 1298 901 1333; x_wconf 90' lang='lat' dir='ltr'>tali</span> <span class='ocrx_word' id='word_1_136' title='bbox 934 1298 1119 1334; x_wconf 88' lang='lat' dir='ltr'>oratione</span> <span class='ocrx_word' id='word_1_137' title='bbox 1152 1304 1212 1334; x_wconf 88' lang='lat' dir='ltr'>est</span> <span class='ocrx_word' id='word_1_138' title='bbox 1244 1309 1357 1334; x_wconf 88' lang='lat' dir='ltr'>usus:</span> <span class='ocrx_word' id='word_1_139' title='bbox 1396 1297 1461 1333; x_wconf 88' lang='lat' dir='ltr'>«Si</span> <span class='ocrx_word' id='word_1_140' title='bbox 1493 1304 1562 1333; x_wconf 88' lang='lat' dir='ltr'>aut</span> <span class='ocrx_word' id='word_1_141' title='bbox 1585 1310 1656 1346; x_wconf 89' lang='lat' dir='ltr'>pa—</span> 
     </span>
     <span class='ocr_line' id='line_1_18' title="bbox 241 1368 1656 1416; baseline 0 -12"><span class='ocrx_word' id='word_1_142' title='bbox 241 1380 329 1404; x_wconf 85' lang='lat' dir='ltr'>cem</span> <span class='ocrx_word' id='word_1_143' title='bbox 360 1368 401 1404; x_wconf 89' lang='lat' dir='ltr'>in</span> <span class='ocrx_word' id='word_1_144' title='bbox 433 1368 546 1404; x_wconf 86' lang='lat' dir='ltr'>Italia</span> <span class='ocrx_word' id='word_1_145' title='bbox 578 1374 647 1404; x_wconf 91' lang='lat' dir='ltr'>aut</span> <span class='ocrx_word' id='word_1_146' title='bbox 680 1369 724 1403; x_wconf 74' lang='grc' dir='ltr'>εἰ]</span> <span class='ocrx_word' id='word_1_147' title='bbox 753 1369 899 1404; x_wconf 88' lang='lat' dir='ltr'>bellum</span> <span class='ocrx_word' id='word_1_148' title='bbox 932 1380 1104 1416; x_wconf 89' lang='lat' dir='ltr'>eumque</span> <span class='ocrx_word' id='word_1_149' title='bbox 1137 1368 1295 1404; x_wconf 89' lang='lat' dir='ltr'>hostem</span> <span class='ocrx_word' id='word_1_150' title='bbox 1329 1368 1581 1412; x_wconf 88' lang='lat' dir='ltr'>haberemus,</span> <span class='ocrx_word' id='word_1_151' title='bbox 1614 1369 1656 1404; x_wconf 90' lang='lat' dir='ltr'>in</span> 
     </span>
     <span class='ocr_line' id='line_1_19' title="bbox 241 1439 1653 1487; baseline 0 -13"><span class='ocrx_word' id='word_1_152' title='bbox 241 1450 321 1486; x_wconf 88' lang='lat' dir='ltr'>quo</span> <span class='ocrx_word' id='word_1_153' title='bbox 354 1439 611 1486; x_wconf 86' lang='lat' dir='ltr'>negligentiae</span> <span class='ocrx_word' id='word_1_154' title='bbox 644 1439 768 1475; x_wconf 88' lang='lat' dir='ltr'>laxior</span> <span class='ocrx_word' id='word_1_155' title='bbox 800 1439 912 1475; x_wconf 87' lang='lat' dir='ltr'>locus</span> <span class='ocrx_word' id='word_1_156' title='bbox 946 1446 1065 1483; x_wconf 88' lang='lat' dir='ltr'>esset,</span> <span class='ocrx_word' id='word_1_157' title='bbox 1106 1440 1172 1487; x_wconf 89' lang='lat' dir='ltr'>qui</span> <span class='ocrx_word' id='word_1_158' title='bbox 1204 1439 1343 1475; x_wconf 88' lang='lat' dir='ltr'>vestris</span> <span class='ocrx_word' id='word_1_159' title='bbox 1377 1439 1530 1483; x_wconf 87' lang='lat' dir='ltr'>studiis,</span> <span class='ocrx_word' id='word_1_160' title='bbox 1565 1451 1653 1486; x_wconf 79' lang='lat' dir='ltr'>quae</span> 
     </span>
     <span class='ocr_line' id='line_1_20' title="bbox 238 1509 1651 1557; baseline 0.001 -13"><span class='ocrx_word' id='word_1_161' title='bbox 238 1509 278 1545; x_wconf 90' lang='lat' dir='ltr'>in</span> <span class='ocrx_word' id='word_1_162' title='bbox 313 1521 499 1557; x_wconf 89' lang='lat' dir='ltr'>campum</span> <span class='ocrx_word' id='word_1_163' title='bbox 532 1509 586 1544; x_wconf 89' lang='lat' dir='ltr'>ad</span> <span class='ocrx_word' id='word_1_164' title='bbox 618 1510 892 1553; x_wconf 84' lang='lat' dir='ltr'>mandandos,</span> <span class='ocrx_word' id='word_1_165' title='bbox 928 1510 1071 1557; x_wconf 89' lang='lat' dir='ltr'>quibus</span> <span class='ocrx_word' id='word_1_166' title='bbox 1104 1510 1243 1553; x_wconf 87' lang='lat' dir='ltr'>velitis,</span> <span class='ocrx_word' id='word_1_167' title='bbox 1279 1510 1456 1545; x_wconf 89' lang='lat' dir='ltr'>honores</span> <span class='ocrx_word' id='word_1_168' title='bbox 1489 1509 1651 1553; x_wconf 87' lang='lat' dir='ltr'>affertis,</span> 
     </span>
     <span class='ocr_line' id='line_1_21' title="bbox 238 1579 1654 1628; baseline 0 -14"><span class='ocrx_word' id='word_1_169' title='bbox 238 1591 394 1615; x_wconf 89' lang='lat' dir='ltr'>moram</span> <span class='ocrx_word' id='word_1_170' title='bbox 432 1579 551 1615; x_wconf 85' lang='lat' dir='ltr'>ullam</span> <span class='ocrx_word' id='word_1_171' title='bbox 591 1579 771 1623; x_wconf 83' lang='lat' dir='ltr'>offerret,-</span> <span class='ocrx_word' id='word_1_172' title='bbox 805 1579 838 1615; x_wconf 91' lang='lat' dir='ltr'>is</span> <span class='ocrx_word' id='word_1_173' title='bbox 878 1580 972 1615; x_wconf 86' lang='lat' dir='ltr'>mihi</span> <span class='ocrx_word' id='word_1_174' title='bbox 1012 1592 1152 1628; x_wconf 90' lang='lat' dir='ltr'>parum</span> <span class='ocrx_word' id='word_1_175' title='bbox 1192 1580 1421 1616; x_wconf 88' lang='lat' dir='ltr'>meminisse</span> <span class='ocrx_word' id='word_1_176' title='bbox 1454 1580 1654 1615; x_wconf 90' lang='lat' dir='ltr'>videretur</span> 
     </span>
     <span class='ocr_line' id='line_1_22' title="bbox 198 1644 1653 1697; baseline 0.001 -13"><span class='ocrx_word' id='word_1_177' title='bbox 198 1644 379 1686; x_wconf 62' lang='lat' dir='ltr'>Evestrae</span> <span class='ocrx_word' id='word_1_178' title='bbox 408 1650 620 1693; x_wconf 89' lang='lat' dir='ltr'>libertatis;</span> <span class='ocrx_word' id='word_1_179' title='bbox 655 1651 729 1686; x_wconf 90' lang='lat' dir='ltr'>sed</span> <span class='ocrx_word' id='word_1_180' title='bbox 757 1662 878 1697; x_wconf 90' lang='lat' dir='ltr'>quum</span> <span class='ocrx_word' id='word_1_181' title='bbox 906 1650 946 1685; x_wconf 92' lang='lat' dir='ltr'>in</span> <span class='ocrx_word' id='word_1_182' title='bbox 976 1650 1053 1687; x_wconf 89' lang='lat' dir='ltr'>hoc</span> <span class='ocrx_word' id='word_1_183' title='bbox 1081 1651 1200 1694; x_wconf 90' lang='lat' dir='ltr'>bello,</span> <span class='ocrx_word' id='word_1_184' title='bbox 1234 1651 1274 1686; x_wconf 87' lang='lat' dir='ltr'>in</span> <span class='ocrx_word' id='word_1_185' title='bbox 1303 1651 1382 1686; x_wconf 88' lang='lat' dir='ltr'>hoc</span> <span class='ocrx_word' id='word_1_186' title='bbox 1411 1650 1526 1686; x_wconf 81' lang='lat' dir='ltr'>hoste</span> <span class='ocrx_word' id='word_1_187' title='bbox 1552 1662 1653 1686; x_wconf 92' lang='lat' dir='ltr'>nun-</span> 
     </span>
     <span class='ocr_line' id='line_1_23' title="bbox 239 1720 1651 1768; baseline 0.001 -13"><span class='ocrx_word' id='word_1_188' title='bbox 239 1732 361 1768; x_wconf 86' lang='lat' dir='ltr'>quam</span> <span class='ocrx_word' id='word_1_189' title='bbox 400 1721 450 1755; x_wconf 90' lang='lat' dir='ltr'>ab</span> <span class='ocrx_word' id='word_1_190' title='bbox 484 1720 563 1756; x_wconf 93' lang='lat' dir='ltr'>ullo</span> <span class='ocrx_word' id='word_1_191' title='bbox 604 1721 709 1757; x_wconf 91' lang='lat' dir='ltr'>duce</span> <span class='ocrx_word' id='word_1_192' title='bbox 749 1721 835 1757; x_wconf 89' lang='lat' dir='ltr'>sine</span> <span class='ocrx_word' id='word_1_193' title='bbox 874 1721 1028 1768; x_wconf 86' lang='lat' dir='ltr'>ingenti</span> <span class='ocrx_word' id='word_1_194' title='bbox 1060 1729 1199 1757; x_wconf 87' lang='lat' dir='ltr'>nostra</span> <span class='ocrx_word' id='word_1_195' title='bbox 1232 1721 1348 1757; x_wconf 89' lang='lat' dir='ltr'>clade</span> <span class='ocrx_word' id='word_1_196' title='bbox 1382 1726 1555 1756; x_wconf 82' lang='lat' dir='ltr'>erratum</span> <span class='ocrx_word' id='word_1_197' title='bbox 1589 1720 1651 1764; x_wconf 88' lang='lat' dir='ltr'>sit,</span> 
     </span>
     <span class='ocr_line' id='line_1_24' title="bbox 239 1790 1652 1838; baseline 0 -12"><span class='ocrx_word' id='word_1_198' title='bbox 239 1791 385 1826; x_wconf 86' lang='lat' dir='ltr'>eadem</span> <span class='ocrx_word' id='word_1_199' title='bbox 410 1802 482 1827; x_wconf 89' lang='lat' dir='ltr'>vos</span> <span class='ocrx_word' id='word_1_200' title='bbox 506 1802 612 1834; x_wconf 88' lang='lat' dir='ltr'>cura,</span> <span class='ocrx_word' id='word_1_201' title='bbox 640 1803 719 1838; x_wconf 92' lang='lat' dir='ltr'>qua</span> <span class='ocrx_word' id='word_1_202' title='bbox 742 1792 781 1827; x_wconf 90' lang='lat' dir='ltr'>in</span> <span class='ocrx_word' id='word_1_203' title='bbox 801 1791 930 1827; x_wconf 90' lang='lat' dir='ltr'>aciem</span> <span class='ocrx_word' id='word_1_204' title='bbox 947 1791 1088 1826; x_wconf 87' lang='lat' dir='ltr'>armati</span> <span class='ocrx_word' id='word_1_205' title='bbox 1106 1791 1369 1835; x_wconf 89' lang='lat' dir='ltr'>descenditis,</span> <span class='ocrx_word' id='word_1_206' title='bbox 1396 1791 1496 1826; x_wconf 92' lang='lat' dir='ltr'>inire</span> <span class='ocrx_word' id='word_1_207' title='bbox 1514 1790 1652 1827; x_wconf 88' lang='lat' dir='ltr'>suffra-</span> 
     </span>
     <span class='ocr_line' id='line_1_25' title="bbox 237 1861 1650 1909; baseline 0 -13"><span class='ocrx_word' id='word_1_208' title='bbox 237 1861 346 1909; x_wconf 80' lang='lat' dir='ltr'>gium</span> <span class='ocrx_word' id='word_1_209' title='bbox 370 1861 423 1896; x_wconf 90' lang='lat' dir='ltr'>ad</span> <span class='ocrx_word' id='word_1_210' title='bbox 448 1862 650 1897; x_wconf 89' lang='lat' dir='ltr'>creandos</span> <span class='ocrx_word' id='word_1_211' title='bbox 676 1862 864 1898; x_wconf 87' lang='lat' dir='ltr'>consules</span> <span class='ocrx_word' id='word_1_212' title='bbox 888 1862 1009 1897; x_wconf 90' lang='lat' dir='ltr'>decet</span> <span class='ocrx_word' id='word_1_213' title='bbox 1032 1867 1070 1897; x_wconf 91' lang='lat' dir='ltr'>et</span> <span class='ocrx_word' id='word_1_214' title='bbox 1095 1862 1169 1897; x_wconf 87' lang='lat' dir='ltr'>sibi</span> <span class='ocrx_word' id='word_1_215' title='bbox 1193 1862 1249 1898; x_wconf 89' lang='lat' dir='ltr'>sic</span> <span class='ocrx_word' id='word_1_216' title='bbox 1274 1873 1475 1909; x_wconf 88' lang='lat' dir='ltr'>quemque</span> <span class='ocrx_word' id='word_1_217' title='bbox 1494 1861 1650 1896; x_wconf 87' lang='lat' dir='ltr'>dicere:</span> 
     </span>
     <span class='ocr_line' id='line_1_26' title="bbox 197 1930 1652 1979; baseline -0.002 -9"><span class='ocrx_word' id='word_1_218' title='bbox 197 1930 222 1970; x_wconf 83' lang='lat'><strong>3</strong></span> <span class='ocrx_word' id='word_1_219' title='bbox 242 1931 486 1967; x_wconf 82' lang='lat' dir='ltr'>«Hannibali</span> <span class='ocrx_word' id='word_1_220' title='bbox 499 1931 731 1979; x_wconf 88' lang='lat' dir='ltr'>imperatori</span> <span class='ocrx_word' id='word_1_221' title='bbox 746 1943 883 1979; x_wconf 88' lang='lat' dir='ltr'>parem</span> <span class='ocrx_word' id='word_1_222' title='bbox 899 1932 1107 1968; x_wconf 87' lang='lat' dir='ltr'>consulem</span> <span class='ocrx_word' id='word_1_223' title='bbox 1121 1932 1304 1967; x_wconf 90' lang='lat' dir='ltr'>nomino.</span> <span class='ocrx_word' id='word_1_224' title='bbox 1315 1945 1331 1964; x_wconf 73' lang='lat'>2&gt;</span> <span class='ocrx_word' id='word_1_225' title='bbox 1369 1931 1459 1967; x_wconf 92' lang='lat' dir='ltr'>Hoc</span> <span class='ocrx_word' id='word_1_226' title='bbox 1474 1943 1583 1967; x_wconf 90' lang='lat' dir='ltr'>anno</span> <span class='ocrx_word' id='word_1_227' title='bbox 1597 1932 1652 1967; x_wconf 88' lang='lat' dir='ltr'>ad</span> 
     </span>
     <span class='ocr_line' id='line_1_27' title="bbox 239 2000 1652 2050; baseline 0 -13"><span class='ocrx_word' id='word_1_228' title='bbox 239 2001 423 2049; x_wconf 88' lang='lat' dir='ltr'>Capuam</span> <span class='ocrx_word' id='word_1_229' title='bbox 442 2001 616 2037; x_wconf 84' lang='lat' dir='ltr'>Vibellio</span> <span class='ocrx_word' id='word_1_230' title='bbox 635 2001 818 2045; x_wconf 86' lang='lat' dir='ltr'>Taureae,</span> <span class='ocrx_word' id='word_1_231' title='bbox 843 2000 1056 2049; x_wconf 86' lang='lat' dir='ltr'>Campano</span> <span class='ocrx_word' id='word_1_232' title='bbox 1076 2013 1233 2038; x_wconf 88' lang='lat' dir='ltr'>summo</span> <span class='ocrx_word' id='word_1_233' title='bbox 1252 2002 1386 2049; x_wconf 86' lang='lat' dir='ltr'>equiti,</span> <span class='ocrx_word' id='word_1_234' title='bbox 1413 2002 1652 2050; x_wconf 87' lang='lat' dir='ltr'>provocanti</span> 
     </span>
     <span class='ocr_line' id='line_1_28' title="bbox 239 2071 1650 2121; baseline 0 -13"><span class='ocrx_word' id='word_1_235' title='bbox 239 2084 415 2108; x_wconf 89' lang='lat' dir='ltr'>summus</span> <span class='ocrx_word' id='word_1_236' title='bbox 460 2072 669 2107; x_wconf 89' lang='lat' dir='ltr'>Romanus</span> <span class='ocrx_word' id='word_1_237' title='bbox 716 2083 840 2119; x_wconf 88' lang='lat' dir='ltr'>eques</span> <span class='ocrx_word' id='word_1_238' title='bbox 884 2072 1039 2107; x_wconf 87' lang='lat' dir='ltr'>Asellus</span> <span class='ocrx_word' id='word_1_239' title='bbox 1082 2071 1275 2108; x_wconf 89' lang='lat' dir='ltr'>Claudius</span> <span class='ocrx_word' id='word_1_240' title='bbox 1320 2078 1381 2108; x_wconf 87' lang='lat' dir='ltr'>est</span> <span class='ocrx_word' id='word_1_241' title='bbox 1425 2072 1650 2121; x_wconf 88' lang='lat' dir='ltr'>oppositus.</span> 
     </span>
     <span class='ocr_line' id='line_1_29' title="bbox 195 2141 1651 2191; baseline -0.002 -10"><span class='ocrx_word' id='word_1_242' title='bbox 195 2141 441 2181; x_wconf 76' lang='lat' dir='ltr'>4Adversus</span> <span class='ocrx_word' id='word_1_243' title='bbox 474 2141 634 2177; x_wconf 89' lang='lat' dir='ltr'>Gallum</span> <span class='ocrx_word' id='word_1_244' title='bbox 673 2143 881 2189; x_wconf 84' lang='lat' dir='ltr'>quondam</span> <span class='ocrx_word' id='word_1_245' title='bbox 921 2148 1212 2190; x_wconf 87' lang='lat' dir='ltr'>provocantem</span> <span class='ocrx_word' id='word_1_246' title='bbox 1251 2143 1293 2178; x_wconf 89' lang='lat' dir='ltr'>in</span> <span class='ocrx_word' id='word_1_247' title='bbox 1325 2148 1451 2191; x_wconf 90' lang='lat' dir='ltr'>ponte</span> <span class='ocrx_word' id='word_1_248' title='bbox 1484 2143 1651 2179; x_wconf 86' lang='lat' dir='ltr'>Anienis</span> 
     </span>
     <span class='ocr_line' id='line_1_30' title="bbox 238 2211 1650 2249; baseline 0.001 -1"><span class='ocrx_word' id='word_1_249' title='bbox 238 2212 287 2248; x_wconf 90' lang='lat' dir='ltr'>T.</span> <span class='ocrx_word' id='word_1_250' title='bbox 320 2211 513 2248; x_wconf 84' lang='lat' dir='ltr'>Manlium</span> <span class='ocrx_word' id='word_1_251' title='bbox 554 2211 747 2248; x_wconf 88' lang='lat' dir='ltr'>fidentem</span> <span class='ocrx_word' id='word_1_252' title='bbox 788 2217 827 2247; x_wconf 89' lang='lat' dir='ltr'>et</span> <span class='ocrx_word' id='word_1_253' title='bbox 866 2212 1002 2248; x_wconf 87' lang='lat' dir='ltr'>animo</span> <span class='ocrx_word' id='word_1_254' title='bbox 1041 2219 1081 2248; x_wconf 89' lang='lat' dir='ltr'>et</span> <span class='ocrx_word' id='word_1_255' title='bbox 1122 2213 1268 2249; x_wconf 90' lang='lat' dir='ltr'>viribus</span> <span class='ocrx_word' id='word_1_256' title='bbox 1300 2214 1444 2249; x_wconf 89' lang='lat' dir='ltr'>misere</span> <span class='ocrx_word' id='word_1_257' title='bbox 1476 2214 1650 2249; x_wconf 88' lang='lat' dir='ltr'>maiores</span> 
     </span>
     <span class='ocr_line' id='line_1_31' title="bbox 196 2282 1649 2332; baseline 0.001 -13"><span class='ocrx_word' id='word_1_258' title='bbox 196 2282 377 2321; x_wconf 79' lang='lat' dir='ltr'>5nostri.</span> <span class='ocrx_word' id='word_1_259' title='bbox 455 2282 640 2318; x_wconf 87' lang='lat' dir='ltr'>Eandem</span> <span class='ocrx_word' id='word_1_260' title='bbox 689 2294 853 2318; x_wconf 87' lang='lat' dir='ltr'>causam</span> <span class='ocrx_word' id='word_1_261' title='bbox 901 2283 1010 2317; x_wconf 86' lang='lat' dir='ltr'>haud</span> <span class='ocrx_word' id='word_1_262' title='bbox 1057 2283 1188 2319; x_wconf 89' lang='lat' dir='ltr'>multis</span> <span class='ocrx_word' id='word_1_263' title='bbox 1231 2284 1347 2320; x_wconf 87' lang='lat' dir='ltr'>annis</span> <span class='ocrx_word' id='word_1_264' title='bbox 1392 2290 1486 2332; x_wconf 88' lang='lat' dir='ltr'>post</span> <span class='ocrx_word' id='word_1_265' title='bbox 1527 2283 1649 2320; x_wconf 88' lang='lat' dir='ltr'>fuisse</span> 
     </span>
     <span class='ocr_line' id='line_1_32' title="bbox 238 2352 1649 2401; baseline 0.001 -12"><span class='ocrx_word' id='word_1_266' title='bbox 238 2364 322 2389; x_wconf 92' lang='lat' dir='ltr'>non</span> <span class='ocrx_word' id='word_1_267' title='bbox 361 2353 605 2401; x_wconf 87' lang='lat' dir='ltr'>negaverim,</span> <span class='ocrx_word' id='word_1_268' title='bbox 646 2364 713 2389; x_wconf 90' lang='lat' dir='ltr'>cur</span> <span class='ocrx_word' id='word_1_269' title='bbox 751 2352 806 2388; x_wconf 88' lang='lat' dir='ltr'>M.</span> <span class='ocrx_word' id='word_1_270' title='bbox 843 2352 1005 2388; x_wconf 86' lang='lat' dir='ltr'>Valerio</span> <span class='ocrx_word' id='word_1_271' title='bbox 1044 2364 1127 2389; x_wconf 87' lang='lat' dir='ltr'>non</span> <span class='ocrx_word' id='word_1_272' title='bbox 1167 2353 1417 2390; x_wconf 87' lang='lat' dir='ltr'>diffideretur</span> <span class='ocrx_word' id='word_1_273' title='bbox 1455 2355 1649 2390; x_wconf 87' lang='lat' dir='ltr'>adversus</span> 
     </span>
     <span class='ocr_line' id='line_1_33' title="bbox 238 2423 1647 2471; baseline 0.002 -13"><span class='ocrx_word' id='word_1_274' title='bbox 238 2423 413 2459; x_wconf 89' lang='lat' dir='ltr'>similiter</span> <span class='ocrx_word' id='word_1_275' title='bbox 450 2429 741 2471; x_wconf 88' lang='lat' dir='ltr'>provocantem</span> <span class='ocrx_word' id='word_1_276' title='bbox 780 2434 891 2458; x_wconf 89' lang='lat' dir='ltr'>arma</span> <span class='ocrx_word' id='word_1_277' title='bbox 931 2423 1105 2471; x_wconf 82' lang='lat' dir='ltr'>capienti</span> <span class='ocrx_word' id='word_1_278' title='bbox 1138 2423 1297 2459; x_wconf 90' lang='lat' dir='ltr'>Gallum</span> <span class='ocrx_word' id='word_1_279' title='bbox 1337 2425 1391 2460; x_wconf 91' lang='lat' dir='ltr'>ad</span> <span class='ocrx_word' id='word_1_280' title='bbox 1430 2430 1647 2461; x_wconf 85' lang='lat' dir='ltr'>certamen.</span> 
     </span>
     <span class='ocr_line' id='line_1_34' title="bbox 196 2491 1648 2542; baseline 0.002 -14"><span class='ocrx_word' id='word_1_281' title='bbox 196 2491 220 2532; x_wconf 87' lang='grc'>6</span> <span class='ocrx_word' id='word_1_282' title='bbox 238 2493 597 2538; x_wconf 85' lang='lat' dir='ltr'>Quemadmodum</span> <span class='ocrx_word' id='word_1_283' title='bbox 628 2493 787 2541; x_wconf 91' lang='lat' dir='ltr'>pedites</span> <span class='ocrx_word' id='word_1_284' title='bbox 819 2494 1054 2541; x_wconf 88' lang='lat' dir='ltr'>equitesque</span> <span class='ocrx_word' id='word_1_285' title='bbox 1079 2500 1266 2542; x_wconf 89' lang='lat' dir='ltr'>optamus</span> <span class='ocrx_word' id='word_1_286' title='bbox 1291 2501 1333 2530; x_wconf 92' lang='lat' dir='ltr'>ut</span> <span class='ocrx_word' id='word_1_287' title='bbox 1355 2495 1582 2538; x_wconf 88' lang='lat' dir='ltr'>validiores,</span> <span class='ocrx_word' id='word_1_288' title='bbox 1616 2496 1648 2531; x_wconf 89' lang='lat' dir='ltr'>si</span> 
     </span>
     <span class='ocr_line' id='line_1_35' title="bbox 237 2563 1647 2612; baseline 0.001 -13"><span class='ocrx_word' id='word_1_289' title='bbox 237 2564 381 2607; x_wconf 86' lang='lat' dir='ltr'>minus,</span> <span class='ocrx_word' id='word_1_290' title='bbox 422 2569 464 2598; x_wconf 94' lang='lat' dir='ltr'>ut</span> <span class='ocrx_word' id='word_1_291' title='bbox 501 2575 619 2610; x_wconf 88' lang='lat' dir='ltr'>pares</span> <span class='ocrx_word' id='word_1_292' title='bbox 658 2563 762 2599; x_wconf 84' lang='lat' dir='ltr'>hosti</span> <span class='ocrx_word' id='word_1_293' title='bbox 803 2563 1037 2608; x_wconf 78' lang='lat' dir='ltr'>habeamus,</span> <span class='ocrx_word' id='word_1_294' title='bbox 1075 2564 1131 2599; x_wconf 90' lang='lat' dir='ltr'>ita</span> <span class='ocrx_word' id='word_1_295' title='bbox 1171 2565 1263 2600; x_wconf 87' lang='lat' dir='ltr'>duci</span> <span class='ocrx_word' id='word_1_296' title='bbox 1303 2565 1476 2600; x_wconf 87' lang='lat' dir='ltr'>hostium</span> <span class='ocrx_word' id='word_1_297' title='bbox 1509 2577 1647 2612; x_wconf 86' lang='lat' dir='ltr'>parem</span> 
     </span>
     <span class='ocr_line' id='line_1_36' title="bbox 197 2631 1647 2681; baseline -0.001 -10"><span class='ocrx_word' id='word_1_298' title='bbox 197 2631 219 2671; x_wconf 80' lang='lat'><strong>7</strong></span> <span class='ocrx_word' id='word_1_299' title='bbox 237 2633 519 2681; x_wconf 85' lang='lat' dir='ltr'>imperatorem</span> <span class='ocrx_word' id='word_1_300' title='bbox 553 2645 789 2680; x_wconf 80' lang='lat' dir='ltr'>quaeramus.</span> <span class='ocrx_word' id='word_1_301' title='bbox 854 2633 1000 2679; x_wconf 88' lang='lat' dir='ltr'>Quum,</span> <span class='ocrx_word' id='word_1_302' title='bbox 1035 2635 1101 2681; x_wconf 91' lang='lat' dir='ltr'>qui</span> <span class='ocrx_word' id='word_1_303' title='bbox 1133 2640 1195 2670; x_wconf 89' lang='lat' dir='ltr'>est</span> <span class='ocrx_word' id='word_1_304' title='bbox 1222 2646 1398 2670; x_wconf 89' lang='lat' dir='ltr'>summus</span> <span class='ocrx_word' id='word_1_305' title='bbox 1423 2635 1462 2670; x_wconf 93' lang='lat' dir='ltr'>in</span> <span class='ocrx_word' id='word_1_306' title='bbox 1489 2634 1647 2670; x_wconf 82' lang='lat' dir='ltr'>civitate</span> 
     </span>
    </p>
   </div>
  </div>
 </body>
</html>
