1789 2955
775 95 832 130 XI

94 211 146 246 W.
173 210 375 246 Muellerus
407 209 498 246 Νου.
525 220 611 244 ann.
629 209 724 255 phil.
774 208 958 244 LXXXV
987 221 1021 253 p.
1058 210 1126 244 281
1159 210 1402 254 probabiliter
1437 221 1512 244 ma-

89 267 168 301 lint.
192 267 306 308 1863.)
352 265 535 309 XXXVI,
573 268 595 301 4
620 266 868 311 depopulatus
897 265 1125 308 XXXVIII,
1163 269 1183 301 9
1210 266 1512 311 despondebant-

88 335 159 369 que
173 322 355 367 XXXIX,
384 324 423 358 11
449 323 567 365 nobis,
583 323 734 357 —absit
759 324 855 366 (Uss.
872 323 1028 358 Invidiae
1052 323 1258 368 deprecatio
1281 323 1443 367 pertinet
1465 322 1513 358 ad

87 380 163 425 spei
187 379 447 425 confidentiam
472 380 514 415 de
531 380 701 425 posteris.
727 381 846 424 1863.)
897 381 940 414 14
970 392 1030 414 res
1064 391 1132 424 per
1161 380 1229 414 hos
1264 379 1374 424 (qaod
1397 390 1514 423 recep-

95 439 171 472 tum
195 436 355 480 mallem)
399 438 403 480 !
448 437 600 471 ultimus
625 437 708 471 finis
733 436 813 476 XL,
839 438 861 470 ‘2
891 437 931 471 id
955 437 1064 471 aliter
1107 438 1111 480 Ι
1154 436 1332 480 placeret,
1357 435 1469 469 ceteri
1494 437 1513 469 7

90 495 182 529 dum
207 505 265 528 1110
290 505 365 528 11011
388 492 520 537 (Gron.
546 494 583 529 P
602 496 637 529 et
660 493 729 529 alii
754 494 841 528 dum
868 504 926 528 me
950 494 1156 537 paeniteat.)
1196 494 1237 526 12
1256 493 1513 526 aemulationes

89 552 131 585 13
156 550 315 586 vivendo
341 550 414 584 iam
439 549 541 593 XLI,
578 552 599 585 6
632 551 864 594 amplecteris
891 550 1098 593 (Permittit
1130 550 1209 585 hoc
1232 550 1386 590 Fabias;
1427 548 1515 593 quid

90 607 214 653 Scipio
238 607 430 649 iudica-ret,
455 618 568 652 neque
592 607 729 643 sciebat
757 619 869 652 neque
902 607 1044 642 credere
1066 609 1217 651 poterat
1251 617 1346 648 eum,
1374 605 1515 650 Africae

87 663 273 709 cupidum,
297 664 350 700 sic
373 663 550 699 iudicare.
577 666 696 709 1863.)
722 666 743 698 8
765 664 949 706 intendas,
976 664 1165 709 egregiam
1187 663 1312 706 XLII,
1338 665 1358 697 6
1377 666 1514 707 cetera,

86 732 205 765 neque
243 732 287 755 ea
324 721 438 764 elevo,
477 721 578 755 nullo
618 721 710 766 (My.
745 722 827 757 Em.
858 722 942 765 412)
979 723 1000 755 9
1036 721 1320 765 potentissimos
1359 721 1400 754 17
1437 720 1513 754 sive

87 779 205 824 igitur
228 778 288 812 1110
312 777 423 823 (quod
447 780 627 823 receptum
652 779 830 823 oportuit)
855 777 1008 821 XLIII,
1048 779 1064 812 1
1104 778 1203 812 fama
1238 788 1412 822 magnam
1437 801 1446 810 .
1472 800 1479 808 .
1506 803 1513 810 .

85 845 167 870 cum
191 835 371 869 movisset
395 836 416 868 8
441 846 508 869 nec
534 861 541 869 .
569 862 576 869 .
603 862 610 869 .
635 847 703 870 nec
731 837 772 869 10
799 836 845 870 de
871 847 929 869 1110
954 847 1043 870 cura
1068 834 1209 873 XLIV,
1248 837 1270 869 4
1302 834 1515 875 deficerent,

86 893 173 936 quot
204 891 420 926 defecerunt
452 893 472 926 6
503 892 672 926 Africam
712 892 766 937 [et
798 892 1012 927 molientem
1058 892 1144 926 hinc
1175 891 1441 935 Hannibalem]
1481 892 1518 924 et

88 948 254 983 obsideri
279 948 397 992 XLV,
423 949 443 982 5
469 949 498 983 si
524 949 561 982 in
586 951 606 983 9
633 960 742 993 quem
767 949 818 982 **.
854 947 895 983 L.
922 948 1103 982 Veturius
1130 947 1270 988 XLVI,
1310 949 1352 982 10
1383 947 1517 982 traiec-

86 1007 213 1040 turum
240 1016 319 1040 esse
341 1007 383 1040 14
403 1005 657 1051 Ligurumque
689 1005 969 1040 Montanorum.

174 1062 241 1096 Lib.
257 1061 368 1096 XXIX.
397 1062 484 1107 Cap.
499 1062 529 1100 Ι,
544 1065 565 1097 2
585 1063 733 1105 robore,
759 1062 910 1096 inermis
923 1063 965 1098 21
980 1062 1163 1096 haberent
1177 1062 1342 1106 (Weiss.)
1355 1063 1398 1096 ‘22
1413 1064 1450 1096 et
1462 1062 1516 1095 in-

89 1119 285 1154 conditam
309 1119 456 1153 turbam
480 1120 574 1164 (Cfr.
589 1121 670 1155 Em.
691 1121 761 1155 416
785 1121 837 1163 n.)
874 1119 924 1162 II,
953 1120 991 1153 11
1019 1130 1057 1153 se
1077 1118 1154 1153 Ser.
1176 1118 1390 1153 Cornelium
1423 1118 1516 1164 (le.

85 1175 170 1211 Em.
196 1176 266 1210 416
297 1176 348 1220 π.)
386 1176 462 1219 IV,
499 1178 522 1210 4
558 1177 765 1222 legationes
804 1176 852 1210 ad
877 1175 1085 1220 Syphacem
1122 1177 1142 1208 6
1181 1176 1334 1219 equites,
1373 1177 1516 1220 septem

87 1231 184 1275 (Em.
211 1233 272 1276 85)
298 1234 320 1267 8
345 1235 510 1277 questus,
537 1234 638 1278 quod
663 1235 708 1275 V,
736 1236 756 1267 6
782 1234 827 1268 ab
855 1245 893 1268 se
920 1244 999 1267 esse
1024 1232 1182 1266 Poenum
1210 1232 1305 1274 VII,
1332 1235 1347 1266 1
1376 1233 1514 1277 Scipio,

85 1292 127 1322 ut
154 1289 262 1332 VIII,
291 1291 333 1324 10
358 1293 660 1335 asportaverant,
700 1291 917 1327 extulerunt
948 1289 994 1330 X,
1021 1291 1041 1323 6
1069 1290 1247 1333 Apolloni
1273 1289 1417 1333 (Ga-ceca
1453 1289 1516 1324 da-

86 1346 153 1381 tivi
169 1346 301 1392 forma
325 1347 393 1382 imi
419 1347 522 1383 Livii
547 1348 622 1383 loco
660 1348 800 1394 inferri
824 1359 899 1383 riori
923 1347 1030 1389 debet,
1063 1359 1173 1392 qaum
1190 1347 1397 1392 proesertim
1422 1346 1517 1381 codi-

87 1414 142 1438 ces
168 1403 322 1446 varient,
350 1406 385 1439 et
408 1404 576 1440 additum
596 1406 637 1440 in
652 1395 896 1449 compluribus
917 1405 1040 1438 omnia
1061 1404 1272 1439 omissumre
1294 1407 1380 1438 exta
1398 1404 1516 1448 suspi—

85 1460 225 1496 cionem
236 1463 412 1496 moveant.
428 1462 765 1508 Fuitne5Apolli11i
779 1462 902 1496 omnia
916 1462 1003 1496 laeta
1017 1461 1291 1505 fuisse?1882.)
1317 1461 1383 1503 XI,
1411 1464 1432 1496 6
1458 1472 1517 1494 ac-

85 1517 232 1561 ciperet
259 1519 300 1552 10
336 1529 404 1562 per
434 1519 659 1554 dictatorem
694 1519 823 1553 habita
862 1520 901 1552 11
941 1519 1102 1553 comitiis
1139 1517 1316 1562 perfec-Lis
1350 1517 1423 1552 XT7s

87 1574 184 1617 petit
212 1575 254 1607 14
287 1574 353 1608 has
379 1575 486 1613 XIV.
527 1578 570 1611 14
593 1589 679 1610 11011.
712 1576 801 1620 Apr.
831 1575 931 1618 (Via.
957 1575 1005 1610 ad
1029 1574 1196 1616 XXVII,
1227 1575 1282 1614 23,
1310 1575 1358 1617 7.)
1384 1574 1392 1607 ἶ

89 1629 186 1664 Cora
210 1629 317 1673 XVI,
345 1633 365 1664 7
391 1643 510 1677 orare,
535 1634 589 1667 uti
614 1633 745 1672 XVII,
781 1634 803 1666 2
829 1633 896 1666 sed
921 1643 991 1676 ope
1017 1632 1130 1665 etiam
1164 1643 1204 1666 ac
1230 1632 1252 1663 4
1279 1641 1338 1673 ea,
1366 1642 1389 1673 q

88 1687 238 1731 audire,
267 1688 405 1733 singuli
443 1701 524 1733 quae
556 1689 705 1730 XVIII,
733 1692 754 1723 ‘2
784 1689 944 1723 vidimus
971 1691 990 1722 7
1017 1688 1182 1731 (Durius
1201 1687 1308 1722 verba
1334 1698 1425 1731 auge

85 1744 278 1790 religionis
311 1756 423 1780 causa
450 1747 728 1792 coniunguntur
758 1757 838 1781 cam
870 1745 1147 1786 referebantur3
1183 1745 1304 1789 itaque
1336 1744 1475 1789 Pium„

85 1801 163 1837 sius
187 1802 349 1845 inventa,
379 1802 528 1838 Cobetus
553 1803 640 1837 ficta
656 1806 744 1848 post
767 1815 878 1837 causa
910 1802 998 1837 addi
1028 1802 1251 1844 voluerunt.)
1303 1802 1344 1834 16
1374 1801 1516 1844 templa

89 1858 169 1893 sine
195 1859 300 1894 vincis
337 1859 428 1905 (My.
454 1860 534 1895 Em.
560 1861 643 1899 418)
692 1859 806 1901 XIX,
834 1862 875 1894 12
906 1860 1071 1893 molliter
1101 1857 1185 1899 XX,
1212 1860 1233 1892 ‘2
1259 1859 1516 1892 detracturum

89 1913 195 1958 XXI,
236 1917 279 1950 10
303 1916 457 1959 nimium
483 1918 553 1952 sibi
579 1916 706 1959 XXII,
731 1919 753 1950 4
778 1917 880 1951 1111110
908 1917 978 1951 alio
1007 1917 1049 1949 10
1075 1915 1188 1960 [huno
1225 1942 1231 1949 .
1259 1942 1265 1949 .
1293 1944 1299 1950 .
1326 1941 1334 1949 .
1367 1917 1517 1949 senatus

87 1972 286 2018 consulto]
336 1973 529 2018 (Quamvis
560 1974 823 2009 admirationis
855 1973 998 2018 aliquid
1034 1973 1166 2007 babeat
1199 1971 1393 2016 scriptoris
1429 1981 1516 2005 nus-

88 2040 199 2074 quam
225 2029 314 2064 alibi
340 2041 362 2065 a
387 2030 497 2066 Livio
522 2031 706 2066 nominati
730 2031 875 2071 pientio,
905 2030 1030 2065 addito
1056 2029 1265 2074 praesertim
1300 2028 1390 2063 certi
1426 2028 1516 2062 libri

90 2096 250 2130 numero,
270 2097 389 2131 perse
403 2089 525 2123 tamen
544 2087 754 2123 huiusmodi
770 2088 964 2122 annotatio
978 2087 1159 2122 memoriae
1178 2087 1284 2121 eoetra
1303 2085 1516 2120 continuam

88 2153 215 2177 rerum
239 2143 367 2178 seriem
393 2155 437 2178 ωε
462 2145 644 2179 consuetis
662 2145 836 2189 sontibus
861 2144 1085 2188 desumptam
1111 2143 1219 2178 Livio
1251 2153 1338 2177 casu
1371 2141 1514 2177 obiectae

89 2199 132 2234 ab
158 2199 236 2234 eius
261 2200 522 2235 consuetudine
547 2211 622 2235 non
648 2202 773 2237 aliena
798 2204 866 2242 est3
894 2201 1117 2245 contraquis
1131 2199 1308 2236 librarius
1329 2201 1396 2233 aut
1411 2198 1515 2233 homo

88 2254 213 2290 doctus
237 2255 448 2292 huiusmodi
472 2269 549 2293 rem
575 2269 619 2293 ex
644 2258 788 2293 obscuri
819 2258 1012 2303 scriptoris
1043 2257 1195 2293 vetustis
1226 2255 1425 2292 annalibus
1456 2255 1513 2290 de-

83 2315 293 2358 promptam
326 2314 462 2349 codicis
499 2314 653 2350 Liviani
696 2315 860 2359 marqim'
903 2315 1157 2359 adscripserit,
1195 2312 1418 2358 difficillime
1460 2312 1516 2346 iaz-

90 2369 280 2414 telliyitur.
319 2369 368 2404 In
388 2372 610 2415 pronomine
635 2372 734 2406 hunc
752 2383 909 2417 prorsus
934 2371 1039 2406 nulla
1065 2373 1118 2406 est
1141 2371 1322 2415 offensio.)
1367 2370 1371 2414 Ι
1417 2369 1514 2402 dele-

90 2428 218 2470 gatum
245 2427 286 2460 12
310 2427 549 2471 permitteret
573 2428 725 2472 XXIII,
751 2430 772 2462 5
794 2419 1138 2474 Carthaginiensem
1152 2427 1292 2470 XXIV,
1321 2428 1336 2460 1
1364 2426 1408 2460 iis
1433 2427 1455 2459 4
1479 2426 1515 2458 111

91 2483 295 2517 exercitum
331 2483 516 2520 incideret
551 2485 703 2527 XXVI,
742 2487 762 2521 5
807 2485 965 2529 quadam
1009 2485 1153 2529 ingenti
1196 2484 1243 2518 ad
1286 2484 1517 2516 incrementa

90 2537 290 2582 XXV11,9
314 2540 460 2576 videret
474 2541 659 2585 XXVIII,
685 2542 939 2587 4Carthagini
955 2541 1100 2582 XXIX,
1130 2543 1145 2575 1
1174 2541 1199 2574 ii
1225 2538 1369 2577 XXXI,
1395 2538 1415 2572 5
1439 2549 1515 2572 non

90 2596 202 2630 modo
228 2596 351 2631 verbis
386 2597 391 2642 Ι
426 2600 562 2640 arceat,
589 2599 689 2642 quod
715 2598 881 2641 XXXII,
910 2600 952 2633 10
973 2600 1125 2643 vulgata
1150 2597 1250 2631 varie
1276 2594 1465 2638 XXXIII,
1497 2596 1513 2628 1
