1768 2943
509 98 613 129 Liber
638 98 747 128 xxn.
798 96 853 139 (A.
882 98 944 129 ch.
972 97 1066 140 216.)
1416 101 1497 142 109

85 231 286 275 tumultus,
320 235 404 267 tum
434 228 476 264 in
508 229 657 265 curiam
686 233 820 277 patres
842 230 1098 266 revocandos
1122 231 1498 279 consulendumque

84 300 138 336 de
169 300 276 337 urbis
307 299 494 337 custodia
526 311 629 336 esse.

203 369 337 416 Quum
370 370 411 406 in
444 369 549 405 hanc
581 369 823 405 sententiam
855 369 1028 417 pedibus
1057 381 1199 406 omnes
1221 370 1359 414 issent,
1395 383 1499 408 surn-
1563 367 1623 410 56

84 445 276 488 motaque
301 440 391 477 foro
411 447 485 487 per
509 440 764 489 magistratus
788 439 915 483 turba,
944 445 1078 487 patres
1104 440 1248 476 diversi
1274 441 1327 476 ad
1352 443 1499 477 sedan-

83 510 162 546 dos
194 511 382 548 tumultus
406 511 702 554 discessissent,
735 515 818 546 tum
841 510 1005 545 demum
1026 510 1165 546 litterae
1188 522 1211 545 a
1235 509 1280 546 C.
1305 510 1498 548 Terentio

85 581 251 617 consule
291 581 420 618 allatae
462 586 573 618 sunt:
622 580 667 616 L.
709 580 912 616 AEmilium
951 580 1160 616 consulem
1200 580 1499 628 exercitumque
1516 580 1540 620 2

84 661 252 695 eaesum;
281 663 371 688 sese
390 650 555 687 Canusii
581 662 683 694 esse,
710 651 896 698 reliquias
920 656 1042 687 tantae
1068 651 1194 687 cladis
1212 651 1318 687 velut
1335 664 1383 687 ex
1401 664 1500 687 nau-

85 719 214 769 fragio
247 722 526 770 colligentem;
560 723 614 757 ad
648 721 791 757 decem
824 721 944 757 millia
976 722 1142 758 militum
1176 722 1300 758 ferme
1327 734 1416 758 esse
1441 722 1500 757 in-

83 792 403 839 compositorum
425 792 850 840 inordinatorumque;
879 793 1048 828 Poenum
1074 793 1217 828 sedere
1242 793 1296 828 ad
1320 791 1498 835 Cannas,
1516 790 1540 831 3

84 860 125 897 in
157 862 406 910 captivorum
437 862 575 910 pretiis
607 863 826 911 praedaque
859 863 937 898 alia
968 874 1046 898 nec
1077 862 1236 899 victoris
1263 863 1398 899 animo
1424 874 1500 899 nec

83 932 219 980 magni
252 933 367 970 ducis
399 945 512 969 more
544 933 854 970 nundinantem.
917 933 1023 968 Tum
1054 933 1217 981 privatae
1242 945 1405 980 quoque
1430 931 1542 980 per4

86 1001 234 1039 domos
267 1003 405 1040 clades
438 1004 607 1051 vulgatae
640 1010 744 1047 sunt,
778 1004 968 1051 adeoque
1000 1008 1127 1038 totam
1160 1003 1299 1038 urbem
1324 1003 1501 1050 opplevit

84 1071 225 1116 luctus,
273 1078 316 1109 ut
362 1085 519 1110 sacrum
566 1074 880 1110 anniversarium
924 1072 1080 1109 Cereris
1123 1073 1395 1109 intermissum
1438 1073 1499 1115 sit,

84 1143 179 1190 quia
205 1155 282 1180 nec
309 1144 538 1192 lugentibus
565 1144 607 1180 id
636 1144 769 1180 facere
798 1149 859 1180 est
886 1143 946 1180 fas
974 1155 1051 1179 nec
1080 1143 1159 1178 ulla
1186 1143 1227 1178 in
1254 1143 1319 1178 illa
1348 1148 1501 1190 tempe-

83 1217 187 1248 state
219 1218 405 1250 matrona
438 1226 580 1263 expers
613 1215 740 1250 luctus
774 1214 915 1250 fuerat.
978 1214 1119 1262 Itaque
1150 1226 1203 1250 ne
1237 1214 1290 1250 ob
1324 1212 1542 1252 eandem5

85 1294 248 1319 causam
281 1284 358 1320 alia
391 1296 553 1332 quoque
586 1296 700 1321 sacra
732 1285 892 1332 publica
925 1289 994 1320 aut
1025 1284 1178 1333 privata
1204 1285 1498 1327 desererentur,

84 1359 248 1390 senatus
280 1355 467 1391 consulto
501 1355 645 1391 diebus
677 1355 839 1403 triginta
863 1355 990 1392 luctus
1016 1360 1077 1392 est
1100 1355 1245 1391 finitus.
1310 1352 1538 1392 Ceterumss

83 1434 219 1470 quum,
244 1425 389 1461 sedato
414 1425 521 1462 urbis
546 1426 727 1470 tumultu,
751 1426 928 1462 revocati
953 1426 994 1462 in
1018 1425 1168 1462 curiam
1192 1429 1327 1474 patres
1351 1430 1499 1467 essent,

84 1493 171 1530 aliae
212 1493 376 1543 insuper
418 1508 467 1531 ex
506 1495 638 1532 Sicilia
681 1496 819 1532 litterae
858 1496 987 1532 allatae
1027 1501 1120 1532 sunt
1157 1496 1207 1531 ab
1241 1495 1290 1531 T.
1326 1494 1499 1532 Otacilio

83 1570 345 1612 propraetore‚
371 1577 540 1614 regnum
558 1565 748 1602 Hieronis
774 1566 902 1602 classe
920 1566 1073 1602 Punica
1097 1566 1263 1607 vastari;
1291 1566 1353 1601 cui
1379 1577 1501 1613 quum
1518 1563 1539 1602 7

85 1645 207 1682 opem
248 1635 479 1683 imploranti
522 1635 623 1672 ferre
666 1636 796 1680 vellet,
844 1636 1071 1672 nuntiatum
1116 1636 1189 1671 sibi
1230 1647 1332 1679 esse,
1382 1635 1501 1670 aliam

85 1704 255 1741 classem
288 1706 343 1741 ad
366 1705 536 1753 AEgates
568 1705 718 1742 insulas
743 1711 848 1741 stare
871 1711 1054 1753 paratam
1080 1705 1411 1753 instructamque,
1445 1710 1499 1748 ut,

84 1774 153 1809 ubi
185 1785 228 1810 se
261 1787 417 1811 versum
450 1776 504 1811 ad
536 1776 731 1811 tuendam
754 1775 1047 1823 Syracusanam
1080 1787 1193 1811 oram
1215 1775 1329 1811 Poeni
1355 1772 1540 1811 sensis-8

85 1849 189 1888 sent,
213 1844 434 1893 Lilybaeum
458 1846 662 1894 extemplo
688 1845 1018 1893 provinciamque
1042 1845 1161 1880 aliam
1178 1845 1409 1881 Romanam
1432 1857 1501 1893 ag-

83 1914 368 1962 grederentur;
401 1915 537 1963 itaque
563 1916 691 1952 classe
716 1927 818 1963 opus
844 1927 947 1958 esse,
980 1915 1012 1951 si
1036 1927 1173 1962 regem
1199 1915 1353 1951 socium
1378 1915 1501 1950 Sicili-

85 1995 233 2032 amque
265 1984 364 2021 tueri
396 1985 556 2021 vellent.

203 2053 363 2091 Litteris
392 2055 570 2092 consulis
599 2055 862 2104 praetorisque
887 2056 1008 2097 lectis,
1041 2059 1278 2091 censuerunt
1293 2059 1504 2101 prcelorem
1568 2050 1628 2093 57

85 2121 142 2158 M.
159 2122 385 2169 Claudium,
405 2125 472 2173 qui
490 2125 606 2162 classi
621 2126 675 2161 ad
687 2124 843 2162 Ostiam
857 2126 978 2161 stanti
990 2131 1195 2174 praeesset,
1215 2124 1436 2160 Canusium
1449 2125 1502 2160 ad

86 2193 304 2230 exercitum
317 2195 573 2239 mittendum,
594 2195 932 2242 scribendumque
948 2196 1116 2239 consuli,
1136 2200 1190 2239 ut,
1205 2206 1328 2242 quum
1343 2194 1502 2242 praetori

87 2262 304 2299 exercitum
316 2264 563 2309 tradidisset,
577 2265 706 2313 primo
722 2276 885 2312 quoque
898 2270 1094 2313 tempore,
1109 2270 1303 2312 quantum
1314 2276 1384 2312 per
1393 2275 1503 2299 com-

90 2332 258 2368 modum
274 2334 331 2370 rei
349 2334 519 2382 publicae
536 2334 619 2370 fieri
637 2339 789 2382 posset,
809 2334 982 2371 Romam
1000 2336 1164 2371 veniret.
1219 2334 1364 2370 Territi
1384 2334 1504 2369 etiam
1519 2330 1545 2371 2

88 2412 208 2449 super
219 2407 353 2439 tantas
367 2404 505 2440 clades
518 2416 641 2452 quum
654 2404 797 2439 ceteris
811 2404 1020 2452 prodigiis,
1035 2409 1118 2440 tum
1131 2405 1243 2452 quod
1259 2405 1349 2439 duae
1360 2403 1505 2439 Vesta-

88 2470 146 2507 les
159 2483 209 2507 eo
223 2483 347 2516 anno,
364 2471 527 2521 Opimia
539 2478 661 2520 atque
670 2473 873 2517 Floronia,
890 2474 1014 2522 stupri
1023 2479 1240 2522 compertae
1249 2478 1289 2509 et
1298 2473 1422 2508 altera
1431 2473 1504 2508 sub

89 2544 206 2585 terra,
224 2541 280 2577 uti
297 2553 386 2578 mos
405 2547 478 2585 est,
497 2542 552 2577 ad
565 2546 723 2590 portam
739 2541 940 2578 Collinam
952 2548 1098 2578 necata
1113 2542 1254 2585 fuerat,
1274 2542 1399 2577 altera
1412 2541 1504 2578 sibi-

90 2614 173 2646 met
183 2609 271 2658 ipsa
279 2615 450 2647 mortem
462 2611 731 2654 consciverat3
746 2611 791 2649 L.
804 2610 999 2648 Cantilius
1009 2612 1137 2648 scriba
1146 2610 1387 2659 pontificius,
1403 2622 1505 2658 quos
1520 2607 1545 2648 3
