1789 2955
316 94 394 131 108
701 89 816 123 Liber
840 87 1008 122 XXVII.
1058 89 1119 131 (A.
1146 100 1180 122 u.
1208 99 1237 122 0.
1263 90 1357 133 547.)

314 230 375 254 res
400 217 563 267 publica
588 230 777 266 prospere
800 216 1035 265 gereretur?
1081 215 1228 254 Adhuc
1254 216 1421 254 adversa
1446 217 1631 254 secundis
1650 230 1744 267 pen—

268 291 291 327 3
311 290 435 326 sando
468 302 551 326 rem
583 288 633 326 ad
664 288 706 325 id
737 292 893 338 tempus
924 291 1144 326 extractam
1177 301 1271 325 esse.
1332 288 1463 336 Quum
1488 289 1528 326 in
1545 288 1668 326 Italia
1695 289 1744 326 ad

313 361 629 398 Trasumennum
662 364 700 397 et
732 360 888 398 Cannas
920 360 1214 410 praecipitasset
1236 360 1417 398 Romana
1447 374 1521 409 res,
1555 373 1746 410 prospera

264 433 414 471 4bella
446 433 487 469 in
518 433 719 482 Hispania
750 433 976 482 prolapsam
1010 446 1094 469 eam
1127 433 1319 478 erexisse3
1365 436 1513 482 postea,
1552 445 1672 482 quum
1705 433 1745 469 in

312 505 513 554 Hispania
553 504 634 542 alia
674 517 793 554 super
832 505 951 542 aliam
993 505 1138 550 clades,
1185 504 1340 542 duobus
1373 505 1546 553 egregiis
1578 504 1747 541 ducibus

311 578 479 622 amissis,
511 576 609 613 duos
650 576 848 614 exercitus
892 591 940 614 ex
972 580 1085 627 parte
1118 577 1301 623 delesset,
1347 576 1473 613 multa
1503 575 1676 614 secunda
1707 576 1747 613 in

268 649 291 685 5
310 649 433 686 Italia
458 648 675 697 Siciliaque
708 651 821 697 gesta
853 652 1078 698 quassatam
1111 661 1195 686 rem
1227 647 1432 697 publicam
1463 648 1676 698 excepisse,
1710 651 1748 685 et

313 721 444 770 ipsum
476 720 732 758 intervallum
765 721 854 771 1001,
882 721 989 770 quod
1015 721 1054 757 in
1077 720 1229 758 ultimis
1253 724 1450 758 terrarum
1474 720 1556 757 oris
1581 720 1749 757 alterum

267 793 457 831 fibellum
489 794 707 842 gereretur,
740 793 911 842 spatium
944 792 1103 830 dedisse
1136 792 1187 830 ad
1210 791 1506 842 respirandum3
1540 805 1643 829 nunc
1669 791 1746 829 duo

312 865 420 902 bella
450 864 492 901 in
522 864 683 902 Italiam
716 868 889 914 accepta,
926 865 1003 901 duo
1036 864 1286 902 celeberrimi
1317 863 1491 901 nominis
1523 864 1642 901 duces
1674 864 1748 901 cir·

312 939 508 975 cumstare
536 937 675 974 urbem
701 937 934 984 Romanam,
967 939 1005 972 et
1035 949 1158 973 unum
1189 936 1230 973 in
1261 936 1392 973 locum
1423 938 1549 973 totam
1580 936 1750 985 periculi

313 1010 468 1056 molem,
512 1023 625 1047 omne
665 1022 763 1046 onus
796 1008 1043 1054 incubuisse;
1076 1008 1145 1057 qui
1176 1021 1311 1045 eorum
1343 1008 1454 1058 prior
1484 1008 1658 1055 vicisset,
1690 1009 1747 1045 in-

267 1084 369 1118 7tra
408 1094 556 1131 paucos
595 1081 679 1118 dies
719 1084 849 1119 castra
887 1094 975 1118 cum
1013 1080 1138 1118 altero
1186 1080 1423 1118 iuncturum‚
1484 1080 1677 1118 Terrebat
1710 1085 1749 1118 et

312 1153 516 1203 proximus
558 1166 683 1190 annus
723 1154 905 1202 lugubris
943 1152 1112 1191 duorum
1151 1153 1357 1190 consulum
1395 1152 1613 1190 funeribus.
1673 1152 1749 1190 His

313 1225 423 1262 anxii
464 1225 568 1262 curis
606 1225 786 1263 homines
819 1225 1087 1273 digredientes
1118 1225 1160 1262 in
1190 1225 1417 1275 provincias
1449 1225 1629 1262 consules
1660 1238 1749 1274 pro-

267 1298 437 1335 Ssecuti
469 1301 572 1336 sunt.
633 1298 836 1335 Memoriae
875 1297 1078 1347 proditum
1119 1300 1188 1343 est,
1232 1297 1394 1347 plenum
1433 1296 1562 1334 adhuc
1599 1297 1667 1333 irae
1708 1297 1750 1333 in

312 1369 416 1408 cives
448 1369 502 1406 M.
529 1370 692 1408 Livium
724 1370 773 1406 ad
804 1370 953 1407 bellum
984 1368 1300 1419 proficiscentem
1332 1369 1509 1406 monenti
1541 1369 1588 1416 Q.
1607 1369 1748 1415 Fabio,

312 1454 372 1487 ne,
404 1442 639 1491 priusquam
671 1455 795 1491 genus
826 1441 1000 1479 hostium
1032 1444 1253 1489 cognosset,
1290 1445 1436 1478 temere
1468 1454 1627 1478 manum
1660 1455 1749 1479 con—

312 1516 473 1560 sereret,
505 1514 772 1564 respondisse‚
804 1514 873 1551 ubi
904 1514 1077 1563 primum
1104 1513 1277 1550 hostium
1303 1526 1444 1562 agmen
1469 1514 1750 1563 conspexisset,

270 1586 292 1622 9
312 1588 592 1634 pugnaturum.
655 1585 787 1632 Quum
819 1589 1078 1635 quaereretur,
1123 1598 1211 1635 quae
1244 1598 1362 1622 causa
1391 1584 1606 1623 festinandi
1637 1589 1748 1631 esset,

316 1655 428 1703 „Aut
469 1671 517 1694 ex
558 1658 671 1696 hoste
713 1658 916 1707 egregiam
953 1658 1148 1706 gloriam“
1192 1657 1324 1706 inquit
1368 1659 1461 1707 „aut
1502 1671 1547 1694 ex
1594 1657 1749 1695 civibus

312 1729 429 1767 victis
460 1729 650 1779 gaudium
684 1731 869 1767 meritum
901 1733 1019 1777 certe,
1051 1729 1126 1767 etsi
1156 1743 1238 1767 non
1268 1730 1487 1776 honestum,
1521 1730 1710 1779 0311111111.ει

243 1803 293 1839 10
426 1801 669 1852 Priusquam
711 1802 905 1840 Claudius
952 1803 1088 1840 consul
1132 1802 1174 1839 in
1219 1801 1467 1851 provinciam
1512 1801 1750 1851 perveniret,

312 1887 383 1923 per
415 1877 634 1911 extremum
680 1875 798 1912 finem
844 1875 932 1923 agri
976 1874 1130 1912 Uriatis
1179 1874 1390 1912 ducentem
1436 1874 1477 1910 in
1504 1873 1748 1912 Sallentinos

313 1946 530 1983 exercitum
547 1946 816 1984 Hannibalem
835 1946 1035 1996 expeditis
1053 1946 1282 1984 cohortibus
1300 1947 1464 1984 adortus
1483 1945 1524 1983 C.
1543 1946 1748 1984 Hostilius

242 2019 288 2055 11
311 2017 495 2055 Tubulus
527 2019 790 2069 incomposito
823 2019 974 2068 agmini
1003 2019 1226 2056 terribilem
1257 2018 1473 2056 tumultum
1505 2018 1666 2065 intulit3
1700 2018 1750 2056 ad

313 2092 503 2138 quattuor
534 2090 662 2128 millia
692 2091 896 2128 hominum
924 2090 1081 2137 occidit,
1113 2103 1255 2128 novem
1280 2091 1393 2139 signa
1417 2089 1607 2127 militaria
1631 2091 1748 2140 cepit.

312 2161 498 2200 Moverat
514 2175 562 2198 ex
580 2162 761 2200 hibernis
779 2163 829 2200 ad
846 2163 990 2200 famam
1007 2162 1133 2200 hostis
1151 2163 1198 2210 Q.
1219 2162 1422 2209 Claudius,
1449 2162 1517 2212 qui
1541 2175 1613 2212 per
1630 2162 1749 2199 urbes

245 2235 294 2271 12
313 2233 400 2282 agri
418 2232 635 2272 Sallentini
661 2238 790 2272 castra
815 2235 1011 2284 disposita
1032 2235 1216 2273 habebat.
1263 2235 1406 2284 Itaque
1423 2248 1471 2272 ne
1488 2247 1574 2271 cum
1593 2233 1748 2271 duobus

312 2306 555 2343 exercitibus
578 2306 695 2343 simul
719 2306 963 2356 confligeret,
987 2307 1195 2344 Hannibal
1217 2311 1332 2345 nocte
1349 2310 1479 2345 castra
1495 2320 1542 2344 ex
1560 2320 1656 2355 agro
1672 2305 1748 2343 Ta-

245 2378 293 2415 13
312 2378 470 2415 rentino
494 2379 618 2415 movit
641 2382 761 2427 atque
785 2378 826 2415 in
845 2378 1028 2416 Bruttios
1053 2380 1263 2418 concessit.
1312 2379 1507 2417 Claudius
1530 2379 1571 2415 in
1596 2377 1748 2416 Sallen·

312 2450 419 2487 tinos
445 2464 586 2499 agmen
613 2450 820 2496 convertit,
843 2450 1046 2488 Hostilius
1065 2451 1242 2501 Capuam
1270 2455 1409 2501 petens
1433 2450 1574 2488 obvius
1601 2450 1652 2487 ad
1672 2449 1747 2487 Ve-

244 2522 293 2559 14
311 2523 465 2559 nusiam
490 2522 565 2559 fuit
589 2522 742 2559 consuli
761 2522 943 2560 Claudio.
991 2523 1055 2560 Ibi
1081 2537 1127 2560 ex
1149 2526 1321 2573 utroque
1345 2523 1522 2560 exercitu
1540 2523 1665 2560 electa
1682 2535 1747 2572 pe-

314 2594 441 2632 ditum
460 2594 728 2643 quadraginta
744 2594 881 2640 millia.
902 2594 980 2632 duo
998 2595 1124 2633 millia
1142 2598 1181 2633 et·
1197 2595 1409 2645 quingenti
1426 2593 1748 2644 equites‚quibus
