1789 2955
575 109 678 140 Liber
704 109 810 139 xxv.
853 108 909 150 (A.
938 109 1000 140 Ch.
1027 107 1122 150 212.)
1469 108 1554 149 263

139 243 279 287 hostis,
308 243 434 279 duces
456 241 570 277 Poeni
593 241 766 278 assecuti
789 242 841 285 ab
863 246 978 289 tergo
1000 242 1079 277 iam
1102 244 1349 289 pugnantes;
1384 251 1554 288 anceps-

138 325 217 362 que
234 313 417 362 proelium
435 312 645 348 Romanos
664 311 992 356 circumsteterat,
1018 312 1207 354 incertos,
1233 311 1274 346 in
1292 322 1411 358 quem
1428 310 1553 358 potis-

138 384 279 420 simum
313 383 471 419 hostem
504 394 674 430 quamve
707 381 747 417 in
780 387 934 429 partem
968 382 1137 419 conferti
1170 381 1423 430 eruptionem
1447 381 1553 419 face-

136 458 238 490 rent.
311 453 511 501 Pugnanti
545 452 804 500 hortantique
837 452 1068 500 imperatori
1100 458 1140 488 et
1172 451 1357 488 offerenti
1389 464 1445 496 se,
1486 452 1552 488 ubi
1571 447 1620 487 11

136 523 328 572 plurimus
355 523 468 559 labor
497 527 594 566 erat,
629 523 733 558 latus
761 523 945 558 dextrum
973 523 1116 559 lancea
1142 522 1348 566 traiicitur;
1383 535 1553 559 cuneus-

136 606 214 642 que
239 594 272 630 is
297 593 485 637 hostium,
515 593 581 640 qui
606 593 647 628 in
665 592 872 629 confertos
890 593 995 628 circa
1013 593 1159 629 ducem
1177 593 1370 641 impetum
1388 593 1551 636 fecerat,

135 669 178 700 ut
202 663 427 700 exanimem
453 663 657 699 labentem
684 675 732 698 ex
757 675 863 710 equo
882 662 1114 711 Scipionem
1138 663 1248 707 vidit,
1280 664 1433 700 alacres
1455 676 1553 712 gau-

135 734 205 770 dio
239 746 328 770 cum
357 734 532 771 clamore
555 745 626 781 per
649 737 778 768 totam
801 733 930 769 aciem
952 733 1185 769 nuntiantes
1209 733 1447 777 discurrunt,
1481 734 1553 769 im-

133 809 363 853 peratorem
380 804 610 841 Romanum
636 803 846 840 cecidisse.
895 803 956 838 Ea
980 809 1199 851 pervagata
1223 804 1373 852 passim
1395 816 1485 849 vox,
1511 810 1553 841 ut
1571 797 1622 838 12

134 880 174 911 et
212 875 350 911 hostes
390 875 498 911 haud
542 874 665 910 dubie
698 886 772 922 pro
805 873 1020 910 victoribus
1053 879 1094 909 et
1125 874 1300 910 Romani
1333 887 1406 923 pro
1439 875 1551 911 victis

133 950 282 988 essent,
328 944 434 982 fecit.
511 945 624 993 Fuga
668 943 882 981 confestim
928 956 976 979 ex
1015 944 1102 980 acie
1141 945 1245 980 duce
1285 945 1435 981 amisso
1468 938 1622 981 fierilss

132 1020 267 1064 coepta
291 1020 369 1058 est;
396 1021 573 1051 ceterum
598 1021 640 1051 ut
664 1015 717 1050 ad
742 1015 1036 1063 erumpendum
1054 1015 1157 1050 inter
1174 1014 1371 1052 Numidas
1390 1016 1551 1052 levium-

132 1098 210 1134 que
248 1097 449 1122 armorum
489 1086 567 1121 alia
607 1085 751 1121 auxilia
791 1085 901 1120 haud
943 1085 1115 1121 difficilis
1148 1090 1246 1129 erat,
1286 1085 1340 1121 ita
1373 1086 1550 1134 effugere
1569 1078 1621 1119 14

131 1161 286 1193 tantum
319 1156 498 1204 equitum
531 1156 848 1204 aequantiumque
880 1168 1008 1203 equos
1036 1155 1249 1192 velocitate
1277 1156 1459 1204 peditum
1488 1157 1551 1193 vix

130 1232 332 1276 poterant,
366 1227 539 1275 caesique
571 1239 699 1275 prope
727 1226 859 1274 plures
881 1225 921 1261 in
945 1225 1039 1274 fuga
1062 1238 1183 1274 quam
1205 1226 1245 1262 in
1273 1238 1412 1274 pugna
1436 1233 1548 1271 sunt;

129 1309 205 1333 nec
231 1297 494 1346 superfuisset
518 1296 743 1344 quisquam,
778 1296 818 1332 ni
846 1296 1039 1345 praecipiti
1064 1297 1141 1332 iam
1168 1297 1221 1333 ad
1246 1309 1457 1345 vesperum
1483 1298 1548 1333 die

129 1379 211 1404 nox
242 1367 534 1404 intervenisset.

248 1437 370 1474 Haud
399 1438 575 1486 segniter
602 1438 699 1474 inde
730 1439 855 1475 duces
878 1439 993 1475 Poeni
1019 1438 1181 1475 fortuna
1204 1438 1264 1475 usi
1288 1439 1502 1476 confestim
1527 1452 1548 1476 e
1611 1428 1673 1474 35

129 1508 285 1556 proelio,
318 1508 381 1544 vix
405 1509 635 1545 necessaria
662 1509 796 1557 quiete
821 1510 918 1545 data
942 1509 1143 1554 militibus,
1171 1510 1224 1545 ad
1249 1508 1547 1546 Hasdrubalem

130 1578 368 1615 Hamilcaris
411 1579 574 1615 citatum
620 1591 766 1627 agmen
807 1579 980 1628 rapiunt,
1023 1591 1107 1616 non
1148 1580 1272 1616 dubia
1313 1593 1397 1628 spe,
1443 1582 1483 1617 si
1510 1594 1548 1616 sc·

128 1648 446 1693 coniunxissent,
481 1650 674 1685 debellari
707 1662 843 1698 posse.
909 1650 1002 1695 Quo
1035 1650 1101 1686 ubi
1135 1655 1197 1686 est
1228 1655 1403 1695 ventum,
1444 1643 1588 1687 inter?

128 1719 325 1756 exercitus
366 1720 573 1767 ducesque
614 1719 781 1756 victoria
818 1720 970 1756 recenti
1009 1721 1122 1757 laetos
1154 1721 1368 1769 gratulatio
1402 1721 1546 1770 ingens

129 1789 254 1834 facta,
309 1790 553 1838 imperatore
607 1795 720 1826 tanto
775 1802 865 1826 cum
920 1791 1030 1826 omni
1086 1792 1260 1828 exercitu
1316 1791 1452 1828 deleto
1507 1798 1546 1829 et

127 1861 293 1896 alteram
347 1872 421 1908 pro
476 1860 585 1896 haud
635 1861 758 1896 dubia
806 1873 945 1909 parem
992 1862 1199 1898 victoriam
1247 1868 1543 1910 exspectantes.

126 1931 192 1967 Ad
223 1931 434 1967 Romanos
473 1931 656 1967 nondum
701 1931 864 1979 quidem
898 1931 1006 1967 fama
1038 1937 1160 1969 tantae
1193 1933 1319 1969 cladis
1351 1930 1586 1981 pervene-33

125 2006 198 2045 rat,
243 2002 317 2037 sed
360 2006 541 2038 maestum
585 2002 796 2049 quoddam
840 2002 1039 2038 silentium
1083 2008 1168 2039 erat
1207 2008 1246 2038 et
1286 2003 1407 2039 tacita
1447 2004 1545 2039 divi-

125 2071 257 2115 natio,
307 2071 434 2119 qualis
477 2072 556 2107 iam
601 2072 935 2120 praesagientibus
978 2072 1121 2109 animis
1163 2073 1409 2110 imminentis
1452 2075 1544 2110 mali

125 2153 215 2178 esse
248 2142 364 2178 solet.
427 2141 651 2190 Imperator
682 2143 782 2190 ipse,
817 2148 1084 2191 praeterquam
1117 2145 1228 2192 quod
1262 2145 1313 2179 ab
1347 2144 1467 2181 sociis
1501 2142 1586 2181 se4

124 2211 342 2256 desertum,
368 2211 542 2248 hostium
567 2217 721 2248 tantum
747 2218 887 2249 auctas
912 2214 1052 2261 copias
1071 2214 1284 2257 sentiebat,
1311 2215 1545 2251 coniectura

124 2281 246 2318 etiam
286 2287 326 2318 et
363 2282 520 2318 ratione
560 2283 614 2318 ad
654 2283 928 2330 suspicionem
963 2290 1141 2333 acceptae
1176 2284 1302 2321 cladis
1336 2297 1455 2333 quam
1490 2286 1545 2321 ad

123 2351 243 2388 ullam
276 2353 429 2388 bonam
462 2365 575 2401 spem
604 2353 770 2401 pronior
798 2360 902 2391 erat:
938 2367 1116 2402 quonam
1144 2356 1273 2391 modo
1302 2355 1408 2391 enim
1438 2353 1586 2391 Has-5

124 2422 334 2459 drubalem
361 2435 409 2459 ac
433 2422 669 2471 Magonem,
698 2424 774 2460 nisi
805 2425 1023 2462 defunctos
1052 2437 1126 2461 suo
1151 2425 1272 2469 bello,
1303 2426 1389 2462 sine
1419 2430 1545 2463 certa-

122 2492 230 2528 mine
272 2493 479 2530 adducere
523 2494 738 2530 exercitum
778 2493 986 2543 potuisse?
1034 2496 1246 2543 quomodo
1288 2502 1421 2531 autem
1460 2507 1545 2532 non
1561 2496 1585 2532 (j

123 2561 327 2599 obstitisse
352 2568 420 2599 aut
443 2564 493 2599 ab
520 2569 634 2612 tergo
661 2570 841 2601 secutum
868 2566 1043 2610 fratrem,
1069 2571 1125 2609 ut,
1150 2566 1181 2601 si
1206 2565 1438 2613 prohibere,
1465 2576 1545 2612 quo

122 2632 252 2668 minus
284 2632 324 2668 in
356 2645 479 2669 unum
513 2634 669 2671 coirent
701 2640 740 2671 et
772 2636 898 2672 duces
932 2641 972 2672 et
1005 2635 1202 2671 exercitus
1237 2635 1428 2680 hostium,
1462 2647 1547 2672 non
