1789 2955
285 92 362 129 106
670 88 786 123 Liber
811 87 978 123 XXVII.
1028 89 1090 130 (A.
1116 100 1151 122 u.
1178 99 1206 123 c.
1232 89 1329 133 547.)

283 215 405 253 Italia
443 215 570 253 hostis
616 219 731 263 esset,
775 219 921 266 praeter
958 215 1169 253 Antiatem
1210 215 1515 266 Ostiensemque
1560 217 1718 255 vacatio

283 287 495 325 observata
535 290 612 334 est;
658 290 697 325 et
738 300 874 325 earum
916 287 1163 325 coloniarum
1202 288 1378 326 iuniores
1420 289 1507 326 iure
1549 289 1718 326 iurando

284 359 430 405 adacti,
476 372 597 409 supra
635 359 720 397 dies
757 359 927 409 triginta
965 372 1044 397 non
1082 364 1386 409 pernoctaturos
1417 373 1457 398 se
1489 374 1572 398 esse
1603 363 1720 398 extra

283 431 430 468 moenia
461 431 629 469 coloniae
661 443 753 477 suae,
789 430 913 469 donec
944 431 1073 468 hostis
1103 431 1144 468 in
1174 432 1300 470 Italia
1331 435 1444 470 esset.

237 506 259 540 6
393 501 526 549 Quum
558 516 692 540 omnes
724 506 941 550 censerent,
982 503 1113 553 primo
1145 516 1305 553 quoque
1336 507 1515 554 tempore
1547 504 1719 542 consuli-

283 576 356 612 bus
388 574 562 612 eundum
593 575 644 612 ad
674 574 825 612 bellum
853 575 961 623 (nam
986 579 1024 612 et
1047 574 1297 613 Hasdrubali
1322 575 1610 613 occurrendum
1635 588 1720 614 esse

284 647 543 684 descendenti
575 647 624 683 ab
656 646 844 696 Alpibus,
875 660 924 684 ne
957 645 1094 684 Gallos
1127 645 1355 697 Cisalpinos
1385 659 1484 685 neve
1514 647 1720 684 Etruriam

240 720 260 754 7
281 723 453 756 erectam
484 718 526 755 in
557 731 665 767 spem
695 731 830 756 rerum
861 732 1053 757 novarum
1094 719 1342 764 sollicitaret,
1381 723 1419 756 et
1449 719 1721 757 Hannibalem

284 804 353 828 suo
383 790 546 840 proprio
579 790 851 840 occupandum
882 791 1001 837 bello,
1047 804 1096 828 ne
1136 803 1337 840 emergere
1374 805 1422 829 ex
1461 791 1633 829 Bruttiis
1664 794 1721 829 at-

284 876 360 912 que
406 861 566 900 obviam
611 862 669 899 ire
714 862 831 899 fratri
877 862 1039 912 posset),
1084 862 1226 901 Livius
1264 864 1537 909 cunctabatur,
1581 876 1722 913 parum

239 933 407 971 &fidens
438 947 597 971 suarum
630 934 930 983 provinciarum
963 935 1226 973 exercitibus:
1259 935 1454 984 collegam
1486 949 1534 972 ex
1567 935 1722 973 duobus

284 1006 562 1043 consularibus
604 1006 776 1055 egregiis
818 1007 1064 1045 exercitibus
1105 1011 1144 1045 et
1172 1008 1306 1056 tertio,
1355 1008 1420 1045 cui
1452 1007 1498 1055 Q.
1531 1006 1722 1045 Claudius

284 1078 451 1115 Tarenti
481 1081 683 1127 praeesset,
716 1079 949 1116 electionem
979 1078 1147 1126 habere;
1179 1079 1451 1128 intuleratque
1482 1080 1722 1117 mentionem

240 1151 262 1186 9
283 1150 331 1188 de
361 1149 572 1188 volonibus
603 1150 840 1188 revocandis
872 1151 922 1188 ad
954 1152 1080 1200 signa.
1144 1150 1315 1188 Senatus
1347 1151 1515 1189 liberam
1549 1154 1722 1201 potesta-

282 1225 364 1259 tem
396 1222 625 1259 consulibus
656 1222 751 1259 fecit
782 1226 820 1259 et
852 1223 1079 1272 supplendi,
1125 1223 1232 1260 unde
1261 1223 1421 1270 vellent,
1469 1226 1509 1262 et
1547 1223 1724 1272 eligendi

283 1293 331 1331 de
364 1294 548 1331 omnibus
581 1294 838 1341 exercitibus,
884 1307 983 1344 quos
1014 1295 1174 1342 vellent,
1219 1295 1557 1345 permutandique
1598 1298 1636 1333 et
1675 1308 1723 1332 ex

212 1366 259 1402 10
278 1365 512 1415 provinciis,
558 1379 637 1415 quo
669 1379 690 1403 e
721 1380 763 1404 re
794 1366 956 1416 publica
987 1371 1196 1404 censerent
1227 1380 1321 1415 esse,
1351 1367 1602 1405 traducendi.
1663 1367 1724 1404 Ea

285 1437 418 1474 omnia
463 1451 552 1474 cum
597 1451 750 1475 summa
795 1439 1011 1476 concordia
1056 1439 1260 1476 consulum
1302 1442 1401 1477 acta.
1469 1438 1646 1477 Volones
1684 1439 1725 1477 in

214 1509 260 1546 11
283 1508 620 1547 undevicesimam
653 1514 691 1547 et
721 1510 950 1548 vicesimam
983 1511 1160 1560 legiones
1191 1512 1343 1561 scripti.
1396 1511 1538 1560 Magni
1569 1512 1724 1549 roboris

285 1580 438 1618 auxilia
479 1594 527 1617 ex
565 1581 768 1631 Hispania
809 1596 966 1632 quoque
1006 1596 1028 1619 a
1059 1582 1106 1621 P.
1141 1582 1330 1633 Scipione
1367 1583 1423 1622 M.
1456 1583 1574 1620 Livio
1606 1583 1726 1620 missa

284 1653 448 1702 quidam
483 1652 533 1690 ad
564 1653 605 1690 id
637 1654 786 1691 bellum
818 1658 999 1692 auctores
1031 1658 1134 1701 sunt,
1171 1659 1259 1693 octo
1290 1655 1419 1692 millia
1448 1655 1725 1705 Hispanorum

285 1724 576 1774 Gallorumque
621 1729 661 1763 et
705 1726 783 1763 duo
830 1727 959 1764 millia
1004 1725 1052 1763 de
1097 1726 1256 1775 legione
1301 1727 1494 1773 militum,
1547 1727 1725 1776 equitum

212 1798 261 1833 12
281 1797 405 1844 mille,
451 1797 598 1836 mixtos
630 1798 826 1837 Numidas
857 1798 1160 1848 Hispanosque;
1203 1798 1259 1837 M.
1291 1799 1523 1836 Lucretium
1560 1798 1630 1835 has
1662 1811 1723 1835 co·

284 1869 373 1918 pias
412 1869 584 1908 navibus
623 1871 849 1918 advexisse;
898 1874 938 1907 et
975 1871 1275 1919 sagittariorum
1315 1870 1644 1920 funditorumque
1674 1869 1725 1907 ad

283 1941 363 1979 tria
394 1942 523 1979 millia
555 1956 602 1979 ex
635 1940 774 1979 Sicilia
806 1941 848 1980 C.
881 1942 1109 1980 Mamilium
1139 1942 1304 1980 misisse.

138 2007 192 2056 39
397 2013 615 2051 Auxerunt
645 2014 784 2051 Romae
814 2015 1029 2051 tumultum
1062 2014 1208 2051 litterae
1248 2028 1296 2051 ex
1327 2012 1462 2052 Gallia
1500 2013 1633 2052 allatae
1674 2013 1723 2050 ab

239 2086 262 2122 2
281 2084 330 2121 L.
356 2084 502 2123 Porcio
534 2090 720 2135 praetore:
753 2085 1053 2123 Hasdrubalem
1084 2086 1255 2124 movisse
1287 2100 1335 2123 ex
1367 2085 1545 2123 hibernis
1576 2088 1616 2122 et
1645 2084 1723 2122 iam

285 2157 416 2206 Alpes
454 2157 645 2204 transire3
687 2162 776 2195 octo
816 2158 945 2195 millia
976 2158 1174 2206 Ligurum
1220 2158 1445 2208 conscripta
1490 2159 1721 2206 armataque

285 2228 547 2266 coniunctura
578 2242 618 2266 se
647 2233 898 2279 transgresso
931 2230 971 2266 in
1004 2230 1167 2268 Italiam
1199 2244 1294 2276 esse,
1324 2230 1403 2267 nisi
1429 2229 1656 2266 mitteretur
1679 2228 1722 2265 in

286 2300 471 2350 Ligures,
509 2301 579 2350 qui
612 2314 678 2338 eos
709 2301 815 2338 bello
848 2306 1080 2351 occuparet-3
1126 2315 1168 2339 se
1200 2315 1289 2339 cum
1321 2301 1501 2339 invalido
1532 2301 1723 2347 exercitu,

240 2377 262 2410 23
281 2372 414 2421 quoad
453 2376 581 2410 tutum
620 2375 795 2422 putaret,
842 2386 1157 2422 progressurum.
1217 2373 1292 2410 Hae
1336 2373 1482 2410 litterae
1528 2372 1722 2418 consules,

285 2444 432 2494 raptim
465 2445 643 2482 confecto
676 2444 839 2491 dilectu,
878 2445 1085 2492 maturius,
1123 2458 1242 2494 quam
1273 2446 1573 2491 constituerant,
1612 2444 1722 2481 exire

288 2517 327 2554 in
358 2517 585 2566 provincias
617 2520 832 2566 coegerunt
864 2530 910 2553 ea
940 2520 1083 2563 mente,
1121 2520 1166 2554 ut
1195 2520 1363 2566 uterque
1394 2516 1548 2554 hostem
1578 2516 1621 2553 in
1650 2528 1721 2553 sua

286 2588 497 2637 provincia
539 2589 774 2635 contineret,
820 2601 949 2638 neque
991 2589 1179 2637 coniungi
1218 2593 1287 2626 aut
1317 2588 1494 2626 conferre
1526 2588 1568 2625 in
1597 2600 1720 2625 unum

241 2661 265 2697 4
283 2660 388 2698 vires
404 2664 622 2710 pateretur.
683 2660 908 2698 Plurimum
934 2660 975 2697 in
1000 2673 1086 2698 eam
1109 2673 1192 2697 rem
1217 2660 1372 2698 adiuvit
1397 2660 1537 2710 opinio
1559 2659 1717 2698 Hanni·
