1789 2955
495 81 612 116 Liber
637 81 783 118 XXVI.
833 82 892 127 (A.
920 82 985 117 Oh.
1010 84 1105 127 210.)
1460 86 1514 124 49

83 211 162 248 iam
201 210 328 248 maius
367 213 557 260 precatur
598 211 703 258 deos,
751 224 867 261 quam
898 214 944 248 ut
984 211 1177 248 incolumi
1214 210 1353 248 cedere
1395 213 1516 260 atque

83 283 195 320 abire
226 296 274 320 ex
305 282 478 320 hostium
509 286 617 320 terra
646 283 777 321 liceat.
843 282 949 330 Quid
982 284 1105 332 igitur
1136 284 1266 320 minus
1298 284 1518 330 conveniat,
1541 283 1590 320 17

83 355 244 402 milites,
274 368 403 404 quam,
436 368 557 404 quum
589 355 678 392 aliae
710 368 828 404 super
859 355 958 392 alias
990 355 1122 393 clades
1148 355 1445 393 cumularentur
1471 369 1515 393 ac

83 426 125 463 di
155 440 281 478 prope
313 427 392 476 ipsi
424 440 511 464 cum
536 427 766 465 Hannibale
791 430 952 473 starent,
984 441 1054 464 vos
1078 427 1143 464 hic
1169 441 1255 465 cum
1279 427 1515 477 parentibus

83 499 180 551 meis
201 499 425 548 (aequentur
445 500 550 537 enim
571 500 687 537 etiam
700 500 849 537 honore
862 500 1050 549 nominis)
1064 500 1298 537 sustinuisse
1311 499 1514 537 labantem

81 571 283 608 fortunam
313 571 455 621 populi
472 571 655 619 Romani,
687 586 790 609 nunc
814 572 986 621 eosdem,
1019 586 1140 622 quum
1164 573 1242 609 iam
1268 571 1354 608 illic
1382 572 1515 609 omnia

82 643 257 680 secunda
288 643 458 692 laetaque
490 648 592 691 sunt,
638 645 781 683 animis
814 643 1009 681 deficere?
1068 645 1207 694 Nuper
1238 657 1395 693 quoque
1427 655 1517 691 quoe
1536 643 1588 681 18

82 715 323 762 acciderunt,
353 717 506 753 utinam
537 720 617 754 tam
650 717 736 755 sine
759 730 844 754 meo
871 717 982 754 luctu
1007 714 1185 766 quamssss.
1233 716 1348 754 Nunc
1375 715 1416 753 di
1442 716 1512 752 im-

81 787 270 825 mortales
315 788 474 837 imperii
513 789 684 827 Romani
726 790 928 839 praesides,
977 789 1047 837 qui
1086 788 1280 825 centuriis
1318 787 1513 835 omnibus,

81 863 126 896 ut
157 859 255 897 mihi
285 860 499 910 imperium
530 862 718 899 iuberent
748 862 848 909 dari,
880 862 991 898 fuere
1023 864 1215 907 auctores,
1248 861 1367 898 iidem
1391 874 1512 910 augu—

81 930 155 968 riis
187 932 458 982 auspiciisque
491 937 529 971 et
560 948 631 984 per
661 938 876 972 nocturnos
909 935 1026 970 etiam
1058 933 1167 971 visus
1195 933 1327 970 omnia
1353 933 1444 970 laeta
1468 946 1513 970 ac

81 1016 275 1054 prospera
305 1005 560 1054 portendunt.
621 1006 795 1045 Animus
828 1020 985 1057 quoque
1017 1019 1138 1051 meus,
1180 1005 1376 1042 maximus
1414 1005 1515 1042 mihi
1537 1004 1585 1041 19

81 1075 132 1112 ad
156 1076 230 1113 hoc
256 1079 411 1127 tempus
436 1082 558 1126 vates,
587 1080 788 1129 praesagit,
819 1083 995 1117 nostram
1012 1078 1250 1128 Hispaniam
1275 1090 1370 1124 esse,
1400 1077 1514 1114 brevi

81 1151 240 1186 extorre
284 1149 378 1186 hinc
425 1164 538 1188 omne
578 1152 777 1189 Punicum
822 1166 964 1190 nomen
1004 1152 1130 1188 maria
1169 1153 1376 1198 terrasque
1408 1148 1514 1186 foeda

80 1220 176 1269 fuga
206 1222 475 1271 impleturum.
523 1224 641 1272 Quod
673 1238 781 1262 mens
814 1238 883 1262 sua
915 1227 1056 1273 sponte
1088 1223 1255 1269 divinat,
1287 1221 1393 1258 idem
1425 1221 1515 1259 sub·
1536 1222 1588 1258 20

80 1292 168 1329 iicit
207 1294 311 1331 ratio
350 1295 456 1333 haud
495 1296 632 1334 fallax.
692 1297 843 1335 Vexati
883 1297 932 1333 ab
972 1296 1020 1332 iis
1059 1295 1158 1332 socii
1189 1297 1364 1331 nostram
1393 1294 1512 1331 fidem

81 1378 151 1413 per
192 1365 344 1415 legatos
384 1368 614 1417 implorant.
676 1369 774 1406 Tres
815 1369 934 1406 duces
975 1368 1259 1412 discordantes,
1306 1380 1430 1416 prope
1468 1369 1514 1404 ut

81 1437 300 1475 defecerint
338 1440 409 1476 alii
440 1441 489 1477 ab
522 1441 625 1488 aliis,
671 1442 868 1479 trifariam
901 1441 1117 1478 exercitum
1150 1440 1188 1476 in
1222 1438 1512 1476 diversissimas

79 1510 263 1558 regiones
302 1511 538 1552 distraxere.
607 1514 759 1551 Eadem
801 1514 842 1551 in
884 1514 974 1551 illos
1014 1512 1171 1561 ingruit
1210 1511 1382 1558 fortuna,
1428 1523 1516 1560 quae
1534 1511 1584 1548 21

80 1595 207 1631 nuper
238 1597 309 1621 nos
341 1584 503 1631 afflixit;
539 1599 631 1623 nam
663 1589 702 1623 et
734 1587 973 1623 deseruntur
1003 1586 1052 1622 ab
1085 1584 1213 1630 sociis,
1244 1587 1289 1620 ut
1318 1583 1431 1633 prius
1462 1584 1511 1620 ab

80 1653 294 1693 Celtiberis
334 1671 415 1704 neS,
461 1661 500 1694 et
537 1658 729 1696 diduxere
769 1659 979 1705 exercitus,
1026 1670 1113 1707 quae
1151 1656 1257 1706 patri
1288 1659 1511 1705 patruoque

80 1739 166 1764 meo
207 1741 324 1766 causa
366 1730 480 1767 exitii
519 1731 614 1778 fuit3
659 1745 730 1769 nec
774 1731 974 1768 discordia
1015 1729 1207 1766 intestina
1240 1728 1347 1765 coire
1379 1740 1444 1764 eos
1475 1727 1587 1764 11122

79 1812 202 1837 unum
243 1801 356 1849 sinet,
401 1816 529 1852 neque
575 1804 727 1852 singuli
770 1802 886 1840 nobis
930 1802 1114 1839 resistere
1159 1802 1359 1850 poterunt.
1429 1798 1514 1836 Vos

80 1872 209 1920 modo,
240 1873 399 1922 milites,
441 1876 569 1912 favete
600 1876 750 1913 nomini
782 1874 1024 1925 Scipionum,
1065 1873 1196 1911 suboli
1227 1873 1512 1922 imperatorum

80 1948 303 1983 vestrorum
332 1948 443 1984 velut
472 1948 613 1986 accisis
644 1948 884 1986 recrescenti
915 1946 1120 1997 stirpibus.
1180 1944 1316 1994 Agite,
1360 1947 1514 1982 veteres
1534 1944 1585 1980 23

80 2019 240 2067 milites,
284 2034 429 2058 novum
469 2021 686 2058 exercitum
726 2032 953 2069 novumque
986 2019 1124 2056 ducem
1154 2017 1354 2055 traducite
1385 2016 1510 2053 Hibe-

80 2104 179 2139 rum,
223 2093 426 2130 traducite
462 2094 504 2130 111
543 2096 672 2131 terras
711 2107 798 2131 cum
837 2093 973 2130 multis
1004 2091 1176 2128 fortibus
1207 2090 1321 2127 factis
1353 2102 1458 2139 saepe
1489 2102 1512 2126 a

80 2164 192 2201 vobis
238 2169 482 2214 peragratas
558 2166 680 2204 Brevi
726 2166 881 2212 faciam,
931 2168 986 2210 ut,
1032 2161 1364 2213 quemadmodum
1410 2175 1514 2198 nunc
1534 2161 1587 2198 24

80 2237 289 2275 noscitatis
326 2239 367 2275 in
407 2252 468 2275 me
505 2239 631 2288 patris
668 2238 881 2288 patruique
913 2236 1218 2274 similitudinem
1249 2235 1328 2271 oris
1359 2234 1511 2271 vultus-

80 2323 157 2359 que
189 2313 229 2347 et
259 2310 501 2348 lineamenta
532 2311 721 2361 corporis,
754 2311 810 2348 ita
842 2309 1007 2359 ingenii,
1038 2308 1134 2346 fidei
1164 2306 1405 2356 virtutisque
1432 2305 1515 2343 effi·
1534 2305 1586 2343 25

81 2383 184 2432 giem
220 2383 336 2421 vobis
373 2384 551 2431 reddam,
595 2386 641 2421 ut
678 2384 866 2421 revixisse
905 2385 974 2420 aut
1010 2384 1194 2419 renatum
1232 2379 1311 2417 sibi
1342 2379 1510 2428 quisque

81 2454 308 2506 Scipionem
340 2456 620 2506 imperatorem
652 2457 795 2494 dicat.“

194 2528 283 2566 Hac
314 2529 494 2567 oratione
525 2530 702 2566 accensis
732 2529 906 2566 militum
938 2526 1094 2572 animis,
1125 2524 1268 2562 relicto
1301 2522 1351 2560 ad
1377 2522 1512 2572 praesi-
1600 2518 1658 2566 42

81 2601 191 2638 dium
229 2601 409 2650 regionis
448 2602 532 2638 eius
562 2601 616 2639 M.
649 2599 786 2638 Silano
825 2613 913 2637 cum
953 2599 1082 2636 tribus
1121 2596 1299 2633 millibus
1330 2594 1510 2644 peditum

81 2677 120 2711 et
163 2674 354 2711 trecentis
400 2673 613 2724 equitibus,
660 2676 810 2710 ceteras
856 2684 990 2709 omnes
1036 2669 1169 2719 copias
1211 2668 1341 2717 (erant
1378 2671 1510 2705 autem

149 2747 253 2772 Livius
273 2754 310 2773 ex
328 2753 386 2772 rec.
405 2744 558 2777 Madvigii.
594 2745 648 2770 IV.
1215 2749 1238 2782 4
