1768 2943
541 97 644 128 Liber
668 97 777 127 xxn.
821 96 875 138 (A.
904 97 964 127 ch.
991 96 1085 138 216.)
1465 95 1521 136 93

111 233 282 277 praetore
305 228 346 265 in
371 228 503 265 Sicilia
527 233 624 272 erat,
650 228 826 276 quinque
850 233 890 264 et
912 228 1049 276 viginti
1075 228 1238 273 additae,
1265 227 1521 276 permissum-

111 310 188 347 que
207 303 279 343 est,
305 304 360 344 ut,
385 299 417 336 si
435 311 457 335 e
475 311 517 335 re
534 299 694 348 publica
712 304 896 336 censeret
913 310 1016 342 esse,
1042 298 1082 334 in
1107 298 1281 335 Africam
1308 299 1518 335 traiiceret.

227 369 384 407 Dilectu
408 370 590 419 perfecto
609 371 796 408 consules
815 381 969 419 paucos
987 369 1131 405 morati
1149 369 1250 413 dies,
1276 371 1373 405 dum
1392 370 1438 405 ab
1456 382 1520 406 so·
1599 364 1660 408 38

110 440 179 477 ciis
203 452 250 477 ac
275 441 441 478 nomine
458 441 606 478 Latino
630 441 812 478 venirent
836 441 993 477 milites.
1037 440 1155 485 Tum,
1184 441 1296 488 quod
1315 453 1519 489 nunquam
1536 437 1562 477 2

109 516 230 547 antea
262 511 411 549 factum
444 518 541 557 erat,
582 513 664 548 iure
696 513 869 548 iurando
903 514 953 548 ab
988 511 1154 547 tribunis
1186 511 1353 547 militum
1386 513 1520 548 adacti

108 581 271 626 milites;
304 595 398 619 nam
431 583 485 618 ad
519 595 608 619 eam
635 583 743 619 diem
767 583 863 619 nihil
887 588 1029 630 praeter
1057 587 1353 618 sacramentum
1378 582 1519 627 fuerat,
1536 579 1561 619 3

106 651 215 688 iussu
240 654 449 690 consulum
474 659 745 690 conventuros
771 665 903 702 neque
928 653 1079 690 iniussu
1105 653 1296 698 abituros,
1327 658 1367 689 et
1383 654 1449 689 ubi
1468 655 1521 689 ad

107 723 400 760 decuriandum
419 729 487 760 aut
500 725 807 761 centuriandum
822 724 1121 768 convenissent,
1141 736 1213 761 sua
1225 724 1432 761 voluntate
1445 724 1520 773 ipsi

105 793 208 829 inter
225 806 316 831 sese
333 795 528 832 decuriati
547 796 714 844 equites,
735 795 944 832 centuriati
957 795 1116 843 pedites
1131 795 1410 840 coniurabant,
1430 807 1519 832 sese
1534 791 1562 832 4

106 862 210 912 fugae
235 870 356 913 atque
381 866 606 903 formidinis
630 879 728 915 ergo
751 879 835 903 non
861 866 1039 902 abituros
1065 878 1197 914 neque
1223 879 1270 902 ex
1297 867 1442 903 ordine
1459 879 1518 903 re-

107 945 292 972 cessuros
324 937 400 974 nisi
433 937 499 973 teli
533 937 719 974 sumendi
747 942 816 974 aut
839 937 1006 986 petendi
1040 942 1079 973 et
1103 943 1170 973 aut
1193 937 1319 973 hostis
1349 937 1518 974 feriendi

105 1010 174 1041 aut
197 1006 291 1043 civis
317 1008 504 1045 servandi
529 1019 665 1045 causa.
714 1008 761 1044 Id
786 1021 833 1044 ex
858 1008 1085 1045 voluntario
1109 1008 1211 1044 inter
1234 1008 1346 1056 ipsos
1366 1008 1519 1044 foedere
1535 1005 1561 1044 5

104 1075 158 1111 ad
184 1076 365 1115 tribunos
392 1091 439 1116 ac
463 1079 680 1128 legitimam
705 1080 798 1116 iuris
816 1079 974 1116 iurandi
993 1079 1253 1116 adactionem
1271 1080 1519 1116 translatum.

225 1146 466 1195 Contiones‚
485 1151 717 1199 priusquam
735 1152 785 1186 ab
804 1151 901 1189 urbe
921 1150 1037 1198 signa
1055 1155 1322 1194 moverentur,
1343 1150 1520 1187 consulis
1535 1148 1560 1187 G

104 1215 298 1256 Varronis
331 1222 464 1259 multae
484 1234 531 1258 ac
556 1221 714 1259 feroces
733 1221 856 1265 fuere,
892 1221 1182 1265 denuntiantis,
1217 1221 1363 1257 bellum
1389 1233 1520 1257 arces-

103 1286 220 1324 situm
253 1290 293 1326 in
327 1291 480 1329 Italiam
504 1293 555 1329 ab
588 1293 790 1329 nobilibus
813 1303 1126 1339 mansurumque
1154 1292 1194 1327 in
1219 1291 1435 1328 visceribus
1464 1288 1559 1338 rei‘l

102 1360 284 1407 publicae,
319 1363 350 1399 si
383 1364 516 1412 plures
550 1364 698 1400 Fabios
731 1363 995 1411 imperatores
1028 1363 1208 1406 haberet,
1244 1375 1300 1407 se,
1335 1375 1416 1410 quo
1452 1363 1518 1399 die

104 1430 263 1468 hostem
287 1433 465 1478 vidisset,
492 1434 774 1483 perfecturum.
825 1433 1003 1482 Collegae
1029 1433 1114 1470 eius
1140 1432 1251 1469 Pauli
1276 1445 1368 1477 una,
1391 1433 1519 1482 pridie
1536 1429 1560 1470 8

105 1513 224 1549 quam
248 1516 296 1540 ex
321 1505 418 1541 urbe
443 1505 775 1554 proficisceretur,
801 1504 940 1541 contio
967 1504 1051 1549 fuit,
1078 1505 1207 1541 verior
1232 1516 1353 1552 quam
1370 1504 1521 1552 gratior

104 1574 272 1621 populo,
291 1587 371 1623 qua
383 1576 480 1613 nihil
492 1576 756 1613 inclementer
768 1576 808 1612 in
824 1576 1051 1611 Varronem
1067 1576 1218 1612 dictum
1233 1575 1309 1611 nisi
1322 1575 1365 1611 id
1377 1576 1519 1620 modo,

104 1644 235 1681 mirari
263 1658 319 1691 se,
349 1646 502 1695 quidni,
534 1647 600 1695 qui
628 1649 722 1689 dux,
752 1647 984 1695 priusquam
1014 1651 1082 1682 aut
1109 1658 1223 1682 suum
1249 1650 1317 1682 aut
1344 1643 1560 1683 hostium9

105 1716 335 1761 exercitum,
363 1718 542 1755 locorum
569 1718 699 1761 situm,
725 1722 910 1753 naturam
934 1717 1111 1765 regionis
1135 1722 1289 1761 nosset,
1316 1717 1394 1752 iam
1413 1729 1532 1774 nunc-

105 1791 267 1835 togatus
295 1788 335 1824 in
359 1789 457 1825 urbe
485 1789 616 1833 sciret,
645 1801 734 1837 quae
759 1788 832 1824 sibi
859 1788 1022 1836 agenda
1051 1792 1206 1823 armato
1236 1786 1381 1831 forent,
1412 1787 1520 1823 diem
1538 1783 1592 1824 lO

105 1869 268 1906 quoque
292 1859 512 1907 praedicere
538 1864 690 1908 posset,
721 1871 800 1907 qua
824 1871 913 1896 cum
940 1859 1056 1895 hoste
1084 1858 1208 1906 signis
1234 1857 1389 1894 collatis
1414 1863 1521 1894 esset

105 1929 385 1974 dimicaturus;
412 1942 468 1974 se,
495 1943 584 1979 quae
608 1930 777 1967 consilia
801 1929 929 1978 magis
950 1941 1013 1965 res
1032 1930 1132 1965 dent
1149 1928 1379 1965 hominibus
1397 1940 1517 1977 quam
1536 1926 1585 1966 11

106 1999 290 2037 homines
313 2002 446 2045 rebus,
481 2013 530 2037 ea
555 2006 649 2037 ante
676 2006 834 2050 tempus
859 2001 1071 2036 immatura
1095 2012 1179 2036 non
1204 2005 1518 2048 praecepturum;

106 2075 261 2118 optare,
302 2077 356 2115 ut,
398 2083 487 2120 quae
520 2076 637 2108 caute
670 2083 717 2108 ac
751 2072 934 2108 consulte
966 2076 1081 2119 gesta
1115 2076 1264 2115 essent,
1299 2071 1395 2108 satis
1427 2083 1520 2120 pro—

106 2152 221 2189 spere
245 2141 471 2186 evenirent;
498 2142 777 2186 temeritatem,
802 2147 1069 2190 praeterquam
1093 2142 1206 2190 quod
1231 2142 1350 2178 stulta
1374 2142 1434 2186 sit,
1461 2139 1589 2179 111-12

107 2211 264 2248 felicem
289 2212 409 2248 etiam
435 2213 488 2248 ad
512 2212 554 2248 id
579 2213 759 2249 locorum
786 2212 921 2249 fuisse.
971 2212 1022 2248 Et
1040 2224 1111 2248 sua
1130 2217 1277 2261 sponte
1295 2213 1519 2261 apparebat
1537 2210 1588 2251 13

105 2287 189 2318 tuta
222 2283 416 2320 celeribus
443 2283 619 2320 consiliis
652 2283 972 2332 praepositurum‚
1007 2287 1058 2327 et,
1093 2295 1174 2330 quo
1199 2283 1241 2318 id
1266 2283 1518 2319 constantius

105 2359 392 2401 perseveraret,
424 2353 473 2400 Q.
494 2354 641 2390 Fabius
665 2353 865 2390 Maximus
883 2354 940 2390 sic
959 2365 1049 2389 eum
1068 2353 1391 2402 proficiscentem
1421 2354 1518 2389 allo-

106 2428 218 2460 cutus
251 2424 385 2461 fertur.

229 2494 293 2530 »Si
318 2499 386 2531 aut
409 2496 620 2544 collegam,
647 2496 689 2532 id
707 2497 819 2544 quod
838 2496 1010 2539 mallem,
1038 2495 1092 2532 tui
1118 2495 1299 2538 similem,
1326 2494 1372 2531 L.
1392 2495 1518 2530 AEmi-
1596 2491 1656 2536 39

106 2565 143 2609 li,
178 2565 348 2602 haberes
388 2571 455 2602 aut
497 2571 537 2602 tu
578 2566 743 2614 collegae
783 2566 837 2602 tui
871 2578 982 2603 esses
1015 2566 1180 2614 similis,
1215 2577 1517 2613 supervacanea

107 2641 214 2672 esset
239 2636 368 2672 oratio
392 2647 501 2680 mea;
529 2648 623 2672 nam
647 2641 687 2672 et
712 2637 794 2673 (luo
821 2637 917 2673 boni
944 2637 1145 2680 consules,
1175 2636 1296 2671 etiam
1321 2647 1386 2671 me
1414 2634 1558 2674 indi-2
