1789 2955
529 97 646 133 Liber
669 96 837 132 XXVII.
886 98 946 140 (A.
974 97 1038 133 Oh.
1064 97 1158 140 207.)
1481 98 1560 136 117

126 239 262 276 genus.
308 226 463 264 Eodem
488 226 596 264 versi
629 225 846 275 elephanti,
878 225 947 274 qui
971 225 1103 275 primo
1127 223 1280 274 impetu
1296 221 1561 260 turbaverant

130 299 414 348 antesignanos
445 301 485 335 et
515 298 594 335 iam
634 299 749 346 signa
786 300 993 334 moverant
1033 297 1138 342 loco3
1171 294 1328 342 deinde,
1360 296 1561 332 crescente
1583 293 1628 330 11

128 370 346 408 certamine
378 373 418 407 et
450 370 634 416 clamore,
680 368 939 418 impotentius
988 369 1065 406 iam
1109 367 1197 415 regi
1245 370 1284 404 et
1329 367 1434 403 inter
1464 366 1561 402 duas

127 442 232 480 acies
263 442 429 489 versari,
459 442 571 480 velut
600 441 754 487 incerti,
787 453 955 490 quorum
987 443 1133 486 essent,
1173 438 1279 475 haud
1311 437 1561 474 dissimiliter

126 514 294 552 navibus
326 513 412 551 sine
442 513 715 562 gubernaculo
746 513 871 561 vagis.
919 511 1111 549 Claudius
1147 509 1280 558 „Quid
1298 522 1394 558 ergo
1425 508 1636 558 praeci-12

125 585 202 635 piti
234 598 351 623 cursu
380 588 462 623 tam
493 585 657 634 longum
681 585 759 622 iter
786 584 935 621 emensi
963 582 1150 621 sumus‘?“
1186 580 1396 619 clamitans
1427 579 1563 616 militi-

126 656 214 707 bus,
248 670 368 707 quum
401 657 442 693 in
474 657 685 694 adversum
718 656 859 693 collem
890 656 1040 693 frustra
1071 655 1187 702 signa
1213 653 1367 701 erigere
1399 654 1563 688 conatus

125 732 242 776 esset,
274 732 485 779 postquam
519 742 564 765 ea
594 728 758 776 regione
789 728 993 777 penetrari
1025 726 1075 763 ad
1107 726 1259 762 hostem
1291 738 1370 762 non
1401 723 1567 762 videbat
1587 726 1637 760 13

123 813 252 851 posse,
290 801 472 838 cohortes
489 800 647 849 aliquot
664 799 882 837 subductas
900 813 920 836 e
937 799 1077 836 dextro
1096 810 1230 844 cornu,
1253 797 1324 834 ubi
1352 796 1563 834 stationem

124 872 255 922 magis
286 885 445 921 segnem
493 885 612 921 quam
650 884 825 921 pugnam
855 871 1032 908 futuram
1065 869 1269 915 cernebat,
1316 871 1408 918 post
1439 867 1563 905 aciem

127 943 405 990 circumducit,
438 947 477 981 et
493 957 572 982 non
589 943 777 981 hostibus
794 943 923 990 modo,
941 942 1008 980 sed
1027 942 1147 979 etiam
1164 941 1243 978 suis
1262 939 1568 989 inopinantibus
1589 938 1641 974 14

126 1017 166 1053 in
183 1016 389 1053 sinistrum
406 1013 440 1067 ¹)
468 1015 644 1053 hostium
662 1017 768 1054 latus
786 1015 975 1060 incurrit3
994 1017 1186 1063 tantaque
1204 1012 1388 1049 celeritas
1405 1011 1492 1057 fuit,
1509 1014 1564 1056 ut,

123 1100 246 1137 quum
263 1087 533 1125 ostendissent
563 1101 604 1126 se
635 1089 685 1126 ab
717 1089 853 1135 latere,
883 1100 974 1124 mox
1006 1086 1047 1122 in
1076 1088 1192 1133 terga
1223 1085 1301 1122 iam
1325 1085 1564 1132 pugnarent,

125 1158 191 1197 Ita
224 1173 272 1197 ex
304 1160 489 1197 omnibus
521 1160 723 1209 partibus,
755 1160 803 1197 ab
835 1160 977 1205 fronte,
1010 1158 1060 1195 ab
1080 1159 1220 1203 latere,
1251 1156 1301 1194 ab
1326 1159 1452 1203 tergo,
1483 1157 1566 1191 tru-
1587 1152 1636 1189 15

125 1231 310 1269 cidantur
341 1230 517 1281 Hispani
533 1231 807 1281 Liguresque,
839 1234 879 1268 et
910 1230 960 1267 ad
988 1229 1127 1267 Gallos
1158 1230 1234 1266 iam
1268 1227 1394 1265 caedes
1425 1239 1562 1276 perve-

124 1307 251 1342 nerat.
297 1303 364 1341 Ibi
395 1303 601 1340 minimum
633 1303 864 1340 certaminis
895 1303 991 1349 fuit3
1025 1315 1115 1339 nam
1149 1304 1188 1338 et
1218 1313 1311 1350 pars
1342 1311 1486 1347 magna
1517 1298 1566 1335 ab
1587 1298 1635 1334 16

124 1375 250 1424 signis
268 1374 447 1421 aberant,
479 1378 594 1412 nocte
613 1375 762 1425 dilapsi
780 1375 977 1424 stratique
1002 1387 1139 1413 somno
1170 1372 1319 1423 passim
1347 1384 1418 1421 per
1435 1383 1563 1419 agros,

129 1449 168 1484 et
199 1447 269 1497 qui
285 1447 464 1494 aderant,
495 1448 636 1485 itinere
653 1460 697 1484 ac
714 1447 867 1497 vigiliis
892 1447 997 1493 fessi,
1029 1444 1385 1483 intolerantissima
1411 1443 1561 1481 laboris

130 1531 310 1569 corpora,
340 1519 410 1557 vix
440 1533 549 1557 arma
593 1520 772 1557 humeris
810 1519 1041 1568 gestabant3
1089 1521 1128 1555 et
1169 1518 1247 1555 iam
1281 1517 1361 1554 diei
1392 1515 1569 1553 medium
1589 1514 1637 1550 17

128 1594 224 1637 erat,
255 1591 426 1641 sitisque
458 1595 498 1629 et
528 1592 638 1629 calor
667 1591 824 1629 hiantes
856 1591 1063 1628 caedendos
1096 1590 1391 1640 capiendosque
1414 1587 1562 1625 affatim

126 1662 346 1713 praebebat.
409 1663 629 1713 Elephanti
671 1663 808 1713 plures
855 1663 904 1700 ab
949 1663 1047 1712 ipsis
1078 1662 1301 1700 rectoribus
1348 1673 1466 1710 quam
1512 1660 1561 1696 ab
1649 1653 1707 1702 49

125 1734 239 1772 hoste
271 1735 487 1774 interfecti.
534 1735 700 1773 Fabrile
732 1736 931 1785 scalprum
962 1748 1051 1772 cum
1083 1735 1226 1772 malleo
1256 1733 1473 1778 habebant;
1506 1732 1560 1781 id,

125 1807 197 1844 ubi
228 1807 368 1845 saevire
398 1808 528 1845 beluae
561 1821 606 1844 ac
636 1821 753 1845 ruere
784 1808 824 1844 in
857 1820 948 1844 suos
994 1809 1207 1856 coeperant,
1238 1804 1428 1854 magister
1459 1804 1562 1840 inter

125 1892 241 1917 aures
271 1879 458 1929 positum,
490 1879 576 1929 ipso
609 1880 651 1916 in
683 1880 864 1927 articulo,
911 1893 989 1929 quo
1034 1879 1214 1927 iungitur
1257 1876 1383 1926 capiti
1416 1875 1561 1921 cervix,

126 1954 277 2001 quanto
294 1951 464 1989 maximo
481 1955 641 2001 poterat
656 1952 752 1999 ictu,
784 1951 987 2000 adigebat.
1027 1950 1086 1987 Ea
1113 1950 1321 1987 celerrima
1344 1948 1409 1985 via
1426 1947 1566 1984 mortis
1585 1946 1607 1982 2

122 2023 165 2060 in
195 2026 317 2060 tantae
335 2023 452 2061 molis
469 2023 590 2060 belua
616 2023 777 2061 inventa
809 2027 907 2071 erat,
937 2023 1009 2060 ubi
1039 2022 1204 2070 regendi
1221 2034 1330 2071 spem
1361 2019 1562 2064 vicissent,

122 2095 357 2145 primusque
389 2095 431 2132 id
461 2095 697 2133 Hasdrubal
746 2095 996 2142 instituerat,
1045 2095 1126 2132 dux
1173 2106 1296 2142 quum
1328 2104 1430 2141 saepe
1462 2090 1560 2128 alias

125 2166 407 2214 memorabilis,
422 2170 508 2204 tum
527 2167 600 2204 illa
622 2167 824 2217 praecipue
841 2179 987 2217 pugna.
1029 2166 1107 2204 Ille
1125 2167 1350 2216 pugnantes
1366 2161 1565 2200 hortando
1599 2162 1621 2197 3

122 2239 355 2289 pariterque
374 2239 558 2277 obeundo
576 2239 758 2288 pericula
782 2239 993 2285 sustinuit3
1025 2238 1096 2275 ille
1121 2237 1244 2274 fessos
1262 2237 1561 2283 abnuentesque

121 2311 243 2348 taedio
276 2314 314 2348 et
345 2311 482 2349 labore
499 2324 603 2348 nunc
620 2310 834 2361 precando,
864 2323 969 2347 nunc
994 2309 1227 2358 castigando
1259 2306 1457 2351 accendit3
1490 2305 1561 2342 ille

121 2383 325 2432 fugientes
342 2383 548 2421 revocavit
579 2383 844 2433 omissamque
873 2395 1050 2432 pugnam
1083 2381 1238 2430 aliquot
1254 2379 1351 2417 locis
1368 2377 1562 2422 restituit;

122 2458 333 2505 postremo,
365 2468 486 2504 quum
504 2455 611 2493 haud
630 2455 753 2492 dubie
770 2455 932 2492 fortuna
947 2454 1121 2491 hostium
1143 2455 1258 2498 esset,
1290 2464 1337 2488 ne
1364 2452 1563 2499 superstes
1581 2448 1605 2484 4

119 2530 233 2565 tanto
264 2527 459 2565 exercitui
506 2540 618 2564 suum
649 2540 792 2564 nomen
824 2528 958 2564 secuto
992 2529 1112 2571 esset,
1159 2524 1355 2562 concitato
1387 2533 1487 2570 equo
1520 2533 1560 2557 se

154 2678 181 2721 ¹)
206 2677 335 2712 Livius
362 2677 386 2711 d
396 2689 414 2711 e
425 2690 448 2711 x
458 2681 474 2711 t
482 2689 501 2711 r
510 2690 532 2712 u
542 2690 578 2712 m
605 2678 768 2713 scribere
802 2678 943 2713 debuit.
