1789 2955
495 96 610 130 Liber
635 94 802 130 XXVH.
851 95 912 138 (A.
940 94 1004 130 eh.
1030 94 1126 137 209.)
1499 95 1552 134 83

116 237 244 274 orare,
276 226 322 262 ut
350 223 538 261 transitio
569 223 645 260 sibi
685 235 756 260 nec
787 221 919 258 fraudi
950 221 1058 270 apud
1089 234 1177 258 eum
1208 233 1279 257 nec
1311 219 1455 257 honori
1488 220 1549 257 sit.

119 295 269 343 Quales
301 307 347 332 ex
377 294 451 332 hac
478 294 543 332 die
561 294 810 344 experiundo
837 294 1029 341 cognorit,
1060 291 1227 343 perinde
1253 304 1383 341 operae
1416 300 1552 328 eorum

116 367 294 418 pretium
323 366 456 404 faciat.
531 366 597 404 Ita
627 379 790 416 prorsus
830 365 1046 414 respondet
1090 364 1288 401 facturum
1329 361 1614 409 Romanus,15

116 452 188 476 nec
218 451 292 488 pro
323 437 544 486 transfugis
575 437 830 484 habiturum,
870 436 939 486 qui
989 449 1068 474 non
1102 435 1290 472 duxerint
1321 434 1551 472 societatem

118 513 260 557 ratam,
299 509 370 546 ubi
399 521 472 546 nec
503 509 631 546 divini
662 508 874 558 quicquam
920 521 993 545 nec
1038 507 1201 545 humani
1231 509 1411 544 sanctum
1442 509 1555 543 esset.

119 580 333 620 Productae
365 581 509 618 deinde
537 581 579 617 in
611 582 865 629 conspectum
898 579 948 616 iis
983 579 1171 628 coniuges
1205 578 1403 627 liberique
1436 577 1625 614 lacri-16

118 653 318 691 mantibus
364 653 512 701 gaudio
544 652 779 697 redduntur,
811 653 930 700 atque
971 664 1015 688 eo
1061 651 1124 688 die
1156 651 1196 688 in
1227 649 1450 699 hospitium
1483 649 1549 685 ab·

119 725 248 772 ducti3
281 727 440 775 postero
473 724 539 761 die
570 724 718 761 foedere
744 725 906 772 accepta
929 722 1040 770 fides,
1073 723 1304 772 dimissique
1339 721 1389 759 ad
1422 722 1556 770 copias
1579 721 1625 756 17

119 796 388 835 adducendas.
440 795 588 833 Iisdem
620 795 765 832 deinde
798 795 942 832 castris
972 795 1201 841 tendebant,
1233 794 1357 832 donec
1389 793 1556 830 ducibus

121 869 170 906 iis
201 868 252 906 ad
282 868 441 905 hostem
474 870 706 917 perventum
740 870 810 905 est.

234 940 452 977 Proximus
485 938 879 988 Carthaginiensium
912 939 1109 975 exercitus
1132 937 1402 974 Hasdrubalis
1434 950 1562 986 prope
1637 932 1685 979 18

120 1012 261 1050 urbem
291 1011 493 1048 Baeculam
532 1015 628 1048 erat.
675 1010 756 1047 Pro
779 1009 919 1047 castris
937 1010 1115 1059 equitum
1134 1010 1325 1047 stationes
1342 1008 1555 1045 habebant.

120 1083 170 1121 In
202 1097 267 1121 eas
305 1083 450 1120 velites
491 1083 826 1132 antesignanique
866 1084 905 1118 et
948 1082 1014 1130 qui
1055 1081 1176 1131 primi
1223 1080 1396 1129 agminis
1438 1079 1601 1124 erana?

122 1155 383 1193 advenientes
400 1168 447 1192 ex
465 1155 623 1201 itinere,
654 1155 887 1204 priusquam
914 1153 1056 1191 castris
1083 1154 1214 1190 locum
1233 1156 1432 1202 caperent.v
1461 1151 1559 1188 adeo

122 1227 380 1277 contemptim
399 1227 590 1276 impetum
608 1228 798 1272 fecerunt,
825 1229 869 1263 ut
885 1225 1001 1263 facile
1028 1228 1252 1274 appareret,
1285 1224 1383 1273 quid
1399 1223 1560 1272 utrique

123 1299 229 1349 parti
246 1299 468 1336 animorum
485 1301 600 1337 esset.
657 1298 706 1335 In
734 1301 865 1335 castra
881 1297 1039 1347 trepida
1060 1297 1156 1345 fuga
1183 1296 1380 1345 compulsi
1412 1295 1566 1344 equites
1584 1297 1606 1330 25

121 1374 215 1409 sunt
245 1371 439 1420 signaque
470 1371 653 1408 Romana
683 1370 811 1419 portis
843 1383 968 1419 prope
1000 1368 1098 1418 ipsis
1131 1368 1258 1405 illata.
1313 1367 1452 1417 Atque
1484 1367 1557 1404 illo
1576 1367 1599 1401 4

124 1442 285 1492 quidem
318 1442 393 1490 die,
425 1442 596 1480 irritatis
627 1445 782 1480 tantum
815 1441 864 1478 ad
898 1444 1099 1478 certamen
1132 1439 1287 1487 animis,
1320 1443 1450 1477 castra
1480 1439 1559 1476 Ro-

124 1514 232 1552 mani
260 1518 499 1564 posuerunt;
537 1517 652 1551 nocte
684 1513 918 1551 Hasdrubal
949 1514 990 1550 in
1021 1512 1218 1550 tumulum
1252 1511 1386 1561 copias
1419 1510 1563 1559 recipit
1583 1509 1604 1544 5

122 1586 243 1636 plano
275 1599 412 1635 campo
458 1586 499 1623 in
545 1599 696 1623 summo
743 1589 972 1635 patentem,
1018 1583 1162 1621 fluvius
1209 1583 1258 1620 ab
1297 1586 1423 1631 tergo,
1470 1584 1561 1619 aute

125 1657 311 1707 circaque
355 1657 467 1695 velut
510 1658 599 1707 ripa
644 1670 822 1707 praeceps
869 1670 978 1694 oram
1032 1656 1117 1693 eius
1164 1668 1317 1692 omnem
1365 1654 1561 1702 cingebat.

126 1728 301 1767 Suberat
317 1733 357 1766 et
373 1729 501 1766 altera
516 1729 682 1766 inferior
699 1729 906 1767 summissa
933 1728 1097 1777 fastigio
1115 1727 1327 1778 planities3
1355 1739 1440 1763 eam
1466 1738 1560 1774 quo·
1581 1724 1603 1760 6

125 1814 202 1851 que
232 1801 361 1839 altera
392 1801 554 1851 crepido
585 1801 691 1839 haud
722 1801 895 1838 faciliori
919 1800 1111 1838 adscensu
1136 1799 1323 1836 ambibat.
1382 1797 1431 1834 In
1457 1796 1601 1834 hunc7

125 1873 357 1910 inferiorem
390 1886 574 1923 campum
604 1876 764 1923 postero
791 1873 853 1910 die
869 1872 1115 1917 Hasdrubal,
1148 1874 1360 1920 postquam
1391 1871 1562 1907 stantem

125 1958 198 1996 pro
230 1945 369 1983 castris
400 1945 576 1983 hostium
608 1945 732 1983 aciem
773 1944 887 1992 vidit,
927 1944 1080 1993 equites
1112 1941 1307 1981 Numidas
1338 1941 1565 1990 leviumque

125 2030 327 2055 armorum
357 2016 539 2055 Baliares
587 2020 626 2054 et
670 2016 796 2055 Afros
842 2016 1011 2054 demisit.
1088 2014 1225 2063 Scipio
1272 2013 1607 2050 circumvectus&

127 2089 289 2127 ordines
306 2089 499 2138 signaque
516 2088 753 2127 ostendebat
769 2089 934 2135 hostem,
949 2086 1223 2138 praedamnata
1239 2099 1307 2135 spe
1325 2098 1437 2135 aequo
1451 2085 1563 2122 dimi-

126 2161 246 2199 candi
276 2174 414 2212 campo
447 2162 670 2210 captantem
702 2161 895 2208 tumulos,
940 2159 1018 2198 loci
1062 2157 1228 2207 fiducia,
1275 2170 1355 2194 non
1398 2156 1563 2194 virtutis

127 2246 406 2282 armorumque
437 2235 541 2270 stare
572 2233 613 2270 in
646 2235 879 2282 conspectu3
919 2230 988 2269 sed
1020 2230 1168 2268 altiora
1198 2228 1344 2266 moenia
1376 2228 1563 2265 habuisse

129 2304 424 2354 Carthaginem,
456 2317 543 2354 quae
571 2303 886 2342 transcendisset
903 2303 1016 2341 miles
1033 2302 1258 2347 Romanus3
1289 2313 1361 2338 nec
1392 2299 1566 2336 tumulos
1585 2302 1607 2334 9

128 2389 200 2414 1160
232 2389 373 2423 arcem,
405 2389 455 2414 ne
486 2389 593 2414 mare
621 2376 781 2426 quidem
808 2375 930 2413 armis
949 2373 1154 2412 obstitisse
1181 2372 1275 2410 suis.
1321 2370 1390 2408 Ad
1423 2371 1465 2408 id
1481 2371 1564 2407 sore

128 2447 378 2496 altitudines,
409 2461 506 2497 quas
539 2448 747 2498 cepissent,
763 2448 955 2493 hostibus,
986 2449 1031 2484 ut
1054 2459 1125 2495 per
1149 2443 1374 2495 praecipitia
1398 2446 1437 2479 et
1462 2455 1561 2492 prae-

128 2522 248 2570 rupta
265 2520 453 2558 salientes
469 2519 672 2569 fugerent3
705 2533 789 2557 eam
807 2532 966 2569 quoque
990 2531 1030 2555 se
1063 2517 1145 2553 illis
1169 2517 1301 2564 fugam
1327 2514 1568 2552 clausurum·

132 2589 405 2641 Cohortesque
451 2591 549 2629 duas
596 2592 763 2630 alteram
796 2594 933 2628 tenere
978 2591 1111 2627 fauces
1156 2586 1285 2633 vallis,
1331 2600 1402 2636 per
1448 2599 1566 2636 quam
1587 2586 1636 2624 10

132 2662 355 2700 deferretur
386 2663 523 2710 amnis,
556 2662 678 2709 iubet,
710 2663 873 2700 alteram
914 2662 1018 2699 viam
1053 2659 1240 2706 insidere,
1271 2671 1358 2707 quae
1390 2658 1439 2695 ab
1469 2658 1566 2696 urbe

1252 2727 1292 2759 6ss
