1789 2955
533 73 648 107 Liber
674 48 821 107 xxvi.
873 75 931 117 (A.
960 74 1023 108 Oh.
1050 75 1144 119 211.)
1502 78 1550 113 13

114 200 216 238 Inde
233 200 283 237 ad
308 200 440 237 lucum
459 200 640 237 Feroniae
657 201 793 250 pergit
814 201 885 247 ire,
913 201 1107 250 templum
1126 216 1170 239 ea
1187 205 1423 251 tempestate
1442 201 1554 238 incli-

114 274 198 310 tum
225 271 390 308 divitiis.
439 271 659 321 Capenates
677 272 847 321 aliique,
864 274 935 319 qui
951 273 1097 309 accolae
1116 274 1198 310 eius
1218 277 1340 320 erant,
1357 273 1558 322 primitias
1577 276 1600 309 9

113 344 272 392 frugum
304 356 348 380 eo
380 343 562 393 donaque
593 344 673 380 alia
704 357 779 393 pro
812 344 926 393 copia
958 348 1176 393 portantes,
1209 345 1334 382 multo
1361 358 1457 382 auro
1490 358 1549 381 ar-

114 418 314 465 gentoque
345 414 388 451 id
419 419 651 452 exornatum
689 415 902 453 habebant.
980 415 1037 452 Iis
1084 416 1266 453 omnibus
1308 417 1423 453 donis
1467 420 1552 453 tum

119 487 337 537 spoliatum
352 486 564 536 templum3
597 486 687 531 aeris
705 486 852 532 acervi,
878 500 999 535 quum
1017 487 1163 525 rudera
1187 488 1336 525 milites
1352 488 1552 536 religione

114 559 268 596 inducti
300 559 487 604 iacerent,
517 561 609 608 post
638 558 926 607 profectionem
952 558 1198 597 Hannibalis
1223 560 1357 609 magni
1388 560 1550 597 inventi.

114 631 247 668 Huius
271 630 456 679 spoliatio
481 630 622 679 templi
644 628 750 666 haud
776 629 899 666 dubia
926 630 1030 666 inter
1055 632 1266 680 scriptores
1292 635 1362 670 est.
1407 631 1552 668 Caelius
1572 632 1624 668 10

113 703 282 740 Romam
328 705 484 739 euntem
531 701 580 738 ab
612 701 735 738 Ereto
778 701 994 739 devertisse
1036 715 1079 739 eo
1112 703 1384 740 Hannibalem
1415 703 1552 748 tradit,

116 774 274 823 iterque
307 773 390 811 eius
421 773 470 810 ab
497 772 625 810 Reate
653 772 891 822 Cutiliisque
916 776 955 809 et
986 775 1035 810 ab
1054 772 1268 811 Amiterno
1301 775 1476 812 orditur:
1509 787 1555 810 ex
1575 774 1621 811 11

115 845 332 895 Campania
355 845 396 882 in
414 843 629 890 Samnium,
655 844 746 881 inde
773 844 813 881 in
831 844 1025 894 Pelignos
1052 847 1294 895 pervenisse,
1325 850 1550 896 praeterque

114 917 306 967 oppidum
339 916 569 954 Sulmonem
615 916 655 952 in
697 916 949 953 Marrucinos
995 917 1205 964 transisse,
1252 919 1346 956 inde
1378 918 1549 955 Albensi

113 1002 210 1038 agro
241 989 280 1026 in
309 989 479 1035 Marsos,
523 988 615 1025 hinc
647 987 904 1024 Amiternum
935 988 1187 1038 Forulosque
1220 991 1349 1027 vicum
1381 990 1546 1027 venisse.

113 1061 253 1110 Neque
284 1061 341 1098 ibi
387 1074 498 1098 error
530 1063 599 1105 est,
632 1060 738 1108 quod
770 1059 872 1096 tanti
905 1061 1104 1098 exercitus
1136 1062 1306 1110 vestigia
1336 1062 1442 1098 intra
1472 1065 1552 1098 tam
1573 1062 1622 1098 12

112 1133 245 1170 brevis
270 1133 345 1170 aevi
368 1132 597 1170 memoriam
629 1131 835 1180 potuerint
867 1132 1076 1178 confundi,
1124 1133 1218 1180 (isse
1245 1134 1349 1170 enim
1381 1147 1426 1171 ea
1457 1146 1548 1170 con-

113 1207 227 1254 stat3)
266 1208 421 1241 tantum
452 1204 493 1240 id
526 1204 705 1248 interest,
736 1203 945 1240 veneritne
990 1218 1034 1241 eo
1066 1205 1210 1242 itinere
1243 1206 1291 1242 ad
1331 1206 1470 1242 urbem
1502 1219 1551 1242 an
1573 1206 1622 1242 13

113 1277 162 1314 ab
203 1276 300 1313 urbe
332 1276 372 1313 in
406 1275 663 1324 Campaniam
694 1274 872 1313 redierit.

227 1347 411 1386 Ceterum
429 1360 506 1384 non
525 1349 717 1395 quantum
743 1346 937 1384 Romanis
962 1348 1194 1397 pertinaciae
1222 1348 1271 1384 ad
1296 1348 1550 1397 premendam
1644 1346 1695 1394 12

111 1420 319 1458 obsidione
352 1419 530 1469 Capuam
560 1419 650 1464 fuit,
694 1421 849 1455 tantum
897 1419 946 1456 ad
991 1420 1281 1457 defendendam
1313 1420 1547 1457 Hannibali.

111 1491 294 1540 Namque
319 1503 399 1538 per
432 1491 642 1529 Sammmn
676 1493 715 1527 et·
745 1490 930 1528 Lucanos
978 1492 1017 1528 in
1060 1492 1268 1528 Bruttium
1315 1505 1455 1540 agrum
1501 1492 1594 1529 ad2

110 1563 255 1622 fretum
288 1577 331 1600 ac
363 1563 536 1611 Regium
569 1575 612 1599 eo
651 1575 769 1598 cursu
811 1563 1030 1609 contendit,
1076 1567 1120 1600 ut
1165 1577 1289 1612 prope
1336 1563 1545 1612 repentino

112 1634 287 1672 adventu
317 1635 499 1672 incautos
531 1633 788 1683 oppresserit.
852 1634 990 1684 Capua
1021 1635 1095 1671 etsi
1125 1635 1251 1672 nihilo
1284 1635 1446 1683 segnius
1479 1635 1545 1672 ob·
1566 1638 1588 1673 3

111 1720 217 1744 sessa
246 1720 318 1756 per
350 1720 414 1744 eos
446 1707 529 1743 dies
560 1706 701 1750 fuerat,
746 1708 878 1742 tamen
911 1706 1123 1744 adventum
1157 1707 1294 1743 Flacci
1333 1707 1468 1753 sensit,
1509 1711 1548 1743 et

111 1778 325 1816 admiratio
357 1781 444 1816 orta
475 1781 545 1822 est,
584 1791 663 1814 non
695 1777 813 1813 simul
844 1791 1069 1825 regressum
1101 1779 1383 1816 Hannibalem.
1446 1778 1589 1816 Inde4

110 1863 183 1900 per
214 1849 416 1899 colloquia
446 1849 740 1895 intellexerunt,
785 1849 945 1886 relictos
991 1864 1031 1887 se
1078 1849 1334 1899 desertosque
1367 1854 1405 1887 et
1436 1864 1545 1900 spem

112 1920 258 1970 Capuae
284 1920 502 1958 retinendae
526 1920 774 1969 deploratam
802 1922 909 1970 apud
927 1921 1074 1959 Poenos
1100 1935 1194 1958 esse.
1239 1921 1424 1959 Accessit
1441 1922 1545 1959 edic-
1565 1924 1588 1961 5

109 1995 192 2029 tum
218 1993 500 2042 proconsulum
525 2006 573 2029 ex
595 1995 755 2029 senatus
783 1993 964 2030 consulto
990 1994 1241 2042 propositum
1258 1994 1546 2042 vulgatumque

110 2064 217 2113 apud
247 2065 392 2111 hostes,
421 2067 477 2110 ut,
509 2064 578 2113 qui
611 2064 709 2100 civis
734 2063 959 2113 Campanus
991 2068 1083 2101 ante
1115 2068 1259 2103 certam
1290 2065 1394 2102 diem
1417 2068 1544 2102 trans-

111 2135 216 2181 isset,
255 2135 342 2172 sine
381 2135 521 2172 fraude
562 2139 674 2172 esset.
734 2135 817 2173 Nec
848 2137 931 2173 ulla
961 2137 1067 2173 facta
1108 2140 1167 2173 est
1196 2137 1394 2184 transitio,
1440 2140 1586 2175 metuss

110 2207 235 2256 magis
267 2220 332 2244 eos
364 2220 481 2256 quam
512 2207 591 2244 fide
624 2207 861 2254 continente,
908 2208 1002 2257 quia
1049 2209 1200 2246 maiora
1241 2209 1281 2245 in
1323 2208 1544 2246 defectione

110 2278 377 2328 deliquerant,
410 2292 527 2328 quam
560 2279 706 2327 quibus
737 2279 891 2326 ignosci
922 2283 1066 2328 posset.
1143 2280 1327 2317 Ceterum
1358 2280 1543 2329 quemad·
1563 2282 1585 2316 7

109 2351 270 2388 modum
302 2364 415 2388 nemo
446 2351 605 2400 privato
638 2350 806 2388 consilio
839 2350 889 2386 ad
921 2350 1074 2388 hostem
1105 2352 1315 2398 transibat,
1356 2352 1413 2389 ita
1444 2351 1543 2388 nihil

112 2422 286 2460 salutare
317 2423 357 2460 in
389 2422 559 2460 medium
601 2421 893 2460 consulebatur.
967 2423 1170 2461 Nobilitas
1215 2437 1297 2460 rem
1344 2422 1588 2472 publicamss

111 2495 352 2541 deseruerat,
383 2507 512 2543 neque
544 2494 585 2530 iu
617 2496 795 2530 senatum
843 2494 933 2543 cogi
966 2498 1171 2543 poterant;
1234 2496 1274 2532 in
1306 2495 1544 2543 magistratu

111 2569 208 2611 erat,
257 2566 435 2615 quinon
467 2565 544 2602 sibi
575 2565 765 2602 honorem
807 2566 1028 2612 adiecisset,
1073 2566 1142 2603 sed
1190 2566 1428 2614 indignitate
1474 2579 1544 2603 sua

109 2636 191 2675 vim
239 2649 284 2674 ac
328 2637 389 2674 ius
435 2637 703 2685 magistratui,
751 2650 865 2686 quem
914 2639 1089 2685 gerebat,
1137 2637 1387 2687 dempsisset.
1463 2638 1548 2675 Iam
1568 2638 1591 2674 9
