1789 2955
263 110 348 151 222

715 919 963 970 Liber
1020 919 1227 969 xxv.
1284 886 1287 889 ’

257 1124 374 1188 Dum
406 1152 492 1189 haec
523 1152 565 1187 in
597 1151 732 1188 Africa
765 1158 886 1200 atque
918 1153 959 1188 in
992 1152 1191 1201 Hispania
1221 1157 1426 1201 geruntur,
1464 1152 1670 1189 Hannibal

257 1224 298 1260 in
330 1235 428 1272 agro
453 1222 676 1259 Sallentino
710 1229 890 1260 aestatem
923 1224 1174 1272 consumpsit
1206 1236 1277 1273 spe
1301 1236 1372 1272 per
1395 1224 1670 1273 proditionem

258 1295 364 1331 urbis
383 1293 696 1330 Tarentinorum
713 1294 936 1342 potiundae.
983 1294 1167 1343 Ipsorum
1184 1295 1341 1331 interim
1360 1295 1670 1330 Sallentinorum

217 1364 456 1414 flignobiles
479 1364 598 1400 urbes
622 1364 676 1399 ad
699 1376 790 1400 eum
816 1364 1066 1401 defecerunt.
1114 1364 1275 1401 Eodem
1300 1371 1483 1414 tempore
1499 1366 1540 1401 in
1557 1364 1670 1401 Brut-

257 1437 319 1472 tiis
344 1448 392 1471 ex
416 1434 636 1471 duodecim
661 1434 833 1483 populis,
863 1435 930 1483 qui
955 1447 1064 1471 anno
1090 1436 1223 1483 priore
1249 1436 1303 1471 ad
1320 1436 1470 1472 Poenos
1489 1436 1669 1472 descive-

255 1512 357 1550 rant,
389 1504 629 1541 Consentini
657 1511 697 1540 et
726 1504 917 1541 Tauriani
948 1506 989 1541 in
1017 1505 1138 1542 fidem
1166 1506 1305 1554 populi
1333 1506 1507 1542 Romani
1538 1506 1669 1542 redie-

215 1574 240 1615 3
255 1582 357 1620 runt,
391 1581 432 1612 et
454 1576 586 1624 plures
610 1575 824 1620 redissent,
858 1577 897 1612 ni
923 1575 972 1612 T.
997 1576 1247 1625 Pomponius
1271 1576 1537 1621 Veientanus,
1570 1588 1670 1625 prae-

255 1647 382 1683 fectus
407 1646 575 1690 socium,
600 1646 804 1695 prosperis
822 1647 974 1694 aliquot
991 1647 1322 1695 populationibus
1339 1647 1380 1682 in
1399 1659 1496 1695 agro
1514 1646 1668 1683 Bruttio

254 1717 344 1754 iusti
377 1717 491 1754 ducis
524 1716 701 1764 speciem
734 1723 889 1762 nactus,
923 1717 1179 1754 tumultuario
1208 1717 1384 1754 exercitu
1408 1722 1554 1754 coacto
1580 1728 1670 1753 cum

213 1786 240 1825 4
255 1787 462 1824 Hannone
486 1787 744 1824 conflixisset.
793 1787 946 1836 Magna
961 1788 1015 1824 ibi
1034 1788 1090 1824 vis
1109 1788 1330 1831 hominum,
1356 1788 1431 1824 sed
1447 1787 1668 1824 inconditae

255 1859 379 1894 turbae
405 1858 621 1906 agrestium
645 1870 945 1906 servorumque,
982 1871 1086 1895 caesa
1111 1864 1180 1894 aut
1204 1864 1323 1907 capta
1348 1863 1408 1894 est
1418 1869 1427 1901 ;
1460 1858 1667 1894 minimum

254 1929 415 1965 iacturae
443 1928 528 1972 fuit,
557 1929 670 1975 quod
696 1928 908 1976 praefectus
936 1930 1038 1965 inter
1066 1935 1224 1966 ceteros
1253 1933 1313 1964 est
1337 1933 1491 1976 captus,
1520 1933 1561 1965 et
1585 1933 1667 1964 tum

254 1999 475 2035 temerariae
499 2010 646 2047 pugnae
672 2004 813 2035 auctor
837 2005 876 2035 et
899 2005 993 2035 ante
1016 1999 1254 2048 publicanus
1273 1998 1459 2035 omnibus
1477 1998 1591 2035 malis
1609 2010 1669 2034 ar-

213 2067 240 2107 ξ)
255 2069 358 2105 tibus
377 2074 415 2104 et
432 2069 488 2104 rei
505 2069 674 2118 publicae
693 2075 733 2105 et
749 2069 1010 2106 societatibus
1026 2069 1174 2106 infidus
1193 2070 1510 2117 damnosusque.
1558 2069 1669 2105 Sem-

255 2140 420 2187 pronius
454 2139 595 2175 consul
627 2140 668 2175 in
700 2138 874 2177 Lucanis
906 2140 1030 2175 multa
1061 2140 1202 2188 proelia
1234 2151 1370 2188 parva,
1403 2139 1514 2175 haud
1545 2139 1668 2175 ullum

255 2210 422 2257 dignum
446 2216 671 2245 memoratu
695 2210 788 2246 secit
805 2215 845 2246 et
860 2210 1054 2258 ignobilia
1072 2210 1226 2258 oppida
1243 2209 1498 2246 Lucanorum
1517 2210 1671 2258 aliquot

255 2280 511 2328 expugnavit.

214 2348 239 2388 6
374 2349 467 2396 Quo
508 2350 656 2386 diutius
696 2351 926 2387 trahebatur
964 2351 1125 2394 bellum,
1166 2356 1206 2387 et
1236 2351 1445 2387 variabant
1476 2350 1667 2386 secundae

255 2421 515 2468 adversaeque
540 2432 603 2457 res
627 2432 711 2456 non
736 2420 938 2457 fortunam
962 2421 1090 2469 magis
1114 2433 1236 2468 quam
1261 2420 1418 2456 animos
1444 2420 1666 2464 hominum,

255 2497 368 2527 tanta
391 2491 546 2539 religio,
572 2496 611 2527 et
635 2503 684 2527 ea
701 2503 850 2540 magna
868 2503 915 2527 ex
933 2497 1047 2539 parte
1065 2496 1243 2534 externa,
1270 2490 1470 2527 civitatem
1486 2490 1664 2535 incessit,

216 2558 237 2598 7
255 2567 297 2596 ut
320 2566 389 2596 aut
411 2561 597 2598 homines
621 2567 689 2597 aut
712 2562 779 2597 dei
802 2566 970 2609 repente
993 2561 1058 2596 alii
1082 2561 1311 2597 viderentur
1328 2559 1436 2597 sacti.
1484 2559 1569 2597 Nec
1586 2561 1685 2611 iam·

255 2630 295 2666 in
314 2636 470 2667 secreto
489 2631 616 2667 modo
634 2636 754 2679 atque
771 2631 874 2667 intra
891 2631 1064 2679 parietes
1082 2631 1348 2667 abolebantur
1364 2631 1538 2667 Romani
1556 2631 1665 2676 ritus,
