1789 2955
469 69 585 104 Liber
610 69 779 104 XXVII.
828 70 889 113 (A.
917 70 982 104 Ch.
1008 70 1101 114 208.)
1449 73 1500 111 95

66 198 138 238 sed
161 197 281 235 etiam
304 196 483 246 equitum
507 196 808 234 interfectorum
832 197 913 234 rati
938 198 1183 235 occasionem
1201 197 1391 247 supplicii
1408 198 1502 247 peti.

67 269 232 309 remisso
262 270 370 306 retro
402 268 542 305 nuntio
574 267 759 318 (perfuga
790 271 920 306 autem
952 269 1158 307 Romanus
1191 270 1305 318 erat),
1346 273 1389 306 ut
1420 268 1506 306 sine
1526 269 1546 303 7

68 341 220 380 arbitro
244 339 403 386 milites,
431 352 519 389 quae
545 340 707 389 vellent,
735 343 912 389 agerent,
939 340 1160 390 oppidanos
1184 353 1255 390 per
1281 353 1414 377 muros
1439 354 1502 377 ur-

68 413 210 462 bisque
234 414 461 462 opportuna
486 411 574 449 loca
597 411 638 448 in
664 411 905 449 stationibus
924 412 1161 461 disponunt3
1189 411 1393 449 custodias
1410 412 1509 460 vigi·
1528 412 1552 448 8

70 485 222 534 liasque
238 484 281 521 in
298 496 383 521 eam
399 485 556 520 noctem
574 483 766 520 intentius
785 483 1006 530 instruunt3
1025 484 1129 521 circa
1144 486 1312 532 portam,
1325 497 1404 533 qua
1413 496 1505 521 ven—

68 560 203 594 turum
219 555 373 593 hostem
389 554 594 601 rebantur,
612 555 719 604 quod
735 554 892 592 roboris
910 555 952 592 in
969 555 1157 605 praesidio
1175 559 1271 602 erat,
1288 558 1507 605 opponunt.

69 626 281 667 Hannibal
312 630 455 676 quarta
485 627 628 676 vigilia
658 627 780 664 ferme
813 626 862 664 ad
888 627 1027 664 urbem
1053 628 1230 665 accessit.
1290 626 1419 663 Primi
1443 639 1508 675 ag·
1529 628 1551 662 9

71 700 190 738 minis
221 702 335 737 erant
364 699 541 749 perfugae
571 698 845 736 Romanorum
877 702 917 736 et
947 712 1057 736 arma
1083 699 1266 737 Romana
1296 698 1507 736 habebant.

70 771 121 819 Ii,
139 771 210 808 ubi
233 770 285 809 ad
307 773 465 821 portam
489 774 548 808 est
571 774 744 817 ventum,
768 770 913 808 Latine
936 783 1071 807 omnes
1098 771 1307 820 loquentes
1334 770 1509 808 excitant

70 843 217 892 vigiles
249 843 478 893 aperirique
509 846 666 892 portam
698 843 860 880 iubent:
901 842 1100 879 consulem
1132 842 1279 880 adesse.
1342 842 1514 891 Vigiles,
1536 841 1586 878 1Ο

69 915 182 953 velut
213 914 264 952 ad
294 927 431 952 vocem
462 927 599 952 eorum
631 915 807 961 excitati,
837 914 1090 960 tumultuari,
1120 914 1334 964 trepidare,
1375 914 1508 951 moliri

71 990 239 1037 portam.
300 985 512 1024 Cataracta
544 986 699 1023 deiecta
730 986 864 1024 clausa
895 989 997 1032 erat3
1036 999 1121 1022 eam
1152 985 1299 1035 partim
1330 985 1510 1024 vectibus

71 1059 219 1105 levant,
265 1058 412 1108 partim
451 1058 614 1095 funibus
653 1058 881 1096 subducunt
918 1058 959 1094 in
997 1060 1154 1095 tantum
1186 1057 1428 1111 altitudinis,
1467 1061 1510 1094 ut

73 1130 207 1169 subire
236 1131 338 1168 recti
368 1133 541 1180 possent.
601 1129 780 1168 Vixdum
811 1130 909 1167 satis
941 1130 1107 1179 patebat
1138 1129 1225 1175 iter,
1264 1143 1386 1178 quum
1426 1143 1513 1178 per·
1537 1130 1582 1165 11

73 1203 178 1252 fugae
219 1202 403 1240 certatim
442 1204 566 1239 ruunt
604 1215 675 1252 per
713 1206 890 1252 portam3
938 1204 978 1239 et
1018 1214 1139 1250 quum
1178 1201 1355 1238 sexcenti
1393 1202 1512 1239 ferme

73 1274 305 1321 intrassent,
336 1273 501 1311 remisso
533 1273 638 1320 fune,
671 1287 749 1323 quo
780 1286 970 1323 suspensa
1001 1276 1096 1319 erat,
1137 1276 1340 1310 cataracta
1370 1286 1514 1322 magno

73 1346 208 1384 sonitu
239 1345 396 1384 cecidit.
457 1344 687 1396 Salapitani
711 1346 779 1383 alii
805 1346 994 1395 perfugas
1019 1344 1274 1393 negligenter
1299 1358 1347 1381 ex
1373 1344 1517 1381 itinere
1539 1344 1588 1379 12

74 1431 268 1469 suspensa
295 1418 484 1465 humeris,
523 1421 568 1455 ut
598 1418 703 1455 inter
733 1421 908 1467 pacatos,
949 1420 1133 1466 gerentes
1165 1429 1275 1453 arma
1306 1415 1513 1463 invadunt,

74 1491 148 1528 alii
178 1504 199 1528 e
228 1490 333 1527 turri
363 1490 448 1528 eius
478 1494 604 1540 portae
637 1490 842 1540 murisque
873 1490 991 1536 saxis,
1024 1489 1202 1537 sudibus,
1235 1488 1330 1537 pilis
1363 1488 1514 1525 abster-

74 1566 165 1600 rent
194 1562 360 1601 hostem.
421 1562 487 1600 Ita
518 1562 611 1599 inde
643 1562 851 1599 Hannibal
882 1565 1035 1599 suamet
1075 1561 1160 1610 ipse
1200 1560 1341 1597 fraude
1379 1562 1519 1609 captus
1541 1559 1589 1595 13

75 1634 187 1681 abiit,
217 1634 500 1684 profectusque
526 1634 577 1671 acl
601 1634 823 1671 Locrorum
849 1633 1081 1671 solvendam
1105 1632 1367 1678 obsidionem,
1399 1644 1516 1680 quam

74 1706 125 1745 L.
146 1705 310 1744 Cincius
336 1719 488 1744 summa
510 1706 561 1752 vi,
587 1706 775 1756 operibus
797 1708 1166 1753 tormentorumque
1184 1703 1291 1742 omni
1309 1715 1453 1752 genere
1472 1717 1518 1740 ex

75 1777 219 1816 Sicilia
249 1778 430 1825 advecto,
463 1778 734 1828 oppugnabat.
795 1777 962 1826 Magoni
985 1777 1063 1814 iam
1088 1775 1195 1813 haud
1220 1776 1343 1812 ferme
1367 1774 1520 1821 fidenti,
1542 1775 1590 1811 14

75 1853 324 1888 retenturum
348 1849 683 1899 defensurumque
701 1863 741 1887 se
759 1850 911 1896 urbem,
938 1849 1068 1898 prima
1085 1861 1174 1898 spes
1190 1850 1315 1884 morte
1331 1846 1517 1884 nuntiata

75 1921 261 1960 Marcelli
291 1920 451 1960 affulsit.
510 1920 679 1960 Secutus
711 1921 807 1959 inde
837 1921 1015 1968 nuntius,
1054 1920 1339 1966 Hannibalem,
1377 1917 1516 1956 Numi-
1538 1917 1587 1955 15

78 1993 218 2031 darum
250 1993 433 2043 equitatu
462 1989 680 2043 praemisso,
717 1994 862 2043 ipsum,
893 1996 1084 2043 quantum
1117 1993 1342 2030 accelerare
1372 1993 1518 2040 posset,

77 2078 166 2103 cum
207 2065 389 2115 peditum
429 2066 589 2115 agmine
630 2066 755 2116 sequi.
816 2066 958 2115 Itaque
996 2065 1067 2103 ubi
1107 2065 1281 2114 primum
1312 2062 1519 2108 Numidas,
1540 2065 1588 2100 16

78 2136 188 2175 edito
220 2149 241 2174 e
271 2136 446 2186 speculis
478 2137 605 2187 signo,
636 2137 856 2176 adventare
887 2137 1021 2184 sensit,
1053 2139 1092 2174 et
1121 2136 1207 2186 ipse
1234 2136 1434 2186 patefacta
1457 2147 1517 2171 re-

78 2211 198 2259 pente
228 2211 348 2259 porta
377 2209 489 2247 ferox
521 2209 562 2246 in
592 2208 726 2248 hostes
757 2210 940 2259 erumpit.
1000 2208 1055 2246 Et
1085 2208 1226 2258 primo,
1265 2207 1392 2256 magis
1424 2206 1517 2255 quia

77 2280 298 2331 improviso
339 2279 380 2318 id
417 2280 577 2328 fecerat,
623 2294 741 2331 quam
780 2281 888 2331 quod
925 2294 998 2331 par
1027 2281 1182 2319 viribus
1214 2283 1328 2327 esset,
1373 2291 1517 2328 anceps

79 2355 278 2391 certamen
308 2355 412 2399 erat;
445 2352 604 2400 deinde,
635 2356 681 2390 ut
711 2366 978 2402 supervenere
1000 2352 1198 2402 Numidae,
1231 2354 1365 2389 tantus
1396 2362 1520 2400 pavor
1544 2352 1588 2387 17

77 2423 272 2462 Romanis
303 2426 363 2462 est
392 2424 578 2473 iniectus,
621 2427 667 2462 ut
697 2424 845 2475 passim
877 2424 929 2462 ad
959 2438 1068 2463 mare
1099 2438 1144 2462 ac
1175 2437 1293 2462 naves
1324 2424 1519 2471 fugerent,

77 2495 232 2534 relictis
263 2495 449 2546 operibus
480 2496 767 2547 machinisque,
807 2497 952 2547 quibus
983 2509 1116 2534 muros
1148 2495 1394 2545 quatiebant.
1454 2494 1517 2531 Ita

79 2567 255 2606 adventu
285 2567 530 2607 Hannibalis
560 2569 691 2607 soluta
720 2569 941 2607 Locrorum
972 2568 1129 2606 obsidio
1162 2570 1232 2606 est.

195 2638 406 2690 Crispinus
445 2643 658 2691 postquam
696 2642 739 2679 in
770 2641 954 2679 Bruttios
995 2639 1217 2690 profectum
1248 2638 1522 2677 Hannibalem
1610 2634 1665 2682 29
