1789 2955
533 88 649 123 Liber
675 87 798 122 xxx.
850 89 911 132 (A.
940 87 1004 122 ch.
1031 88 1124 131 202.)
1455 87 1534 127 259

109 217 264 264 Italiae,
298 217 480 255 deductis
521 230 568 253 ex
600 216 830 266 asperrimis
863 215 1083 262 montibus,
1129 215 1172 252 in
1216 227 1324 264 spem
1356 214 1535 252 victoriae

105 292 374 335 ostentantur3
406 289 568 326 Mauros
597 288 870 337 Numidasque
897 287 1124 324 Masinissae
1154 287 1365 336 impotenti
1395 287 1530 324 futuro
1552 285 1603 322 lO

104 360 310 399 dominatu
333 364 475 406 terret,
508 360 599 398 aliis
634 360 722 397 aliae
749 372 837 408 spes
871 372 916 396 ac
945 362 1072 396 metus
1096 359 1308 396 iactantur.
1372 357 1537 395 Cartha·
1558 356 1606 393 11

105 432 356 482 giniensibus
401 432 548 469 moenia
592 431 756 481 patriae,
802 430 843 468 di
873 434 1056 480 penates,
1102 431 1285 480 sepulcra
1329 430 1534 475 maiorum,

104 504 223 542 liberi
256 517 343 541 cum
375 503 609 553 parentibus
642 503 908 552 coniugesque
932 502 1099 552 pavidae,
1131 505 1200 539 aut
1225 501 1424 538 excidium
1455 513 1535 538 ser-

103 576 328 625 vitiumque
361 578 430 613 aut
460 574 671 624 imperium
704 575 812 612 orbis
843 577 1053 621 terrarum,
1083 574 1184 611 nihil
1216 577 1284 610 aut
1315 573 1355 610 in
1387 576 1534 609 metum

102 651 170 685 aut
199 648 240 684 in
272 661 380 697 spem
412 646 596 693 medium,
629 650 862 684 ostentatur.

216 719 347 767 Quum
394 719 566 757 maxime
612 718 697 756 haec
750 719 966 768 imperator
1019 717 1123 768 apud
1170 716 1535 765 Carthaginienses,
1554 716 1604 753 12

100 790 220 829 duces
254 804 415 829 suarum
446 791 625 840 gentium
658 791 762 828 inter
794 791 1025 841 populares,
1056 791 1248 840 pleraque
1293 801 1364 838 per
1411 787 1532 824 inter-

98 867 230 914 pretes
263 863 369 900 inter
396 863 600 900 immixtos
626 862 865 912 alienigenis
891 865 1064 911 agerent,
1094 862 1201 899 tubae
1229 873 1454 909 cornuaque
1482 858 1532 896 ab

99 934 298 972 Romanis
330 935 574 981 cecinerunt,
607 938 823 984 tantusque
854 935 1001 971 clamor
1026 937 1149 983 ortus,
1182 937 1224 970 ut
1257 931 1461 981 elephanti
1494 931 1533 968 in
1556 930 1606 968 13

104 1019 206 1056 suos.
229 1007 435 1044 sinistrum
459 1007 630 1043 maxime
649 1020 782 1053 cornu,
798 1009 1058 1052 verterentur,
1073 1005 1238 1042 Mauros
1263 1017 1307 1041 ac
1325 1003 1531 1042 Numidas.

97 1078 276 1117 Addidit
309 1078 427 1116 facile
459 1078 673 1115 Masinissa
704 1078 898 1128 perculsis
929 1081 1141 1125 terrorem,
1189 1076 1434 1125 nudavitque
1480 1074 1530 1112 ab

98 1164 145 1188 ea
189 1153 306 1200 parte
353 1151 477 1188 aciem
525 1151 698 1200 equestri
745 1150 907 1188 auxilio.
971 1149 1115 1186 Paucae
1148 1151 1280 1185 tamen
1312 1146 1531 1184 bestiarum
1552 1145 1602 1183 14

97 1221 310 1272 intrepidae
343 1222 383 1259 in
414 1222 566 1259 hostem
598 1225 697 1259 actae
730 1222 833 1259 inter
863 1222 1028 1259 velitum
1069 1219 1228 1258 ordines
1267 1232 1354 1256 cum
1392 1217 1531 1255 multis

95 1295 177 1333 suis
207 1294 443 1332 vulneribus
473 1293 675 1342 ingentem
708 1297 880 1343 stragem
913 1293 1096 1331 edebant.
1148 1291 1391 1343 Resilientes
1427 1289 1531 1327 enim
1552 1289 1602 1328 15

96 1367 146 1404 ad
177 1365 405 1415 manipulos
436 1364 590 1411 velites,
623 1377 744 1414 quum
769 1365 874 1403 viam
900 1365 1136 1414 elephantis,
1166 1377 1214 1400 ne
1240 1363 1529 1407 obtererentur,

94 1438 294 1485 fecissent,
326 1437 367 1474 in
399 1437 595 1487 ancipites
627 1437 676 1474 ad
708 1437 829 1475 ictum
860 1437 1050 1487 utrinque
1087 1435 1353 1473 coniiciebant
1383 1434 1530 1478 hastas,

96 1523 168 1547 nec
186 1510 272 1559 pila
288 1509 338 1547 ab
366 1509 640 1558 antesignanis
664 1508 883 1555 cessabant,
912 1510 1036 1547 donec
1058 1508 1236 1558 undique
1260 1506 1528 1545 incidentibus
1550 1506 1599 1542 16

93 1581 186 1620 telis
227 1581 358 1619 exacti
400 1595 446 1618 ex
485 1581 668 1618 Romana
710 1580 794 1618 acie
838 1581 882 1617 hi
923 1594 1082 1630 quoque
1128 1580 1169 1617 in
1209 1593 1300 1618 suos
1343 1580 1529 1616 dextrum

94 1667 230 1701 cornu,
270 1653 379 1703 ipsos
422 1651 776 1701 Carthaginienses
823 1652 997 1702 equites,
1043 1652 1085 1689 in
1130 1652 1265 1700 fugam
1309 1652 1527 1688 verterunt.

92 1725 245 1764 Laelius
276 1729 321 1762 ut
350 1724 535 1763 turbatos
565 1724 671 1761 vidit
701 1724 846 1771 hosteS,
878 1724 1036 1761 addidit
1066 1724 1260 1775 perculsis
1290 1726 1496 1761 terrorem.

207 1796 413 1846 Utrinque
444 1796 596 1833 nudata
628 1796 761 1845 equit-e
794 1799 878 1833 erat
910 1796 1067 1834 Punica
1098 1796 1214 1843 acies,
1246 1808 1367 1844 quum
1404 1793 1526 1844 pedes
1614 1788 1671 1838 34

92 1869 308 1916 concurrit,
339 1881 411 1906 nec
443 1881 512 1917 spe
543 1881 615 1905 nec
647 1868 800 1904 viribus
826 1868 902 1904 iam
928 1882 1011 1918 par.
1059 1867 1128 1906 Ad
1153 1868 1228 1905 hoc
1257 1866 1366 1904 dictu
1393 1879 1527 1917 parva,

91 1941 160 1980 sed
190 1953 337 1989 magna
369 1939 506 1977 eadem
539 1939 579 1976 in
610 1953 652 1976 re
690 1939 865 1988 gerenda
889 1943 1088 1977 momenta
1114 1952 1336 1989 congruens
1376 1939 1526 1976 clamor

91 2014 141 2052 ab
158 2013 354 2051 Romanis
385 2024 512 2061 eoque
542 2012 667 2049 maior
699 2015 737 2048 et
766 2011 1002 2058 terribilior,
1034 2011 1202 2049 dissonae
1233 2011 1327 2057 illis,
1358 2013 1403 2048 ut
1433 2023 1526 2059 gen-

88 2085 190 2123 tium
207 2085 428 2122 multarum
446 2082 770 2133 discrepantibus
803 2083 971 2132 linguis,
1013 2095 1139 2126 voces,
1178 2095 1315 2132 pugna
1346 2081 1568 2120 Romana2

92 2156 252 2196 stabilis
283 2159 325 2193 et
354 2168 424 2193 suo
457 2158 496 2192 et
521 2167 719 2193 armorum
743 2154 921 2205 pondere
946 2155 1259 2192 incumbentium
1291 2154 1332 2191 in
1362 2154 1528 2200 hostem,

94 2228 351 2267 concursatio
384 2230 423 2265 et
452 2226 646 2265 velocitas
677 2226 790 2264 illinc
816 2227 942 2264 maior
969 2239 1086 2277 quam
1117 2226 1189 2264 vis.
1237 2226 1369 2275 Igitur
1399 2225 1528 2276 primo
1547 2225 1570 2262 3

90 2301 243 2351 impetu
273 2299 473 2349 extemplo
504 2310 663 2335 movere
695 2298 782 2337 loco
821 2298 996 2336 hostium
1035 2298 1161 2336 aciem
1199 2297 1383 2335 Romani.
1443 2296 1526 2334 Ala

92 2371 237 2410 deinde
264 2374 304 2409 et
330 2370 572 2409 umbonibus
595 2370 814 2421 pulsantes,
840 2370 882 2407 in
909 2373 1124 2408 summotos
1149 2370 1277 2419 gradu
1302 2369 1427 2418 illato,
1453 2369 1524 2405 ali-

92 2447 285 2494 quantum
319 2443 441 2494 spatii
468 2442 581 2480 velut
608 2442 721 2479 nullo
748 2442 958 2480 resistente
990 2442 1195 2488 incessere,
1227 2441 1464 2490 urgentibus
1490 2440 1570 2478 et4

90 2515 314 2553 novissimis
338 2514 503 2565 primos,
537 2517 582 2551 ut
608 2513 727 2551 semel
754 2517 898 2552 motam
924 2513 1049 2551 aciem
1077 2526 1244 2560 sensere,
1269 2513 1375 2562 quod
1392 2513 1523 2562 ipsum

88 2586 169 2624 vim
210 2599 396 2635 magnam
435 2586 486 2623 ad
524 2584 755 2635 pellendum
796 2585 953 2623 hostem
995 2584 1180 2623 addebat.
1242 2583 1368 2634 Apud
1398 2584 1570 2622 hostes5

87 2657 304 2696 auxiliares
352 2657 535 2695 cedentes
581 2656 756 2694 secunda
801 2656 928 2703 acies,
959 2655 1055 2694 Afri
1087 2659 1126 2693 et
1158 2655 1520 2705 Carthaginienses,

1180 2725 1244 2758 17*
