1768 2943
240 92 295 133 70
663 91 766 122 Liber
791 91 901 122 XXII.
937 90 991 133 (A.
1020 102 1051 123 u.
1077 102 1106 124 e.
1133 91 1227 134 537.)

232 222 432 272 promissa
463 223 582 259 rebus
606 222 864 268 affirmarent,
897 223 1110 272 iussosque
1135 236 1226 260 cum
1250 223 1426 273 pluribus
1451 230 1491 260 et
1513 225 1652 273 aliqui-

189 292 217 333 5
234 293 308 329 bus
335 292 560 342 principum
587 293 718 330 redire
745 294 801 330 ad
824 306 867 330 se
892 294 1055 331 dimisit.
1103 295 1195 344 Ipse
1211 294 1383 344 imperat
1406 295 1512 339 duci,
1541 300 1583 331 ut
1609 307 1652 331 se

233 363 275 400 in
307 375 448 412 agrum
482 362 716 400 Casinatem
749 364 884 408 ducat,
926 365 1097 401 edoctus
1130 377 1153 401 a
1185 365 1322 413 peritis
1353 365 1578 413 regionum,
1620 365 1651 401 si

234 446 325 470 eum
353 435 498 471 saltum
521 440 776 483 occupasset,
811 435 959 471 exitum
977 435 1165 472 Romano
1199 436 1253 471 ad
1287 447 1408 483 opem
1442 435 1652 472 ferendam

193 504 356 545 &sociis
388 505 714 548 interclusurum;
749 506 824 542 sed
855 505 1049 542 Punicum
1082 506 1305 542 abhorrens
1338 506 1389 541 ab
1417 505 1653 542 Latinorum

233 575 444 612 nominum
475 575 807 623 pronuntiatione
840 588 892 619 os,
935 576 1157 613 Casilinum
1190 588 1264 625 pro
1298 575 1450 612 Casino
1491 576 1572 612 dux
1612 584 1654 612 ut

234 646 449 694 acciperet,
490 645 597 690 fecit,
641 658 886 694 aversusque
926 648 976 683 ab
1017 659 1090 683 suo
1133 647 1275 683 itinere
1307 658 1378 695 per
1412 645 1654 682 Callifanum

236 716 534 764 Allifanumque
567 721 608 752 et
640 715 836 752 Calenum
869 729 1009 766 agrum
1041 718 1082 753 in
1115 729 1303 765 campum
1336 716 1542 753 Stellatem
1583 717 1653 752 de-

195 786 216 826 7
236 787 408 823 scendit.
457 786 538 823 Ubi
555 798 678 835 quum
695 787 900 823 montibus
919 787 1228 835 fluminibusque
1247 787 1427 823 clausam
1443 787 1655 835 regionem

234 856 596 906 circumspexisset,
637 863 824 894 vocatum
858 858 1004 894 ducem
1042 862 1316 906 percontatur,
1355 858 1422 893 ubi
1461 863 1653 894 terrarum

193 928 217 968 8
235 933 354 965 esset.
404 928 539 974 Quum
561 927 594 965 is
619 927 784 965 Casilini
809 940 859 964 eo
885 928 953 964 die
984 939 1217 964 mansurum
1242 940 1334 963 eum
1358 927 1536 973 dixisset,
1570 934 1654 964 tum

235 999 400 1035 demum
417 998 604 1047 cognitus
623 1004 684 1035 est
701 1010 822 1043 error,
850 1004 890 1034 et
907 997 1100 1035 Casinum
1124 999 1247 1047 longe
1270 998 1368 1034 inde
1386 998 1463 1034 alia
1486 999 1653 1048 regione

194 1068 219 1109 9
235 1079 344 1113 esse;
378 1068 578 1118 virgisque
611 1081 717 1105 caeso
751 1069 856 1105 duce
882 1074 921 1104 et
945 1069 1000 1105 ad
1023 1069 1267 1117 reliquorum
1285 1074 1478 1106 terrorem
1502 1070 1544 1105 in
1568 1081 1654 1106 cru-

236 1153 324 1177 cem
357 1141 530 1185 sublato,
565 1139 705 1177 castris
733 1139 1003 1184 communitis,
1037 1139 1316 1176 Maharbalem
1339 1151 1429 1176 cum
1453 1139 1653 1187 equitibus

167 1210 275 1251 lOin
317 1223 458 1260 agrum
498 1211 712 1247 Falernum
753 1210 979 1259 praedatum
1021 1210 1184 1246 dimisit.
1246 1209 1388 1258 Usque
1430 1211 1485 1246 ad
1528 1222 1653 1258 aquas

236 1281 503 1319 Sinuessanas
527 1280 737 1330 populatio
763 1293 812 1316 ea
836 1281 1029 1329 pervenit.
1077 1281 1290 1330 Ingentem
1315 1281 1487 1325 cladem,
1518 1280 1655 1329 fugam

168 1352 216 1391 11
237 1357 374 1389 tamen
406 1357 682 1400 terroremque
715 1351 831 1388 latius
864 1350 1050 1389 Numidae
1091 1351 1290 1396 fecerunt;
1330 1363 1408 1388 nec
1445 1356 1583 1388 tamen
1622 1351 1654 1388 is

235 1428 375 1468 terror,
400 1435 522 1471 quum
540 1422 678 1460 omnia
694 1422 800 1459 bello
820 1421 1048 1471 flagrarent,
1073 1422 1154 1459 fide
1179 1423 1314 1460 socios
1339 1422 1520 1468 dimovit,
1546 1421 1656 1459 vide-

237 1493 329 1530 licet
361 1493 455 1542 quia
486 1493 592 1530 iusto
626 1498 666 1529 et
697 1493 912 1530 moderato
937 1494 1182 1542 regebantur
1205 1494 1374 1543 imperio
1403 1506 1479 1530 nec
1504 1494 1656 1530 abnue-

235 1564 346 1609 bant,
380 1565 494 1613 quod
525 1576 649 1600 unum
680 1564 881 1601 vinculum
913 1564 1007 1601 fidei
1041 1570 1114 1610 est,
1147 1565 1379 1602 melioribus
1411 1577 1565 1613 parere.

126 1632 174 1677 Ι4
354 1635 410 1672 Ut
441 1648 550 1680 vero,
583 1639 800 1684 postquam
837 1636 891 1671 ad
925 1636 1163 1673 Vulturnum
1205 1637 1353 1672 flumen
1394 1640 1525 1672 castra
1564 1640 1657 1672 sunt

236 1706 382 1755 posita,
417 1706 657 1743 exurebatur
689 1706 986 1743 amoenissimus
1008 1706 1131 1744 Italiae
1165 1720 1261 1756 ager
1294 1707 1472 1754 villaeque
1505 1706 1656 1755 passim

235 1777 436 1814 incendiis
468 1777 691 1820 fumabant,
725 1789 796 1825 per
827 1777 921 1826 iuga
949 1777 1112 1815 Massici
1138 1779 1288 1815 montis
1311 1777 1439 1814 Fabio
1465 1777 1654 1820 ducente,

200 1848 323 1888 2tum
356 1860 484 1897 prope
518 1849 570 1884 de
594 1849 753 1897 integro
777 1848 926 1885 seditio
949 1860 1142 1893 accensa;
1176 1849 1412 1897 quieverant
1445 1847 1552 1883 enim
1584 1860 1656 1896 per

235 1931 391 1968 paucos
416 1919 518 1963 dies,
552 1919 658 1967 quia,
692 1931 814 1967 quum
841 1919 1009 1956 celerius
1033 1920 1152 1956 solito
1177 1920 1343 1956 ductum
1361 1930 1509 1966 agmen
1534 1923 1653 1962 esset,

237 1989 416 2026 festinari
441 1990 496 2026 ad
519 1989 818 2038 prohibendam
835 1990 1166 2038 populationibus
1186 1988 1452 2039 Campaniam
1470 1989 1655 2025 credide-

199 2058 339 2099 3rant.
403 2059 459 2097 Ut
490 2072 585 2097 vero
618 2059 659 2096 in
692 2065 870 2096 extrema
902 2060 996 2109 iuga
1027 2059 1191 2097 Massici
1224 2059 1373 2096 montis
1406 2064 1582 2103 ventum,
1617 2064 1656 2095 et

238 2133 375 2169 hostes
408 2132 481 2168 sub
515 2131 642 2168 oculis
670 2137 784 2167 erant
808 2131 965 2167 Falerni
990 2130 1075 2179 agri
1108 2131 1430 2178 colonorumque
1453 2130 1654 2167 Sinuessae

197 2201 343 2240 4tecta
374 2207 550 2246 urentes,
582 2213 660 2238 nec
684 2201 762 2237 ulla
786 2207 872 2237 erat
895 2201 1048 2237 mentio
1072 2213 1233 2250 pugnae,
1266 2201 1524 2249 «Spectatum
1547 2200 1649 2236 huc»

236 2272 365 2321 inquit
377 2272 590 2316 Minucius,
611 2286 627 2306 «
637 2276 680 2308 ut
693 2272 747 2307 ad
759 2284 844 2308 rem
861 2272 1076 2308 fruendam
1091 2271 1230 2315 oculis,
1246 2271 1448 2308 sociorum
1466 2271 1600 2307 caedes
1615 2276 1654 2306 et

236 2343 428 2380 incendia
444 2340 653 2379 venimus?
686 2354 775 2386 nec,
804 2343 835 2378 si
859 2342 1004 2379 nullius
1029 2342 1190 2379 alterius
1214 2353 1304 2386 nos,
1337 2354 1390 2378 ne
1408 2341 1551 2378 civium
1569 2340 1654 2388 qui-

237 2415 333 2450 dem
364 2414 506 2450 horum
546 2413 685 2461 pudet,
726 2424 829 2460 quos
868 2413 1101 2449 Sinuessam
1141 2413 1313 2449 colonos
1351 2417 1485 2460 patres
1527 2410 1653 2448 nostri

196 2482 442 2529 5miserunt‚
475 2489 518 2520 ut
550 2483 601 2519 ab
634 2482 813 2519 Samnite
851 2483 969 2519 hoste
1007 2487 1091 2518 tuta
1133 2483 1219 2519 haec
1258 2494 1330 2518 ora
1369 2486 1488 2525 esset,
1532 2493 1652 2529 quam

237 2565 345 2591 nunc
376 2566 461 2590 non
493 2554 645 2591 vicinus
669 2553 828 2590 Samnis
853 2553 940 2598 urit,
969 2553 1044 2589 sed
1068 2553 1216 2589 Poenus
1244 2553 1417 2596 advena,
1446 2552 1497 2588 ab
1526 2555 1653 2587 extre-

238 2624 312 2661 mis
345 2624 452 2662 orbis
486 2630 678 2661 terrarum
709 2623 888 2660 terminis
921 2628 1059 2660 nostra
1098 2622 1358 2659 cunctatione
1391 2627 1432 2658 et
1463 2621 1654 2659 socordia
