1789 2955
261 102 338 139 196
654 96 772 132 Liber
795 95 943 131 XXIX.
991 97 1054 140 (A.
1080 107 1114 130 u.
1140 106 1169 131 c.
1194 96 1290 140 550.)

186 226 239 264 14
255 229 300 264 ut
330 226 468 264 volens
499 225 760 276 propitiaque
791 224 930 262 urbem
960 223 1181 261 Romanam
1213 223 1345 270 iniret,
1377 225 1419 263 in
1449 225 1575 263 aedem
1591 225 1685 265 Vic-

255 298 382 345 toriae,
412 310 498 348 quae
531 301 590 334 est
615 296 655 333 in
672 296 843 343 Palatio,
873 295 1076 346 pertulere
1094 295 1208 333 deam
1239 296 1368 345 pridie
1394 297 1485 336 idus
1501 297 1687 348 Apriles3

255 371 369 420 isque
400 369 484 406 dies
515 369 638 406 festus
670 368 757 406 fuit.
817 367 997 418 Populus
1028 368 1214 417 frequens
1247 367 1352 406 dona
1382 368 1465 407 deae
1497 370 1539 407 in
1569 369 1686 408 Pala-

253 442 354 480 tium
369 441 478 488 tulit,
510 441 879 489 lectisterniumque
907 443 946 477 et
972 438 1057 476 ludi
1080 438 1202 486 fuere,
1232 439 1453 490 Megalesia
1476 442 1689 492 appellata.

120 511 169 559 15
372 513 503 560 Quum
523 513 571 551 de
597 513 871 564 supplemento
897 511 1109 560 legionum,
1142 525 1229 561 quae
1261 512 1302 549 in
1325 513 1541 562 provinciis
1566 517 1690 562 erant,

257 588 456 635 ageretur,
488 588 644 635 tempus
680 599 762 623 esse
792 598 814 622 a
839 584 1078 634 quibusdam
1095 583 1349 621 senatoribus
1368 584 1587 623 subiectum
1619 589 1691 634 est,

259 671 347 708 quae
379 657 513 695 dubiis
544 658 584 695 in
614 657 731 695 rebus
754 660 954 706 utcunque
976 655 1148 693 tolerata
1171 659 1314 703 essent,
1346 669 1402 703 ea,
1426 657 1585 707 dempto
1611 658 1691 695 iam

210 730 414 768 2tandem
456 729 573 767 deum
619 729 869 778 benignitate
915 732 1042 776 metu,
1087 742 1167 766 non
1212 728 1318 766 ultra
1363 728 1458 778 pati.
1532 729 1689 768 Erectis

257 802 555 853 exspectatione
574 802 767 852 patribus,
800 802 1064 847 subiecerunt,
1090 800 1266 838 colonias
1282 800 1451 840 Latinas
1469 801 1693 849 duodecim,

258 888 345 925 quae
377 875 425 923 Q.
458 874 587 912 Fabio
634 878 673 911 et
712 873 758 921 Q.
801 874 949 912 Fulvio
997 872 1224 910 consulibus
1270 872 1501 911 abnuissent
1545 873 1692 911 milites

259 947 363 994 dare,
395 960 461 984 eas
492 959 640 984 annum
671 946 750 983 iam
780 946 902 983 ferme
929 948 1083 983 sextum
1106 945 1355 983 vacationem
1387 945 1545 983 militiae
1576 945 1693 996 quasi

219 1019 422 1057 3honoris
455 1021 494 1056 et
523 1017 708 1056 beneficii
746 1032 863 1055 causa
894 1018 1064 1064 habere,
1105 1031 1227 1067 quum
1273 1016 1433 1054 interim
1471 1017 1569 1054 boni
1599 1017 1691 1055 obe-

258 1091 492 1141 dientesque
525 1090 624 1128 socii
640 1103 712 1140 pro
730 1089 808 1127 fide
828 1093 946 1139 atque
970 1089 1165 1139 obsequio
1190 1089 1231 1126 in
1257 1089 1450 1139 populum
1466 1089 1691 1127 Romanum

221 1163 462 1201 4continuis
495 1163 670 1200 omnium
701 1176 894 1200 annorum
933 1162 1145 1199 dilectibus
1185 1161 1371 1199 exhausti
1408 1165 1548 1199 essent.
1609 1160 1692 1199 Sub

257 1235 358 1273 hanc
390 1248 527 1273 vocem
558 1249 637 1273 non
668 1234 860 1272 memoria
891 1235 1016 1283 magis
1048 1234 1229 1285 patribus
1254 1236 1444 1272 renovata
1479 1234 1537 1271 rei
1567 1246 1693 1284 prope

217 1307 240 1343 5
259 1307 340 1345 iam
357 1307 613 1355 oblitteratae,
630 1320 747 1357 quam
764 1307 823 1344 ira
840 1307 997 1345 irritata
1015 1310 1086 1345 est.
1131 1306 1274 1356 Itaque
1291 1305 1394 1343 nihil
1409 1306 1520 1356 prius
1544 1306 1694 1344 referre

261 1380 442 1418 consules
474 1379 581 1430 passi
613 1379 886 1427 decreverunt,
917 1383 961 1416 ut
992 1378 1172 1417 consules
1204 1378 1460 1428 magistratus
1493 1378 1695 1429 denosque

259 1452 461 1503 principes
492 1451 668 1502 Nepete,
716 1451 872 1498 Sutrio,
910 1450 1067 1498 Ardea,
1108 1450 1291 1498 Calibus,
1322 1450 1454 1498 Alba,
1487 1449 1696 1499 Carseolis,

258 1525 370 1573 Sora,
400 1523 558 1572 Suessa,
592 1523 716 1571 Setia,
749 1523 927 1571 Circeiis,
956 1523 1122 1569 Narnia,
1154 1522 1385 1560 Interamna
1416 1522 1492 1572 (hae
1524 1535 1694 1572 namque

219 1595 241 1632 6
262 1597 429 1637 coloniae
461 1598 502 1635 in
534 1610 578 1635 ea
609 1610 726 1634 causa
757 1599 886 1646 erant)
918 1596 1087 1634 Romam
1120 1595 1315 1642 excirent;
1362 1594 1410 1632 iis
1441 1595 1696 1645 imperarent,

260 1673 454 1721 quantum
479 1681 648 1719 quaeque
666 1682 799 1707 earum
827 1668 1072 1706 coloniarum
1098 1667 1271 1705 militum
1287 1667 1504 1718 plurimum
1520 1667 1697 1705 dedisset

257 1742 407 1793 populo
437 1741 633 1788 Romano,
666 1755 715 1779 ex
748 1754 825 1791 quo
857 1740 990 1778 hostes
1020 1740 1063 1777 in
1093 1739 1218 1777 Italia
1265 1744 1414 1787 essent,
1447 1739 1696 1790 duplicatum

260 1815 346 1853 eius
377 1827 539 1852 summae
585 1826 792 1851 numerum
836 1813 1020 1864 peditum
1066 1812 1180 1850 daret
1226 1815 1264 1850 et
1310 1812 1464 1862 equites
1511 1814 1698 1851 centenos

217 1887 436 1934 7vicenos3
470 1887 503 1925 si
535 1899 614 1936 qua
644 1900 734 1924 eum
781 1899 989 1924 numerum
1035 1884 1213 1934 equitum
1251 1885 1412 1935 explere
1443 1897 1522 1923 non
1552 1886 1699 1934 posset,

258 1972 330 2010 pro
363 1959 497 2009 equite
529 1971 607 1996 uno
638 1962 719 1996 tres
749 1958 905 2008 pedites
935 1957 1076 1995 liceret
1117 1956 1230 2004 dare,
1274 1957 1430 2008 pedites
1461 1956 1696 2007 equitesque

260 2044 382 2082 quam
427 2031 733 2081 locupletissimi
778 2031 1026 2080 legerentur,
1074 2029 1425 2080 mitterenturque,
1469 2029 1697 2078 ubicunque

216 2103 240 2140 8
259 2107 370 2142 extra
400 2103 561 2141 Italiam
595 2103 872 2154 supplemento
904 2115 1003 2153 opus
1035 2104 1150 2140 esset.
1212 2101 1256 2139 Si
1302 2101 1372 2151 qui
1415 2114 1463 2138 ex
1501 2101 1554 2139 iis
1584 2114 1695 2138 recu-

261 2178 411 2223 sarent,
438 2175 606 2213 retineri
637 2175 720 2212 eius
766 2174 932 2213 coloniae
964 2173 1222 2224 magistratus
1261 2174 1495 2224 legatosque
1525 2173 1697 2224 placere,

260 2262 412 2299 neque,
458 2247 492 2286 si
536 2247 806 2298 postularent,
853 2250 1033 2284 senatum
1078 2247 1184 2294 dari,
1229 2246 1463 2297 priusquam
1501 2246 1697 2296 imperata

223 2321 462 2359 &fecissent
523 2318 777 2370 Stipendium
815 2322 1009 2369 praeterea
1055 2319 1105 2356 iis
1152 2319 1318 2357 coloniis
1363 2319 1404 2355 in
1449 2318 1575 2356 millia
1605 2317 1696 2356 aeris

264 2406 370 2431 asses
402 2392 580 2442 singulos
613 2391 803 2441 imperari
829 2391 1019 2441 exigique
1047 2391 1272 2440 quotannis,
1305 2403 1543 2441 censumque
1574 2391 1614 2428 in
1644 2390 1695 2428 iis

194 2464 243 2502 10
261 2465 428 2503 coloniis
459 2464 527 2514 agi
559 2477 607 2501 ex
653 2463 824 2501 formula
864 2463 913 2500 ab
944 2463 1136 2501 Romanis
1168 2463 1398 2501 censoribus
1445 2463 1561 2510 data;
1607 2462 1695 2500 dari

262 2540 394 2575 autem
425 2536 584 2587 placere
616 2535 779 2573 eandem
811 2549 928 2586 quam
958 2534 1107 2586 populo
1138 2534 1338 2582 Romano;
1371 2534 1597 2585 deferrique
1613 2534 1693 2573 Ro-

262 2622 367 2647 mam
398 2608 447 2647 ab
480 2607 621 2646 iuratis
653 2607 883 2646 censoribus
908 2607 1166 2654 coloniarum,
1197 2607 1432 2658 priusquam
1459 2608 1695 2657 magistratu

190 2680 236 2718 11
259 2680 432 2719 abirent.
493 2680 555 2718 Ex
588 2681 661 2719 hoc
704 2683 862 2719 senatus
908 2679 1088 2718 consulto
1120 2679 1258 2718 accitis
1288 2679 1457 2718 Romam
1487 2680 1693 2730 magistra-
