1789 2955
559 70 674 106 Liber
700 69 825 105 XXX.
876 71 934 113 (A.
962 70 1025 105 Oh.
1051 71 1143 115 201.)
1487 76 1568 113 267

132 196 324 243 Bruttiis,
356 198 503 246 quibus
530 197 571 234 C.
588 197 726 234 Livius
752 196 885 247 priore
912 210 1014 234 anno
1040 199 1265 246 praefuerat,
1299 199 1488 245 decretae;
1521 198 1566 236 P.

138 268 272 306 AElius
303 272 450 318 praetor
482 268 579 306 duas
611 269 786 317 legiones
813 268 853 305 in
882 267 1023 305 Sicilia
1054 269 1103 306 ab
1130 269 1199 306 Cn.
1224 269 1441 307 Tremellio
1467 270 1567 308 acci-

139 342 272 390 peret3
304 340 409 389 legio
441 353 519 377 una
549 339 603 376 M.
636 339 762 377 Fabio
796 340 837 376 in
871 338 1112 386 Sardiniam,
1144 354 1260 390 quam
1291 341 1339 380 P.
1372 342 1566 379 Lentulus

137 424 210 461 pro
235 415 407 461 praetore
438 411 650 457 habuisset,
683 411 921 450 decernitur.
983 411 1040 448 M.
1071 409 1256 458 Servilio,
1289 413 1436 462 prioris
1469 415 1563 451 anni
1585 414 1607 450 3

127 483 301 530 consuli,
333 496 417 520 cum
450 483 533 521 suis
565 483 719 520 duabus
763 483 859 519 item
892 483 1120 531 legionibus
1164 484 1203 520 in
1235 483 1399 522 Etruria
1428 498 1565 534 proro-

132 557 270 603 gatum
302 555 512 605 imperium
544 559 612 592 est.
675 554 791 601 Quod
824 554 874 591 ad
906 554 1126 604 Hispanias
1166 556 1376 596 attineret,
1410 556 1607 606 aliquot4

136 639 259 664 annos
290 626 369 664 iam
401 627 457 664 ibi
494 627 540 663 L.
574 626 802 664 Cornelium
835 626 1048 663 Lentulum
1092 630 1130 663 et
1163 627 1207 664 L.
1240 627 1437 665 Manlium
1470 627 1564 666 Aci-

134 697 272 735 dinum
304 712 409 744 esse;
455 699 514 735 uti
562 699 743 736 consules
784 711 872 734 cum
903 698 1076 735 tribunis
1118 703 1302 747 agerent,
1347 703 1408 745 ut,
1442 701 1474 736 si
1514 700 1563 737 iis

131 770 347 817 videretur,
365 769 519 820 plebem
537 772 734 818 rogarent,
766 769 828 806 cui
852 769 1038 806 iuberent
1066 770 1105 806 in
1125 770 1324 820 Hispania
1349 771 1562 820 imperium

130 855 233 888 esse;
264 841 297 879 is
324 855 371 879 ex
405 842 561 879 duobus
586 842 830 879 exercitibus
856 842 896 878 in
920 854 1038 878 unam
1070 842 1270 891 legionem
1296 843 1565 881 conscriberet
1587 843 1609 881 5

127 913 332 951 Romanos
349 914 496 951 milites
515 916 554 951 et
569 914 610 950 in
629 913 854 963 quindecim
874 913 1056 951 cohortes
1082 914 1209 952 socios
1226 915 1364 953 Latini
1381 916 1562 962 nominis,

122 984 272 1035 quibus
303 985 550 1035 provinciam
582 986 797 1031 obtineret,
830 989 982 1022 veteres
1015 985 1163 1023 milites
1195 986 1241 1024 L.
1277 987 1489 1025 Cornelius
1522 991 1561 1024 et

126 1056 172 1094 L.
204 1057 382 1094 Manlius
429 1057 469 1094 in
500 1057 661 1094 Italiam
709 1058 976 1106 deportarent.
1049 1057 1214 1094 Consuli
1261 1059 1601 1108 quinquagintass

127 1129 288 1167 navium
304 1130 444 1167 classis
469 1143 516 1166 ex
544 1129 699 1166 duabus
718 1129 925 1175 classibus,
954 1128 1023 1167 Cn.
1043 1129 1211 1176 Octavii,
1240 1144 1327 1179 quae
1357 1131 1396 1167 in
1415 1130 1559 1168 Africa

123 1204 240 1247 esset,
271 1204 310 1238 et
341 1201 387 1240 P.
423 1201 556 1248 Villii,
588 1214 675 1250 quae
708 1199 860 1238 Siciliae
892 1214 1000 1238 oram
1032 1201 1243 1248 tuebatur,
1284 1202 1469 1249 decreta,
1502 1205 1557 1251 ut,

121 1286 223 1323 quas
261 1274 383 1310 vellet
427 1287 560 1320 naves,
598 1273 806 1322 deligeret.
869 1273 914 1310 P.
948 1272 1086 1322 Scipio
1127 1274 1396 1323 quadraginta
1436 1275 1598 1311 naves7

124 1345 275 1394 longas,
302 1359 399 1395 quas
423 1345 640 1391 habuisset,
667 1344 852 1392 haberet3
885 1345 1029 1394 quibus
1057 1346 1090 1382 si
1110 1345 1179 1384 On.
1200 1345 1422 1393 Octavium,
1454 1346 1558 1383 sicut

124 1418 358 1468 praefuisset,
388 1431 557 1468 praeesse
581 1418 714 1463 vellet,
741 1416 909 1454 Octavio
934 1430 1006 1466 pro
1033 1421 1204 1467 praetore
1228 1418 1269 1455 in
1297 1431 1384 1455 eum
1409 1431 1554 1455 annum

125 1489 340 1540 imperium
364 1493 485 1535 esset,
517 1490 551 1526 si
575 1489 745 1526 Laelium
771 1489 1003 1539 praeficeret,
1035 1489 1225 1527 Octavius
1243 1490 1412 1527 Romam
1445 1490 1555 1526 dece·
1575 1489 1600 1526 8

125 1561 249 1608 deret,
279 1561 566 1611 reduceretque
583 1574 713 1607 naves,
746 1561 893 1610 quibus
925 1561 1080 1598 consuli
1112 1575 1205 1599 usus
1237 1576 1316 1600 non
1341 1564 1456 1599 esset.
1503 1561 1556 1598 Et

123 1632 179 1672 M.
223 1633 354 1671 Fabio
395 1635 436 1671 in
478 1632 705 1671 Sardiniam
752 1633 885 1670 decem
929 1633 1056 1682 longae
1102 1647 1223 1671 naves
1264 1633 1446 1671 decretae.
1507 1632 1601 1670 Et9

122 1706 304 1744 consules
336 1706 433 1744 duas
464 1706 638 1744 urbanas
670 1705 848 1755 legiones
887 1705 1060 1742 scribere
1102 1706 1220 1752 iussi,
1260 1709 1305 1743 ut
1350 1708 1556 1754 quattuor-

122 1776 251 1815 decim
282 1778 512 1827 legionibus
543 1792 588 1816 eo
621 1791 735 1823 anno,
769 1781 925 1815 centum
951 1777 1119 1814 navibus
1148 1778 1279 1826 longis
1303 1791 1364 1814 res
1393 1776 1556 1827 publica

121 1849 480 1889 administraretur.

236 1921 339 1959 Tum
387 1923 434 1959 de
480 1922 624 1970 legatis
672 1921 855 1970 Philippi
896 1924 934 1958 et
973 1920 1364 1969 Carthaginiensium
1411 1922 1554 1957 actum.
1646 1916 1705 1964 42

124 1992 287 2031 Priores
318 1994 560 2032 Macedonas
604 1993 807 2031 introduci
849 1993 1022 2042 placuit;
1071 2005 1238 2042 quorum
1284 1992 1396 2029 varia
1427 1991 1596 2029 oratio2

124 2065 214 2113 fuit,
245 2067 390 2116 partim
422 2066 701 2116 purgantium,
750 2078 837 2114 quae
885 2064 1017 2114 questi
1050 2068 1162 2102 erant
1202 2064 1310 2101 missi
1342 2063 1392 2100 ad
1422 2076 1556 2112 regem

125 2136 177 2175 ab
209 2137 339 2176 Roma
369 2139 494 2188 legati
525 2138 572 2175 de
603 2137 862 2188 populatione
892 2137 1101 2183 sociorum,
1133 2136 1279 2186 partim
1305 2136 1411 2173 ultro
1443 2147 1557 2172 accu-

123 2210 297 2247 santium
328 2211 489 2260 quidem
523 2213 561 2247 et
591 2210 718 2247 socios
745 2208 885 2258 populi
913 2208 1096 2255 Romani,
1127 2208 1198 2245 sed
1223 2207 1346 2244 multo
1372 2206 1557 2244 infestius

124 2280 180 2320 M.
214 2281 447 2328 Aurelium,
493 2295 610 2331 quem
654 2294 701 2318 ex
733 2280 862 2318 tribus
894 2280 943 2317 ad
975 2294 1016 2318 se
1048 2280 1177 2318 missis
1210 2279 1374 2328 legatis,
1406 2278 1559 2315 dilectu
1578 2280 1601 2315 3

123 2352 277 2400 habito,
307 2353 532 2392 substitisse
564 2356 604 2390 et
635 2367 674 2390 se
705 2352 814 2390 bello
839 2352 1041 2390 lacessisse
1068 2354 1207 2389 contra
1233 2351 1363 2388 foedus
1390 2354 1428 2387 et
1453 2363 1558 2400 saepe

125 2437 213 2462 cum
244 2425 443 2475 praefectis
482 2426 563 2463 suis
609 2424 733 2474 signis
780 2424 939 2461 collatis
978 2437 1194 2473 pugnasse,
1219 2424 1377 2470 partim
1422 2424 1556 2471 postu-
1579 2422 1603 2459 4

126 2496 315 2544 lantium,
360 2500 405 2534 ut
436 2496 675 2535 Macedones
722 2496 882 2545 duxque
929 2508 1063 2533 eorum
1096 2493 1286 2544 Sopater,
1333 2494 1402 2543 qui
1450 2493 1557 2543 apud

125 2568 395 2607 Hannibalem
454 2566 634 2604 mercede
695 2568 957 2613 militassent,
1015 2571 1102 2604 tum
1149 2566 1255 2616 capti
1315 2565 1355 2602 in
1416 2564 1557 2602 vinclis

126 2643 270 2687 essent,
302 2639 380 2677 sibi
409 2639 730 2677 restituerentur.
792 2638 1001 2676 Adversus
1042 2651 1087 2675 ea
1127 2637 1182 2674 M.
1216 2637 1386 2683 Furius,
1422 2636 1603 2674 missus5
