1789 2955
501 88 617 123 Liber
641 87 830 122 XXVIII.
881 89 940 131 (A.
968 87 1032 122 Oh.
1058 87 1152 131 205.)
1465 92 1543 128 169

109 221 179 254 aut
224 216 352 265 Eryce
405 216 628 254 detraxisse
674 215 947 252 Hamilcarem
1002 229 1120 265 quam
1176 215 1300 252 Italia
1345 215 1546 265 expulisse

108 288 254 327 Poenos
285 291 407 338 atque
432 287 706 325 Hannibalem
740 287 882 323 malis?
942 287 1002 324 Ne
1034 291 1077 323 tu
1110 287 1285 336 quidem,
1318 288 1392 324 etsi
1425 287 1591 336 inagisss

110 363 264 410 partam
297 373 415 410 quam
447 362 646 409 speratam
677 359 846 408 gloriam
882 359 1148 408 amplectaris,
1181 359 1382 408 Hispania
1413 360 1547 408 potius

111 446 228 482 quam
260 432 382 470 Italia
413 432 517 469 bello
556 431 727 468 liberata
767 430 964 479 gloriatus
1009 430 1145 469 fueris.
1207 430 1394 468 Nondum
1426 430 1458 466 is
1492 434 1551 467 est
1572 432 1591 466 7

110 504 330 550 Hannibal,
362 517 476 553 quem
510 517 587 540 non
620 502 746 550 inagis
777 502 958 539 timuisse
989 502 1176 539 videatur
1201 515 1318 552 quam
1347 505 1546 551 contemp-

110 576 220 623 sisse,
253 576 321 626 qui
354 575 463 613 aliud
495 575 645 613 bellum
678 574 877 611 maluerit.
940 573 1046 620 Quin
1080 575 1206 623 igitur
1232 574 1282 611 ad
1313 574 1388 611 hoc
1420 574 1551 611 accin-
1571 575 1595 610 8

110 647 218 697 geris
250 661 321 685 nec
353 661 425 698 per
457 648 553 684 istos
586 646 790 693 circuitus,
823 649 879 694 ut,
912 659 1032 695 quum
1066 646 1106 682 in
1125 646 1306 683 Africam
1330 645 1548 687 traieceris,

110 722 338 757 secuturum
383 724 423 757 te
469 719 566 756 illuc
598 718 870 755 Hannibalem
918 731 1064 767 spereS,
1110 719 1243 767 potius
1291 732 1410 766 quam
1442 720 1550 755 recto

109 792 204 829 hinc
236 792 392 839 itinere,
422 791 492 828 ubi
508 790 717 828 Hannibal
740 793 809 832 est,
841 802 885 826 eo
903 789 1050 826 bellum
1078 790 1263 832 intendis,
1294 792 1330 827 Si
1348 790 1549 838 egregiam

111 863 228 900 istam
259 864 432 913 palmam
470 862 573 899 belli
606 861 753 898 Punici
797 861 947 910 patrati
993 861 1126 910 petis?
1185 862 1276 898 Hoc
1323 866 1361 898 et
1408 864 1594 899 natm-ak)

110 935 222 986 prius
254 939 325 982 est,
355 938 425 973 tua
457 948 577 984 quum
612 933 850 971 defenderis.
884 933 1014 970 aliena
1046 934 1103 970 ire
1128 937 1414 982 oppugnatum.
1463 934 1550 971 Pax

112 1011 204 1045 ante
236 1007 277 1044 in
295 1007 420 1044 Italia
436 1020 555 1056 quam
572 1005 724 1043 bellum
741 1006 781 1042 in
799 1004 942 1042 Africa
959 1006 1022 1051 sit,
1057 1010 1095 1042 et
1121 1005 1236 1042 nobis
1253 1006 1366 1054 prius
1383 1006 1551 1043 decedat

109 1080 242 1125 timor,
275 1092 393 1129 quam
425 1079 532 1115 ultro
566 1078 657 1114 aliis
698 1078 904 1114 inferatur.
967 1076 1011 1113 Si
1059 1081 1274 1126 utrumque
1315 1082 1383 1114 tuo
1431 1078 1554 1115 ductu
1575 1077 1623 1114 10

112 1152 371 1202 auspicioque
402 1150 491 1187 fieri
515 1153 658 1199 potest,
675 1149 906 1187 Hannibale
930 1149 996 1186 hic
1014 1150 1131 1194 vieto,
1161 1149 1247 1186 illic
1265 1149 1550 1198 Carthaginem

115 1237 316 1274 expugna,
349 1223 385 1261 si
416 1223 638 1260 alterautra
668 1222 838 1259 victoria
875 1222 990 1258 novis
1024 1221 1255 1258 consulibus
1286 1221 1552 1270 relinquenda

113 1299 182 1343 est,
213 1295 325 1346 prior
357 1308 478 1345 quum
510 1294 638 1331 maior
655 1294 891 1343 clariorque,
922 1298 1005 1338 tum
1032 1307 1150 1330 causa
1169 1293 1288 1330 etiarn
1305 1293 1554 1342 insequentis

111 1367 244 1405 fuerit.
291 1367 391 1406 Nam
424 1380 531 1404 nunc
562 1366 736 1416 quidem,
767 1369 1033 1415 praeterquam
1075 1365 1181 1414 quod
1219 1369 1259 1402 et
1290 1365 1331 1401 in
1362 1364 1486 1401 Italia
1518 1368 1557 1401 et
1577 1364 1624 1400 11

114 1440 154 1476 in
186 1438 330 1477 Africa
361 1439 460 1476 duos
492 1438 670 1476 diversos
702 1437 902 1475 exercitus
943 1438 1050 1475 alere
1083 1437 1269 1474 aerarium
1300 1450 1378 1473 non
1410 1439 1554 1486 potest,

113 1515 382 1561 praeterquam
415 1511 535 1560 quod,
565 1510 670 1547 unde
703 1510 850 1547 classes
891 1514 1086 1556 tueamur,
1125 1509 1230 1546 unde
1271 1509 1558 1546 commeatibus
1580 1508 1628 1545 12

114 1583 342 1633 praebendis
373 1582 630 1629 sufficiamus,
661 1581 763 1618 nihil
787 1581 935 1630 reliqui
953 1585 1023 1628 est,
1048 1580 1174 1630 quid‘.>
1205 1581 1376 1631 periculi
1391 1580 1554 1617 tandem

112 1659 307 1705 quantum
326 1655 504 1701 adeatur,
536 1668 652 1704 quem
672 1653 807 1691 fallit‘?
862 1654 909 1691 P.
928 1653 1113 1690 Licinius
1139 1653 1181 1689 in
1198 1653 1334 1698 ltalia,
1352 1651 1398 1689 P.
1418 1650 1554 1701 Scipio

115 1727 264 1765 bellum
298 1728 340 1764 in
372 1727 515 1764 Africa
546 1730 668 1775 geret.
730 1726 868 1774 Quid?
914 1726 947 1762 si
993 1726 1118 1774 (quod
1166 1738 1300 1761 omnes
1341 1724 1407 1761 dei
1441 1737 1554 1761 omen
1577 1723 1626 1760 13

114 1802 299 1836 avertant
330 1803 369 1836 et
400 1799 530 1836 dicere
563 1800 681 1836 etiam
713 1798 947 1835 reformidat
978 1797 1145 1843 animus,
1177 1797 1258 1842 sed,
1290 1809 1378 1845 quae
1405 1795 1555 1832 accide-

114 1873 231 1918 runt,
289 1871 470 1908 accidere
530 1871 714 1920 possunt)
767 1870 898 1907 victor
945 1869 1152 1906 Hannibal
1206 1869 1264 1905 ire
1320 1868 1368 1905 ad
1414 1868 1555 1904 urbem

114 1946 269 1992 perget,
296 1946 380 1980 tum
413 1943 571 1981 demum
601 1948 640 1980 te
672 1942 874 1979 consulem
907 1955 953 1978 ex
986 1940 1141 1987 Africa,
1173 1941 1277 1977 sicut
1303 1940 1349 1987 Q.
1365 1939 1553 1976 Fulvium

115 2028 138 2051 a
170 2014 320 2065 Capua,
353 2015 625 2053 arcessemus‘?
686 2014 814 2061 Quid,
861 2014 967 2063 quod
1006 2014 1047 2050 in
1079 2013 1224 2050 Africa
1257 2026 1415 2062 quoque
1446 2011 1556 2048 Mars
1582 2011 1631 2047 14

115 2087 337 2125 communis
369 2087 469 2126 belli
501 2087 607 2125 erit‘?
652 2087 808 2124 Domus
838 2087 914 2123 tibi
945 2090 1025 2133 tua,
1043 2090 1158 2135 pater
1175 2088 1423 2135 patruusque
1450 2083 1557 2120 intra

113 2158 284 2206 triginta
316 2160 399 2196 dies
434 2173 520 2197 cum
552 2159 795 2196 exercitibus
843 2159 934 2195 caesi
968 2157 1205 2195 documento
1250 2157 1341 2202 sint,
1388 2156 1458 2193 ubi
1489 2168 1560 2204 per
1581 2155 1631 2193 15

116 2229 270 2279 aliquot
300 2244 424 2268 annos
458 2231 645 2269 maximis
675 2231 797 2268 rebus
828 2235 938 2268 terra
969 2231 1148 2280 marique
1180 2228 1364 2278 gerendis
1395 2227 1556 2277 amplis—

117 2301 259 2338 simum
290 2316 433 2340 nomen
467 2303 574 2353 apud
607 2307 762 2341 exteras
795 2306 934 2352 gentes
967 2303 1108 2352 populi
1131 2301 1305 2338 Romani
1336 2303 1556 2348 vestraeque

118 2373 283 2410 familiae
315 2375 506 2413 fecerant.
568 2375 669 2412 Dies
701 2389 762 2412 me
795 2374 967 2421 deficiat,
1007 2375 1039 2411 si
1071 2387 1186 2423 reges
1218 2374 1560 2422 imperatoresque
1582 2370 1632 2408 16

115 2449 266 2484 temere
297 2446 339 2484 in
371 2447 547 2484 hostium
577 2450 725 2484 terram
756 2450 1029 2496 transgressos
1061 2460 1148 2483 cum
1175 2445 1361 2483 maximis
1378 2443 1558 2480 cladibus

117 2518 198 2554 suis
241 2519 567 2568 exercituumque
614 2532 775 2557 suorum
815 2532 1046 2555 enumerare
1085 2517 1218 2554 velini.
1281 2515 1634 2560 Athenienses,l7'

119 2589 433 2640 prudentissima
465 2591 618 2637 civitas,
647 2590 755 2628 bello
773 2590 878 2626 domi
896 2590 1050 2636 relicto,
1081 2591 1243 2626 auctore
1261 2601 1372 2637 aeque
1390 2587 1559 2636 impigro

118 2674 163 2699 ac
182 2661 313 2699 nobili
331 2662 484 2709 iuvene,
501 2676 646 2712 magna
673 2662 798 2700 classe
816 2662 856 2698 in
876 2660 1053 2698 Siciliam
1070 2660 1314 2706 transmissa,
1330 2673 1409 2696 una
1425 2670 1560 2708 pugna
