1789 2955
240 98 317 136 116
631 90 748 126 Liber
772 88 936 124 xxvii.
986 89 1047 132 (A.
1073 100 1108 122 u.
1135 100 1163 124 0.
1188 89 1283 133 547.)

237 234 377 272 parum
409 220 562 257 intente
593 217 807 264 asservati,
849 216 952 254 alter
985 216 1026 254 in
1059 216 1271 254 destinatis
1303 216 1382 254 iam
1413 220 1505 254 ante
1537 216 1670 254 animo

236 292 403 331 latebris
435 290 625 336 subsedit,
658 290 760 327 alter
797 302 869 338 per
899 288 1001 327 vada
1032 291 1127 326 nota
1157 288 1385 325 Metaurum
1416 288 1564 326 flumen
1593 291 1673 325 tra-

236 365 358 403 navit.
406 364 470 401 Ita
500 362 701 400 desertum
733 362 781 399 ab
814 360 984 398 ducibus
1015 373 1158 409 agmen
1183 359 1312 409 primo
1345 373 1416 409 per
1432 373 1548 408 agros
1564 359 1674 409 pala-

236 440 314 483 tur,
344 436 517 485 fessique
548 435 704 483 aliquot
735 446 872 471 somno
904 446 948 470 ac
974 431 1128 480 vigiliis
1145 434 1328 469 sternunt
1344 445 1512 481 corpora
1528 430 1676 481 passim

169 506 221 542 10
236 512 355 558 atque
372 506 643 557 infrequentia
659 505 900 554 relinquunt
916 504 1041 553 signa.
1086 503 1333 550 Hasdrubal,
1358 503 1452 540 dum
1477 503 1547 540 lux
1570 503 1675 541 viam

238 579 476 626 ostenderet,
506 579 596 628 ripa
624 577 801 615 fluminis
833 577 948 625 signa
964 575 1061 612 ferri
1087 575 1211 622 iubet,
1242 578 1282 612 et
1305 588 1376 624 per
1399 575 1570 612 tortuosi
1597 588 1676 612 am-

237 652 301 689 nis
331 652 440 688 sinus
470 650 676 700 flexusque
709 662 833 699 quum
864 661 1040 685 errorem
1060 647 1224 685 volvens
1254 647 1364 684 haud
1388 647 1558 684 multum
1586 659 1677 696 pro-

241 722 439 769 cessisset,
469 722 541 759 ubi
585 721 715 771 prima
760 720 831 758 lux
875 720 1090 757 transitum
1126 722 1397 769 opportunum
1428 717 1679 765 ostendisset,

179 794 223 830 11
244 795 492 832 transiturus
509 796 608 831 erat.
657 791 737 830 Sed
755 805 888 842 quum,
917 795 1110 841 quantum
1133 805 1155 828 a
1180 791 1281 828 mari
1297 790 1551 837 abscedebat,
1566 793 1678 827 tanto

243 867 461 904 altioribus
479 864 756 904 coercentibus
783 877 937 901 amnem
961 864 1074 914 ripis,
1107 877 1186 900 non
1209 863 1408 900 inveniret
1428 861 1540 908 vada,
1574 861 1677 899 diem

240 938 407 977 terendo
440 939 615 989 spatium
647 936 761 974 dedit
792 935 842 973 ad
874 935 1162 985 insequendum
1197 948 1281 972 sese
1314 934 1431 972 hosti.

91 1006 151 1055 48
352 1010 460 1049 Nero
492 1010 665 1060 primum
693 1021 781 1045 cum
808 1008 915 1045 omni
932 1008 1113 1058 equitatu
1129 1006 1308 1052 advenit;
1340 1005 1510 1043 Porcius
1531 1004 1677 1042 deinde

195 1084 217 1119 2
238 1085 441 1121 assecutus
474 1096 562 1120 cum
593 1081 672 1119 levi
703 1082 916 1118 armatura.
977 1079 1057 1126 Qui
1088 1093 1209 1129 quum
1239 1079 1384 1116 fessum
1416 1091 1558 1127 agmen
1590 1091 1674 1115 car-

243 1158 385 1205 perent
417 1154 464 1191 ab
497 1153 607 1191 omni
637 1155 752 1202 parte
785 1152 1127 1201 incursarentque,
1160 1154 1199 1188 et
1229 1151 1308 1188 iam
1342 1150 1489 1188 omisso
1522 1149 1679 1197 itinere,

246 1227 352 1276 quod
383 1227 487 1275 fugae
520 1225 653 1263 simile
685 1227 782 1271 erat,
817 1227 946 1261 castra
977 1223 1121 1260 metari
1137 1223 1286 1260 Poenus
1317 1223 1359 1260 in
1388 1222 1543 1259 tumulo
1561 1234 1681 1271 super

199 1299 416 1337 3fiuminis
446 1299 576 1348 ripam
606 1297 740 1346 vellet,
774 1295 937 1332 advenit
953 1295 1094 1332 Livius
1118 1296 1300 1345 peditum
1327 1294 1510 1332 omnibus
1543 1293 1682 1343 copiis,

246 1385 326 1409 non
355 1371 512 1408 itineris
543 1370 674 1416 modo,
705 1368 774 1406 sed
819 1367 870 1405 ad
915 1367 1205 1405 conserendum
1246 1366 1445 1416 extemplo
1491 1365 1679 1415 proelium

201 1443 450 1482 4instructis
482 1441 737 1491 armatisque.
800 1439 882 1477 Sed
926 1439 997 1476 ubi
1029 1453 1164 1476 omnes
1210 1439 1345 1488 copias
1387 1438 1679 1476 coniunxerunt

241 1516 476 1564 directaque
507 1514 610 1552 acies
642 1516 711 1559 est,
752 1511 947 1550 Claudius
988 1511 1132 1549 dextro
1180 1511 1220 1548 in
1268 1523 1391 1548 cornu
1404 1538 1412 1556 ,
1444 1509 1585 1548 Livius
1631 1508 1681 1546 ab

241 1588 404 1625 sinistro
449 1599 626 1636 pugnam
665 1585 849 1629 instruit;
898 1583 1029 1620 media
1061 1583 1164 1620 acies
1195 1582 1358 1632 praetori
1388 1581 1537 1619 tuenda
1568 1580 1675 1620 data.

203 1658 226 1695 5
243 1659 488 1706 Hasdrubal,
519 1658 663 1695 omissa
679 1656 906 1694 munitione
931 1658 1162 1701 castrorum,
1194 1658 1404 1704 postquam
1421 1652 1682 1703 pugnandum

244 1731 354 1778 vidit,
387 1731 428 1768 in
459 1730 590 1780 prima
623 1730 706 1767 acie
738 1731 830 1766 ante
870 1728 986 1777 signa
1025 1726 1258 1776 elephantos
1303 1726 1427 1772 loeat;
1476 1725 1582 1762 circa
1615 1737 1681 1762 eos

241 1804 342 1841 laevo
374 1803 415 1840 in
447 1815 573 1840 cornu
590 1801 781 1839 adversus
799 1800 1012 1838 Claudium
1029 1798 1168 1837 Gallos
1193 1798 1369 1848 opponit,
1400 1798 1507 1835 haud
1524 1800 1682 1834 tantum

193 1876 216 1911 6
235 1876 285 1913 iis
315 1875 454 1921 fidens,
487 1878 680 1924 quantum
704 1873 752 1910 ab
785 1873 899 1910 hoste
916 1872 1049 1909 timeri
1067 1884 1132 1908 eos
1149 1870 1355 1916 credebat;
1390 1871 1475 1919 ipse
1495 1869 1680 1907 dextrum

239 1961 361 1985 cornu
393 1946 584 1984 adversus
615 1945 670 1984 M.
690 1945 850 1983 Livium
882 1944 962 1981 sibi
993 1947 1113 1992 atque
1130 1942 1323 1992 Hispanis
1355 1941 1412 1991 (et
1427 1941 1483 1979 ibi
1503 1941 1676 1978 maxime

196 2020 218 2055 7
238 2019 278 2056 in
308 2022 442 2056 vetere
473 2018 601 2055 milite
648 2031 759 2067 spem
804 2016 992 2064 habebat)
1026 2015 1215 2064 sumpsit3
1246 2015 1419 2062 Ligures
1470 2013 1511 2050 in
1542 2011 1673 2050 medio

239 2094 331 2140 post
361 2090 594 2139 elephantos
625 2089 759 2139 positi.
820 2087 899 2126 Sed
930 2088 1092 2137 longior
1125 2100 1243 2137 quam
1274 2087 1396 2124 latior
1428 2085 1534 2122 acies
1567 2086 1676 2130 erat;

191 2161 375 2200 SGallos
420 2162 652 2211 prominens
699 2161 814 2199 collis
844 2159 1027 2210 tegebat;
1074 2173 1120 2197 ea
1165 2159 1297 2205 frons,
1347 2170 1466 2207 quam
1497 2155 1675 2206 Hispani

238 2234 438 2281 tenebant,
472 2246 560 2271 oum
591 2233 753 2270 sinistro
784 2232 1059 2270 Romanorum
1105 2244 1227 2269 cornu
1267 2230 1490 2276 eonourrit3
1536 2228 1679 2266 dextra

245 2306 373 2343 omnis
404 2305 511 2343 acies
545 2307 659 2342 extra
692 2304 878 2354 proelium
903 2304 1079 2341 eminens
1097 2303 1296 2349 cessabat3
1327 2301 1439 2339 collis
1476 2300 1682 2350 oppositus

195 2378 217 2414 9
237 2378 408 2424 arcebat,
440 2390 489 2414 ne
522 2379 591 2414 aut
623 2390 645 2413 a
675 2376 808 2413 fronte
841 2379 910 2412 aut
941 2375 991 2413 ab
1025 2376 1152 2412 latere
1187 2373 1512 2423 aggrederentur.
1568 2372 1681 2410 Inter

242 2449 402 2487 Livium
434 2448 814 2497 Hasdrubalemque
864 2448 1005 2497 ingens
1025 2442 1294 2484 'contractum
1341 2449 1541 2483 certamen
1587 2446 1683 2491 erat,

180 2522 231 2559 10
248 2524 442 2570 atroxque
475 2520 602 2558 oaedes
633 2520 825 2569 utrinque
857 2519 1060 2557 edebatur.
1105 2518 1173 2555 Ibi
1204 2518 1323 2555 duces
1357 2517 1486 2564 ambo,
1518 2516 1682 2566 ibipars

249 2593 378 2631 maior
409 2592 591 2643 peditum
633 2591 892 2642 equitumque
923 2590 1216 2637 Romanorum,
1262 2590 1318 2627 ibi
1351 2589 1538 2639 Hispani,
1568 2591 1683 2626 vetus

250 2665 363 2702 miles
380 2664 615 2714 peritusque
634 2664 825 2702 Romanae
857 2675 1013 2713 pugnae,
1044 2666 1083 2700 et
1099 2662 1281 2712 Ligures,
1313 2662 1456 2699 durum
1487 2661 1528 2698 in
1561 2659 1682 2699 armis
