1768 2943
512 100 616 131 Liber
641 100 751 130 xxn.
803 99 858 141 (A.
887 100 950 131 ch.
978 99 1073 142 217.)
1451 101 1505 141 69

86 234 295 271 hauddum
314 236 513 281 expertus,
533 231 686 280 agitare
703 243 753 267 ac
769 236 925 267 tentare
943 231 1120 267 animum
1137 233 1345 268 movendo
1364 233 1506 269 crebro

86 310 217 342 castra
249 303 570 353 populandoque
603 302 643 338 in
677 301 802 338 oculis
826 302 911 338 eius
934 313 1055 350 agros
1079 301 1281 339 sociorum
1306 304 1442 353 coepit,
1469 302 1546 342 et?

86 377 213 413 modo
246 374 370 411 citato
404 373 566 422 agmine
599 385 647 408 ex
680 377 905 421 conspectu
938 371 1087 417 abibat,
1121 373 1249 408 modo
1274 378 1442 421 repente
1466 373 1507 409 in

86 447 221 496 aliquo
253 445 359 482 flexu
390 443 476 487 viae,
518 443 550 480 si
583 442 769 491 excipere
809 443 1047 491 degressum
1088 443 1129 478 in
1162 454 1320 491 aequum
1353 449 1506 491 posset,

87 517 268 554 occultus
301 514 558 552 subsistebat.
622 513 771 549 Fabius
804 525 875 561 per
906 513 998 549 loca
1031 513 1111 549 alta
1144 525 1290 562 agmen
1317 513 1548 557 ducebat,8

85 586 252 624 modico
285 586 336 621 ab
369 585 486 621 hoste
518 584 740 627 intervallo,
774 589 817 619 ut
848 595 982 631 neque
1015 584 1218 620 omitteret
1249 595 1341 620 eum
1373 594 1506 631 neque

86 657 415 706 congrederetur.
480 654 645 699 Castris,
691 654 765 690 nisi
810 658 1005 702 quantum
1047 666 1142 691 usus
1181 654 1399 691 necessarii
1440 665 1508 690 co-

85 732 240 778 gerent,
274 726 487 763 tenebatur
518 725 652 769 miles;
699 725 891 774 pabulum
924 729 963 760 et
995 724 1104 773 ligna
1135 737 1213 761 nec
1244 725 1362 773 pauci
1395 730 1508 773 pete-

85 800 185 835 bant
215 809 293 834 nec
323 796 495 845 passim;
541 795 719 844 equitum
761 795 939 843 levisque
980 800 1190 832 armaturae
1223 796 1356 840 statio,
1398 807 1508 831 com—
1524 796 1548 835 9

86 868 220 919 posita
259 868 533 916 instructaque
572 868 613 903 in
653 867 807 903 subitos
846 866 1050 910 tumultus,
1095 872 1135 902 et
1167 879 1240 903 suo
1279 866 1391 903 militi
1424 872 1508 903 tuta

87 939 225 977 omnia
264 944 304 975 et
341 937 489 974 infesta
532 937 667 974 effusis
710 938 885 974 hostium
928 937 1237 986 populatoribus
1279 938 1505 986 praebebat;

86 1022 220 1058 neque
265 1009 452 1046 universo
491 1008 670 1057 periculo
712 1021 868 1045 summa
910 1019 1041 1043 rerum
1081 1008 1420 1052 committebatur,
1469 1013 1509 1044 et
1527 1006 1579 1047 lO

86 1093 210 1130 parva
265 1085 474 1116 momenta
527 1080 672 1116 levium
721 1079 983 1116 certaminum
1037 1091 1084 1114 ex
1132 1083 1219 1114 tuto
1268 1084 1507 1128 coeptorum,

87 1150 256 1187 finitimo
294 1156 473 1199 receptu,
517 1150 846 1188 assuefaciebant
882 1149 1061 1186 territum
1104 1149 1280 1198 pristinis
1326 1149 1508 1186 cladibus

86 1221 250 1258 militem
284 1221 416 1258 minus
448 1221 528 1258 iam
558 1222 726 1258 tandem
751 1226 819 1257 aut
843 1221 993 1257 virtutis
1019 1225 1087 1256 aut
1120 1219 1291 1257 fortunae
1316 1220 1508 1268 paenitere

88 1304 183 1329 suae.
231 1292 314 1329 Sed
330 1304 416 1328 non
434 1291 709 1329 Hannibalem
726 1291 855 1341 magis
880 1291 1071 1328 infestum
1097 1296 1179 1327 tam
1203 1291 1311 1328 sanis
1330 1290 1508 1327 consiliis
1526 1291 1574 1329 11

87 1363 266 1399 habebat
283 1375 403 1411 quam
421 1363 655 1412 magistrum
674 1363 865 1412 equitum,
891 1363 957 1411 qui
975 1362 1073 1398 nihil
1097 1362 1220 1406 aliud,
1250 1374 1371 1410 quam
1397 1362 1510 1409 quod

87 1433 216 1482 impar
247 1438 333 1470 erat
364 1433 548 1482 imperio,
581 1446 705 1471 morae
738 1434 792 1470 ad
824 1446 908 1470 rem
940 1433 1142 1482 publicam
1175 1432 1509 1482 praecipitandam

87 1504 278 1549 habebat,
322 1504 436 1540 ferox
478 1505 726 1553 rapidusque
771 1504 948 1541 consiliis
989 1516 1036 1540 ac
1074 1504 1211 1553 lingua
1252 1503 1508 1540 immodicus.

87 1574 220 1612 Primo
253 1575 355 1611 inter
379 1587 547 1623 paucos,
581 1575 677 1611 dein
709 1576 921 1624 propalam
945 1575 986 1611 in
1009 1575 1149 1623 vulgus
1173 1587 1246 1623 pro
1273 1579 1508 1611 cunctatore
1526 1573 1578 1612 12

88 1658 270 1694 segnem,
303 1657 377 1694 pro
411 1650 531 1682 cauto
564 1646 761 1689 timidum,
797 1646 996 1694 affingens
1022 1645 1151 1681 vicina
1178 1645 1385 1682 virtutibus
1403 1645 1509 1689 vitia,

88 1715 373 1764 compellabat,
398 1717 707 1764 premendoque
726 1717 988 1765 superiorem,
1008 1728 1098 1764 quae
1115 1716 1293 1764 pessima
1311 1728 1374 1752 ars
1391 1716 1510 1752 nimis

87 1786 291 1835 prosperis
324 1787 539 1823 multorum
573 1788 826 1824 successibus
859 1786 993 1831 crevit,
1029 1799 1119 1823 sese
1152 1787 1383 1823 extollebat.

206 1855 413 1893 Hannibal
439 1869 488 1893 ex
506 1856 685 1906 Hirpinis
710 1858 751 1894 in
774 1857 981 1894 Samnium
1000 1858 1154 1902 transit,
1174 1857 1508 1894 Beneventanum
1579 1853 1623 1898 13

88 1927 360 1976 depopulatur
378 1939 532 1976 agrum,
551 1927 757 1965 Telesiam
781 1929 921 1964 urbem
939 1928 1060 1976 capit,
1086 1928 1212 1964 irritat
1236 1928 1359 1964 etiam
1377 1928 1429 1963 de
1452 1928 1511 1964 in-

89 1997 242 2034 dustria
257 1998 403 2034 ducem
416 1998 654 2043 Romanum,
677 1999 708 2035 si
724 1998 827 2035 forte
841 2011 1059 2035 accensum
1075 2004 1135 2035 tot
1148 1999 1457 2048 indignitatibus
1468 2012 1512 2034 ac

88 2068 272 2104 cladibus
290 2068 494 2105 sociorum
511 2069 725 2105 detrahere
743 2070 797 2106 ad
816 2081 974 2118 aequum
993 2075 1198 2106 certarnen
1217 2069 1359 2118 possit.
1405 2069 1512 2106 Inter
1527 2068 1552 2108 2

87 2138 384 2175 multitudinem
410 2139 614 2176 sociorum
641 2140 766 2177 Italici
798 2140 972 2189 generis,
1007 2140 1074 2188 qui
1107 2141 1161 2176 ad
1185 2140 1512 2176 Trasumennum

89 2209 195 2258 capti
220 2210 272 2246 ab
297 2208 529 2246 Hannibale
554 2210 789 2259 dimissique
822 2211 993 2255 fuerant,
1027 2216 1106 2247 tres
1130 2211 1331 2260 Campani
1355 2211 1511 2259 equites

89 2284 216 2325 erant,
249 2279 384 2316 multis
416 2280 496 2316 iam
529 2285 612 2317 tum
644 2281 763 2318 illecti
796 2281 917 2318 donis
950 2281 1239 2330 promissisque
1268 2281 1511 2318 Hannibalis

88 2351 144 2386 ad
176 2350 459 2387 conciliandos
491 2351 746 2400 popularium
780 2352 952 2388 animos.
1015 2351 1068 2387 Hi
1111 2353 1357 2395 nuntiantes,
1400 2352 1431 2388 si
1470 2350 1552 2390 in3

90 2420 359 2470 Campaniam
391 2421 609 2458 exercitum
643 2422 904 2466 admovisset,
939 2421 1091 2471 Capuae
1115 2422 1323 2471 potiendae
1349 2422 1510 2470 copiam

89 2491 190 2536 fore,
224 2503 346 2540 quum
378 2503 441 2529 res
472 2491 602 2528 maior
634 2504 754 2540 quam
788 2497 974 2529 auctores
1006 2497 1126 2536 esset,
1161 2492 1327 2528 dubium
1355 2491 1511 2529 Hanni-

89 2562 223 2598 balem
241 2562 484 2610 alternisque
502 2562 697 2599 fidentem
715 2574 763 2599 ae
781 2562 1036 2599 diffidentem
1054 2567 1203 2607 tamen,
1219 2568 1262 2598 ut
1275 2562 1511 2612 Campanos

91 2644 139 2668 ex
156 2632 323 2669 Samnio
347 2637 515 2681 peteret,
541 2638 766 2670 moverunt.
814 2632 997 2670 Monitos
1015 2633 1136 2669 etiam
1161 2638 1281 2681 atque
1307 2633 1441 2680 etiam,
1470 2632 1553 2673 ut4
