1789 2955
679 776 1036 824 PRAEFATIO

514 913 586 962 Io.
618 913 864 963 NIOOLAI
895 914 1199 963 MADVIGH.

229 1113 374 1149 Iterum
399 1114 466 1148 hos
492 1113 591 1149 Livii
616 1114 742 1156 libros,
770 1115 833 1158 qui
860 1117 945 1148 sunt
970 1126 990 1149 a
1015 1114 1186 1149 vicesimo
1219 1118 1325 1150 sexto
1354 1116 1400 1150 ad
1424 1117 1568 1151 tricesi-

137 1183 249 1215 mum,
275 1174 362 1216 post
386 1170 622 1216 undeviginti
656 1183 772 1206 annos
799 1171 935 1206 edendi
967 1171 1182 1206 facultatem
1210 1172 1334 1206 datam
1360 1173 1451 1207 mihi
1477 1184 1567 1217 esse,

136 1240 350 1274 quanquam
375 1230 412 1263 et
437 1230 549 1262 aetate
571 1231 609 1262 et
629 1229 820 1262 oculorum
842 1229 1071 1263 hebetudine
1094 1231 1132 1263 et
1151 1229 1264 1263 animi
1285 1229 1333 1263 ad
1353 1230 1424 1263 alia
1444 1230 1569 1265 studia

136 1287 301 1330 aliasque
330 1284 593 1320 meditationes
618 1286 863 1320 conversione
897 1285 943 1319 ab
976 1284 1046 1320 hoc
1072 1297 1209 1331 genere
1235 1286 1372 1320 laboris
1398 1287 1567 1321 nonnihil

141 1343 397 1385 abhorrebam,
423 1344 549 1376 tamen
574 1342 723 1376 laetatus
749 1354 844 1384 sum,
872 1342 973 1386 quod
996 1343 1132 1377 erroris
1158 1343 1351 1378 cuiusdam
1377 1354 1460 1377 cum
1486 1344 1567 1378 aliis

138 1400 359 1442 communis,
385 1399 448 1444 qui
473 1410 532 1433 me
559 1401 670 1433 antea
693 1399 967 1444 implicaverat,
1001 1411 1184 1444 quemque
1215 1400 1253 1434 in
1290 1400 1408 1434 altera
1431 1400 1566 1435 Emen-

134 1457 330 1492 dationum
343 1456 585 1491 Livianarum
608 1456 772 1490 editione
794 1457 965 1491 universe
992 1457 1211 1501 abieceram,
1245 1458 1403 1502 vestigia
1427 1458 1565 1492 auxilio

136 1515 390 1549 subsidiorum
414 1514 559 1548 interea
584 1513 630 1547 ab
657 1513 729 1547 alio
762 1513 913 1547 homine
948 1514 1061 1549 docto
1099 1517 1317 1559 paratorum
1349 1515 1566 1559 singulatim

132 1572 267 1606 tollere
293 1575 331 1606 et
353 1571 488 1605 horum
514 1581 662 1614 quoque
699 1570 881 1604 librorum
911 1570 1167 1605 recensionem
1204 1571 1252 1605 ad
1288 1582 1369 1606 eam
1407 1572 1565 1606 sormam

133 1627 339 1672 iudiciique
365 1627 626 1669 constantiam,
653 1638 765 1670 quam
790 1627 828 1660 in
851 1627 985 1661 ceteris
1005 1628 1256 1662 voluminibus
1278 1630 1428 1662 secutus
1451 1639 1564 1672 eram,

132 1696 311 1720 revocare
336 1685 474 1720 liceret.
538 1684 661 1728 Quum
686 1684 787 1718 enim
823 1686 941 1728 antea,
968 1683 1023 1718 Io.
1050 1684 1111 1719 Fr.
1138 1684 1371 1720 Gronovium
1396 1686 1564 1729 aliosque

134 1746 294 1781 secutus,
319 1743 357 1776 in
383 1742 511 1776 decem
546 1740 644 1775 Livii
680 1741 801 1784 libris,
839 1741 903 1785 qui
942 1752 961 1774 a
998 1741 1177 1775 vicesimo
1215 1741 1337 1787 primo
1368 1742 1563 1786 incipiunt,

133 1799 255 1834 codici
280 1798 473 1834 Puteaneo
502 1799 598 1843 (sive
629 1797 838 1832 Puteanum
864 1798 1053 1842 appellare
1078 1799 1195 1843 magis
1220 1800 1358 1844 placet)
1384 1799 1436 1833 sic
1461 1799 1562 1843 prin-

131 1857 299 1902 cipatum
323 1856 549 1898 tribuissem,
590 1857 632 1889 ut
664 1866 792 1889 omnes
825 1855 989 1898 reliquos
1024 1866 1069 1889 ex
1101 1867 1145 1890 eo
1171 1860 1348 1900 tanquam
1375 1856 1563 1890 communi

135 1913 240 1948 fonte
275 1913 461 1947 derivatos
498 1913 591 1947 nihil
626 1911 772 1957 proprii
809 1911 908 1954 boni,
946 1912 1018 1945 nisi
1055 1912 1155 1956 quod
1193 1914 1407 1948 coniectura
1432 1915 1562 1947 natum

134 1973 243 2013 esset,
279 1970 418 2004 habere
443 1969 643 2011 crederem,
679 1971 789 2013 atque
823 1968 870 2002 ad
896 1969 974 2003 eius
1011 1970 1120 2003 unius
1158 1970 1422 2005 auctoritatem
1449 1971 1561 2005 etiam

132 2027 298 2062 severius
323 2038 434 2071 quam
458 2026 667 2072 superiores
694 2026 819 2061 omnia
845 2026 1069 2071 exegissem,
1106 2027 1180 2061 iam
1206 2029 1292 2062 ante
1317 2038 1433 2062 annos
1459 2027 1561 2061 haud

129 2095 280 2129 paucos,
319 2084 488 2118 veritatis
529 2083 695 2118 convicio
732 2083 862 2126 victus,
900 2083 1061 2127 primum
1097 2083 1390 2129 Heerwagenio,
1424 2084 1558 2118 deinde

127 2139 292 2184 Halmio,
318 2140 579 2184 Mommsenio,
612 2140 871 2174 Studemundo
909 2151 1080 2174 assensus
1119 2151 1236 2183 eram,
1275 2142 1314 2175 in
1349 2143 1559 2186 posteriore

128 2197 239 2232 huius
265 2197 415 2232 decadis
441 2200 557 2242 parte,
583 2197 653 2232 hoc
685 2201 742 2231 est
768 2197 805 2231 in
837 2197 893 2231 iis-
912 2197 1027 2240 libris,
1060 2208 1153 2241 quos
1186 2209 1284 2233 nunc
1314 2199 1474 2242 edimus,
1506 2199 1557 2233 al-

126 2255 244 2289 terius
270 2254 441 2289 codicum
466 2254 594 2298 stirpis
619 2265 640 2288 a
664 2253 858 2288 Puteaneo
884 2257 1066 2298 separatae
1098 2255 1205 2299 eique
1236 2256 1336 2300 paris
1363 2257 1495 2290 ducem
1520 2259 1559 2290 et

127 2311 337 2356 principem
360 2310 574 2346 habendum
605 2322 685 2346 esse
721 2311 888 2346 codicem
914 2311 1146 2356 Spirensem,
1185 2324 1258 2357 quo
1283 2311 1324 2347 B.
1351 2312 1554 2348 Rhenanus

129 2371 167 2402 et
192 2367 228 2403 S.
255 2367 432 2403 Gelenius
458 2368 515 2402 usi
541 2370 675 2410 essent,
703 2371 814 2412 atque
841 2380 923 2403 cum
961 2379 1004 2402 ea
1040 2369 1180 2404 familia
1216 2371 1436 2405 coniunctos
1474 2382 1555 2405 esse

130 2424 275 2469 aliquot
298 2436 343 2460 ex
368 2425 504 2459 ceteris
530 2425 730 2468 codicibus,
758 2436 863 2469 quos,
889 2425 953 2459 uni
978 2425 1171 2461 Puteaneo
1198 2426 1359 2469 addicti,
1390 2428 1428 2461 in
1455 2438 1553 2462 com-

128 2492 276 2516 munem
302 2481 533 2517 deteriorum
563 2481 712 2515 turbam
736 2483 1024 2526 conieceramus,
1060 2493 1179 2527 exque
1210 2483 1423 2517 huiusmodi
1447 2483 1554 2518 libris

127 2538 201 2572 iam
227 2539 392 2573 extremo
408 2539 542 2573 saeculo
558 2539 687 2583 quinto
703 2537 848 2573 decimo
871 2539 909 2572 in
931 2538 1115 2574 editiones
1136 2543 1305 2584 receptas
1330 2551 1409 2574 esse
1436 2541 1552 2585 parti-

128 2594 228 2629 culas
255 2594 345 2629 duas
371 2595 550 2630 orationis
576 2595 753 2639 Livianae,
781 2607 862 2640 quae
889 2596 926 2630 in
947 2595 1138 2631 Puteaneo
1161 2600 1198 2631 et
1218 2596 1410 2632 codicibus
1437 2608 1482 2632 ex
1507 2608 1552 2632 eo
