<?xml version="1.0" encoding="UTF-8"?>
<!DOCTYPE html PUBLIC "-//W3C//DTD XHTML 1.0 Transitional//EN"
    "http://www.w3.org/TR/xhtml1/DTD/xhtml1-transitional.dtd">
<html xmlns="http://www.w3.org/1999/xhtml" xml:lang="en" lang="en">
 <head>
  <title>
</title>
<meta http-equiv="Content-Type" content="text/html;charset=utf-8" />
  <meta name='ocr-system' content='tesseract 3.04.00' />
  <meta name='ocr-capabilities' content='ocr_page ocr_carea ocr_par ocr_line ocrx_word'/>
</head>
<body>
  <div class='ocr_page' id='page_1' title='image "./historiarumroman02livyuoft_0574.png"; bbox 0 0 1789 2955; ppageno 0'>
   <div class='ocr_carea' id='block_1_1' title="bbox 265 107 1287 154">
    <p class='ocr_par' dir='ltr' id='par_1_1' title="bbox 265 107 1287 154">
     <span class='ocr_line' id='line_1_1' title="bbox 265 107 1287 154; baseline -0.006 -5"><span class='ocrx_word' id='word_1_1' title='bbox 265 112 347 149; x_wconf 83' lang='lat'><strong>244</strong></span> <span class='ocrx_word' id='word_1_2' title='bbox 676 108 792 143; x_wconf 76' lang='lat' dir='ltr'><strong>Liber</strong></span> <span class='ocrx_word' id='word_1_3' title='bbox 815 107 939 143; x_wconf 88' lang='lat' dir='ltr'>XXX.</span> <span class='ocrx_word' id='word_1_4' title='bbox 988 110 1051 153; x_wconf 87' lang='lat' dir='ltr'><strong>(A.</strong></span> <span class='ocrx_word' id='word_1_5' title='bbox 1076 122 1110 144; x_wconf 93' lang='lat' dir='ltr'><strong>u.</strong></span> <span class='ocrx_word' id='word_1_6' title='bbox 1139 121 1167 144; x_wconf 86' lang='lat' dir='ltr'><strong>c.</strong></span> <span class='ocrx_word' id='word_1_7' title='bbox 1193 109 1287 154; x_wconf 87' lang='lat'>551.)</span> 
     </span>
    </p>
   </div>
   <div class='ocr_carea' id='block_1_2' title="bbox 118 236 1701 2729">
    <p class='ocr_par' dir='ltr' id='par_1_2' title="bbox 219 236 1701 1930">
     <span class='ocr_line' id='line_1_2' title="bbox 266 236 1696 287; baseline 0.001 -13"><span class='ocrx_word' id='word_1_8' title='bbox 266 237 430 274; x_wconf 87' lang='lat' dir='ltr'><strong>fratrem</strong></span> <span class='ocrx_word' id='word_1_9' title='bbox 463 237 546 274; x_wconf 86' lang='lat' dir='ltr'><strong>eius</strong></span> <span class='ocrx_word' id='word_1_10' title='bbox 578 236 846 274; x_wconf 87' lang='lat' dir='ltr'><strong>Hannibalem</strong></span> <span class='ocrx_word' id='word_1_11' title='bbox 889 237 997 284; x_wconf 88' lang='lat' dir='ltr'><strong>(nam</strong></span> <span class='ocrx_word' id='word_1_12' title='bbox 1038 236 1086 273; x_wconf 85' lang='lat' dir='ltr'><strong>ad</strong></span> <span class='ocrx_word' id='word_1_13' title='bbox 1117 249 1206 273; x_wconf 90' lang='lat' dir='ltr'><strong>eum</strong></span> <span class='ocrx_word' id='word_1_14' title='bbox 1236 249 1396 286; x_wconf 90' lang='lat' dir='ltr'><strong>quoque</strong></span> <span class='ocrx_word' id='word_1_15' title='bbox 1434 236 1511 274; x_wconf 90' lang='lat' dir='ltr'><strong>isse</strong></span> <span class='ocrx_word' id='word_1_16' title='bbox 1542 237 1696 287; x_wconf 86' lang='lat' dir='ltr'><strong>legatos</strong></span> 
     </span>
     <span class='ocr_line' id='line_1_3' title="bbox 266 307 1697 358; baseline 0 -12"><span class='ocrx_word' id='word_1_17' title='bbox 266 309 404 346; x_wconf 91' lang='lat' dir='ltr'><strong>eadem</strong></span> <span class='ocrx_word' id='word_1_18' title='bbox 435 308 636 358; x_wconf 87' lang='lat' dir='ltr'><strong>iubentes)</strong></span> <span class='ocrx_word' id='word_1_19' title='bbox 667 308 883 354; x_wconf 69' lang='lat' dir='ltr'><strong>facturum,</strong></span> <span class='ocrx_word' id='word_1_20' title='bbox 914 321 993 345; x_wconf 93' lang='lat' dir='ltr'><strong>non</strong></span> <span class='ocrx_word' id='word_1_21' title='bbox 1031 308 1071 344; x_wconf 89' lang='lat' dir='ltr'><strong>in</strong></span> <span class='ocrx_word' id='word_1_22' title='bbox 1111 321 1155 345; x_wconf 93' lang='lat' dir='ltr'><strong>eo</strong></span> <span class='ocrx_word' id='word_1_23' title='bbox 1187 321 1270 345; x_wconf 92' lang='lat' dir='ltr'><strong>esse</strong></span> <span class='ocrx_word' id='word_1_24' title='bbox 1303 307 1697 357; x_wconf 74' lang='lat' dir='ltr'><strong>Carthaginiensium</strong></span> 
     </span>
     <span class='ocr_line' id='line_1_4' title="bbox 219 365 1697 430; baseline 0.001 -14"><span class='ocrx_word' id='word_1_25' title='bbox 219 380 337 428; x_wconf 86' lang='lat' dir='ltr'><strong>4res,</strong></span> <span class='ocrx_word' id='word_1_26' title='bbox 368 384 413 418; x_wconf 90' lang='lat' dir='ltr'><strong>ut</strong></span> <span class='ocrx_word' id='word_1_27' title='bbox 446 380 621 418; x_wconf 80' lang='lat' dir='ltr'><strong>Galliam</strong></span> <span class='ocrx_word' id='word_1_28' title='bbox 663 365 782 430; x_wconf 83' lang='lat' dir='ltr'><strong>atque</strong></span> <span class='ocrx_word' id='word_1_29' title='bbox 813 380 972 417; x_wconf 86' lang='lat' dir='ltr'><strong>Italiam</strong></span> <span class='ocrx_word' id='word_1_30' title='bbox 1019 380 1139 417; x_wconf 89' lang='lat' dir='ltr'><strong>armis</strong></span> <span class='ocrx_word' id='word_1_31' title='bbox 1181 379 1402 417; x_wconf 73' lang='lat' dir='ltr'><strong>obtineant.</strong></span> <span class='ocrx_word' id='word_1_32' title='bbox 1464 380 1586 429; x_wconf 86' lang='lat' dir='ltr'><strong>Mago</strong></span> <span class='ocrx_word' id='word_1_33' title='bbox 1617 394 1697 418; x_wconf 90' lang='lat' dir='ltr'><strong>non</strong></span> 
     </span>
     <span class='ocr_line' id='line_1_5' title="bbox 267 451 1696 503; baseline 0 -13"><span class='ocrx_word' id='word_1_34' title='bbox 267 453 434 503; x_wconf 88' lang='lat' dir='ltr'><strong>imperio</strong></span> <span class='ocrx_word' id='word_1_35' title='bbox 461 451 575 490; x_wconf 90' lang='lat' dir='ltr'><strong>modo</strong></span> <span class='ocrx_word' id='word_1_36' title='bbox 602 455 760 490; x_wconf 86' lang='lat' dir='ltr'><strong>senatus</strong></span> <span class='ocrx_word' id='word_1_37' title='bbox 785 451 1047 501; x_wconf 86' lang='lat' dir='ltr'><strong>periculoque</strong></span> <span class='ocrx_word' id='word_1_38' title='bbox 1071 452 1214 501; x_wconf 89' lang='lat' dir='ltr'><strong>patriae</strong></span> <span class='ocrx_word' id='word_1_39' title='bbox 1246 455 1387 498; x_wconf 89' lang='lat' dir='ltr'><strong>motus,</strong></span> <span class='ocrx_word' id='word_1_40' title='bbox 1419 451 1487 489; x_wconf 88' lang='lat' dir='ltr'><strong>sed</strong></span> <span class='ocrx_word' id='word_1_41' title='bbox 1518 456 1696 490; x_wconf 87' lang='lat' dir='ltr'><strong>metuens</strong></span> 
     </span>
     <span class='ocr_line' id='line_1_6' title="bbox 269 523 1700 574; baseline 0 -12"><span class='ocrx_word' id='word_1_42' title='bbox 269 525 411 570; x_wconf 85' lang='lat' dir='ltr'><strong>etiam,</strong></span> <span class='ocrx_word' id='word_1_43' title='bbox 441 538 489 561; x_wconf 88' lang='lat' dir='ltr'><strong>ne</strong></span> <span class='ocrx_word' id='word_1_44' title='bbox 520 524 649 562; x_wconf 87' lang='lat' dir='ltr'><strong>victor</strong></span> <span class='ocrx_word' id='word_1_45' title='bbox 694 523 822 562; x_wconf 83' lang='lat' dir='ltr'><strong>hostis</strong></span> <span class='ocrx_word' id='word_1_46' title='bbox 867 524 1040 562; x_wconf 87' lang='lat' dir='ltr'><strong>moranti</strong></span> <span class='ocrx_word' id='word_1_47' title='bbox 1088 524 1274 569; x_wconf 82' lang='lat' dir='ltr'><strong>instaret,</strong></span> <span class='ocrx_word' id='word_1_48' title='bbox 1306 523 1558 574; x_wconf 81' lang='lat' dir='ltr'><strong>Liguresque</strong></span> <span class='ocrx_word' id='word_1_49' title='bbox 1605 524 1700 574; x_wconf 85' lang='lat' dir='ltr'><strong>ipsi,</strong></span> 
     </span>
     <span class='ocr_line' id='line_1_7' title="bbox 266 595 1698 646; baseline 0 -12"><span class='ocrx_word' id='word_1_50' title='bbox 266 597 442 646; x_wconf 88' lang='lat' dir='ltr'><strong>relinqui</strong></span> <span class='ocrx_word' id='word_1_51' title='bbox 473 596 637 634; x_wconf 85' lang='lat' dir='ltr'><strong>Italiam</strong></span> <span class='ocrx_word' id='word_1_52' title='bbox 670 609 692 633; x_wconf 89' lang='lat' dir='ltr'><strong>a</strong></span> <span class='ocrx_word' id='word_1_53' title='bbox 722 595 861 633; x_wconf 80' lang='lat' dir='ltr'><strong>Poenis</strong></span> <span class='ocrx_word' id='word_1_54' title='bbox 892 598 1110 642; x_wconf 82' lang='lat' dir='ltr'><strong>cernentes,</strong></span> <span class='ocrx_word' id='word_1_55' title='bbox 1143 596 1193 632; x_wconf 88' lang='lat' dir='ltr'><strong>ad</strong></span> <span class='ocrx_word' id='word_1_56' title='bbox 1225 609 1303 642; x_wconf 85' lang='lat' dir='ltr'><strong>eos,</strong></span> <span class='ocrx_word' id='word_1_57' title='bbox 1335 609 1502 646; x_wconf 90' lang='lat' dir='ltr'><strong>quorum</strong></span> <span class='ocrx_word' id='word_1_58' title='bbox 1534 610 1624 634; x_wconf 89' lang='lat' dir='ltr'><strong>mox</strong></span> <span class='ocrx_word' id='word_1_59' title='bbox 1658 597 1698 634; x_wconf 90' lang='lat' dir='ltr'><strong>in</strong></span> 
     </span>
     <span class='ocr_line' id='line_1_8' title="bbox 229 667 1699 719; baseline 0 -13"><span class='ocrx_word' id='word_1_60' title='bbox 229 668 467 719; x_wconf 85' lang='lat' dir='ltr'><strong>5potestate</strong></span> <span class='ocrx_word' id='word_1_61' title='bbox 497 668 624 705; x_wconf 81' lang='lat' dir='ltr'><strong>futuri</strong></span> <span class='ocrx_word' id='word_1_62' title='bbox 655 671 796 717; x_wconf 78' lang='lat' dir='ltr'><strong>essent.</strong></span> <span class='ocrx_word' id='word_1_63' title='bbox 831 667 1055 715; x_wconf 87' lang='lat' dir='ltr'><strong>deficerent,</strong></span> <span class='ocrx_word' id='word_1_64' title='bbox 1087 667 1205 705; x_wconf 88' lang='lat' dir='ltr'><strong>simul</strong></span> <span class='ocrx_word' id='word_1_65' title='bbox 1236 680 1401 717; x_wconf 88' lang='lat' dir='ltr'><strong>sperans</strong></span> <span class='ocrx_word' id='word_1_66' title='bbox 1433 668 1624 706; x_wconf 91' lang='lat' dir='ltr'><strong>leniorem</strong></span> <span class='ocrx_word' id='word_1_67' title='bbox 1656 669 1699 706; x_wconf 92' lang='lat' dir='ltr'><strong>in</strong></span> 
     </span>
     <span class='ocr_line' id='line_1_9' title="bbox 265 740 1699 790; baseline -0.001 -11"><span class='ocrx_word' id='word_1_68' title='bbox 265 741 522 790; x_wconf 87' lang='lat' dir='ltr'><strong>navigatione</strong></span> <span class='ocrx_word' id='word_1_69' title='bbox 555 753 673 789; x_wconf 91' lang='lat' dir='ltr'><strong>quam</strong></span> <span class='ocrx_word' id='word_1_70' title='bbox 706 740 748 777; x_wconf 90' lang='lat' dir='ltr'><strong>in</strong></span> <span class='ocrx_word' id='word_1_71' title='bbox 778 740 845 778; x_wconf 86' lang='lat' dir='ltr'><strong>via</strong></span> <span class='ocrx_word' id='word_1_72' title='bbox 877 740 1135 778; x_wconf 85' lang='lat' dir='ltr'><strong>iactationem</strong></span> <span class='ocrx_word' id='word_1_73' title='bbox 1179 740 1359 777; x_wconf 88' lang='lat' dir='ltr'><strong>vulneris</strong></span> <span class='ocrx_word' id='word_1_74' title='bbox 1400 740 1484 777; x_wconf 88' lang='lat' dir='ltr'><strong>fore</strong></span> <span class='ocrx_word' id='word_1_75' title='bbox 1516 743 1555 777; x_wconf 90' lang='lat' dir='ltr'><strong>et</strong></span> <span class='ocrx_word' id='word_1_76' title='bbox 1586 752 1699 778; x_wconf 85' lang='lat' dir='ltr'><strong>cura-</strong></span> 
     </span>
     <span class='ocr_line' id='line_1_10' title="bbox 264 811 1698 862; baseline 0 -12"><span class='ocrx_word' id='word_1_77' title='bbox 264 813 369 851; x_wconf 86' lang='lat' dir='ltr'><strong>tioni</strong></span> <span class='ocrx_word' id='word_1_78' title='bbox 402 812 534 850; x_wconf 90' lang='lat' dir='ltr'><strong>omnia</strong></span> <span class='ocrx_word' id='word_1_79' title='bbox 566 811 844 861; x_wconf 85' lang='lat' dir='ltr'><strong>commodiora,</strong></span> <span class='ocrx_word' id='word_1_80' title='bbox 878 811 1078 862; x_wconf 85' lang='lat' dir='ltr'><strong>impositis</strong></span> <span class='ocrx_word' id='word_1_81' title='bbox 1103 811 1230 861; x_wconf 88' lang='lat' dir='ltr'><strong>copiis</strong></span> <span class='ocrx_word' id='word_1_82' title='bbox 1262 811 1302 848; x_wconf 91' lang='lat' dir='ltr'><strong>in</strong></span> <span class='ocrx_word' id='word_1_83' title='bbox 1334 825 1452 850; x_wconf 89' lang='lat' dir='ltr'><strong>naves</strong></span> <span class='ocrx_word' id='word_1_84' title='bbox 1483 812 1698 862; x_wconf 85' lang='lat' dir='ltr'><strong>profectus,</strong></span> 
     </span>
     <span class='ocr_line' id='line_1_11' title="bbox 265 881 1698 933; baseline 0 -11"><span class='ocrx_word' id='word_1_85' title='bbox 265 884 430 923; x_wconf 85' lang='lat' dir='ltr'><strong>vixdum</strong></span> <span class='ocrx_word' id='word_1_86' title='bbox 463 887 651 933; x_wconf 85' lang='lat' dir='ltr'><strong>superata</strong></span> <span class='ocrx_word' id='word_1_87' title='bbox 682 881 869 921; x_wconf 82' lang='lat' dir='ltr'><strong>Sardinia</strong></span> <span class='ocrx_word' id='word_1_88' title='bbox 893 897 941 921; x_wconf 83' lang='lat' dir='ltr'><strong>ex</strong></span> <span class='ocrx_word' id='word_1_89' title='bbox 966 883 1132 921; x_wconf 87' lang='lat' dir='ltr'><strong>vulnere</strong></span> <span class='ocrx_word' id='word_1_90' title='bbox 1157 883 1339 921; x_wconf 89' lang='lat' dir='ltr'><strong>moritur.</strong></span> <span class='ocrx_word' id='word_1_91' title='bbox 1384 883 1514 922; x_wconf 84' lang='lat' dir='ltr'><strong>Naves</strong></span> <span class='ocrx_word' id='word_1_92' title='bbox 1539 895 1698 933; x_wconf 88' lang='lat' dir='ltr'><strong>quoque</strong></span> 
     </span>
     <span class='ocr_line' id='line_1_12' title="bbox 267 955 1698 1007; baseline -0.001 -12"><span class='ocrx_word' id='word_1_93' title='bbox 267 957 423 1007; x_wconf 83' lang='lat' dir='ltr'><strong>aliquot</strong></span> <span class='ocrx_word' id='word_1_94' title='bbox 453 955 670 993; x_wconf 87' lang='lat' dir='ltr'><strong>Poenorum</strong></span> <span class='ocrx_word' id='word_1_95' title='bbox 711 955 887 992; x_wconf 83' lang='lat' dir='ltr'><strong>disiectae</strong></span> <span class='ocrx_word' id='word_1_96' title='bbox 927 956 968 992; x_wconf 92' lang='lat' dir='ltr'><strong>in</strong></span> <span class='ocrx_word' id='word_1_97' title='bbox 1009 956 1091 993; x_wconf 90' lang='lat' dir='ltr'><strong>alto</strong></span> <span class='ocrx_word' id='word_1_98' title='bbox 1138 968 1161 992; x_wconf 92' lang='lat' dir='ltr'><strong>a</strong></span> <span class='ocrx_word' id='word_1_99' title='bbox 1205 955 1333 993; x_wconf 89' lang='lat' dir='ltr'><strong>classe</strong></span> <span class='ocrx_word' id='word_1_100' title='bbox 1364 956 1566 1005; x_wconf 85' lang='lat' dir='ltr'><strong>Romana,</strong></span> <span class='ocrx_word' id='word_1_101' title='bbox 1610 968 1698 1005; x_wconf 89' lang='lat' dir='ltr'><strong>quae</strong></span> 
     </span>
     <span class='ocr_line' id='line_1_13' title="bbox 222 1027 1698 1078; baseline -0.001 -12"><span class='ocrx_word' id='word_1_102' title='bbox 222 1029 244 1066; x_wconf 87' lang='lat'>6</span> <span class='ocrx_word' id='word_1_103' title='bbox 264 1029 371 1068; x_wconf 89' lang='lat' dir='ltr'><strong>circa</strong></span> <span class='ocrx_word' id='word_1_104' title='bbox 388 1027 620 1066; x_wconf 84' lang='lat' dir='ltr'><strong>Sardiniam</strong></span> <span class='ocrx_word' id='word_1_105' title='bbox 647 1031 742 1074; x_wconf 89' lang='lat' dir='ltr'><strong>erat,</strong></span> <span class='ocrx_word' id='word_1_106' title='bbox 775 1028 999 1077; x_wconf 87' lang='lat' dir='ltr'><strong>capiuntur.</strong></span> <span class='ocrx_word' id='word_1_107' title='bbox 1055 1027 1153 1065; x_wconf 87' lang='lat' dir='ltr'><strong>Haec</strong></span> <span class='ocrx_word' id='word_1_108' title='bbox 1177 1030 1285 1065; x_wconf 88' lang='lat' dir='ltr'><strong>terra</strong></span> <span class='ocrx_word' id='word_1_109' title='bbox 1311 1028 1492 1077; x_wconf 83' lang='lat' dir='ltr'><strong>marique</strong></span> <span class='ocrx_word' id='word_1_110' title='bbox 1515 1028 1558 1065; x_wconf 89' lang='lat' dir='ltr'><strong>in</strong></span> <span class='ocrx_word' id='word_1_111' title='bbox 1585 1031 1698 1078; x_wconf 83' lang='lat' dir='ltr'><strong>parte</strong></span> 
     </span>
     <span class='ocr_line' id='line_1_14' title="bbox 264 1098 1070 1150; baseline -0.002 -11"><span class='ocrx_word' id='word_1_112' title='bbox 264 1101 410 1150; x_wconf 72' lang='lat' dir='ltr'><strong>Italiae,</strong></span> <span class='ocrx_word' id='word_1_113' title='bbox 443 1112 531 1150; x_wconf 87' lang='lat' dir='ltr'><strong>quae</strong></span> <span class='ocrx_word' id='word_1_114' title='bbox 561 1100 664 1137; x_wconf 89' lang='lat' dir='ltr'><strong>iacet</strong></span> <span class='ocrx_word' id='word_1_115' title='bbox 694 1100 745 1137; x_wconf 91' lang='lat' dir='ltr'><strong>ad</strong></span> <span class='ocrx_word' id='word_1_116' title='bbox 776 1098 916 1149; x_wconf 83' lang='lat' dir='ltr'><strong>AlpeS,</strong></span> <span class='ocrx_word' id='word_1_117' title='bbox 947 1103 1070 1148; x_wconf 85' lang='lat' dir='ltr'><strong>gesta.</strong></span> 
     </span>
     <span class='ocr_line' id='line_1_15' title="bbox 381 1170 1699 1221; baseline -0.002 -11"><span class='ocrx_word' id='word_1_118' title='bbox 381 1172 531 1211; x_wconf 89' lang='lat' dir='ltr'><strong>Consul</strong></span> <span class='ocrx_word' id='word_1_119' title='bbox 563 1171 604 1209; x_wconf 86' lang='lat' dir='ltr'><strong>C.</strong></span> <span class='ocrx_word' id='word_1_120' title='bbox 638 1170 849 1217; x_wconf 86' lang='lat' dir='ltr'><strong>Servilius,</strong></span> <span class='ocrx_word' id='word_1_121' title='bbox 889 1172 1001 1209; x_wconf 86' lang='lat' dir='ltr'><strong>nulla</strong></span> <span class='ocrx_word' id='word_1_122' title='bbox 1032 1171 1284 1209; x_wconf 89' lang='lat' dir='ltr'><strong>memorabili</strong></span> <span class='ocrx_word' id='word_1_123' title='bbox 1313 1184 1357 1208; x_wconf 90' lang='lat' dir='ltr'><strong>re</strong></span> <span class='ocrx_word' id='word_1_124' title='bbox 1402 1171 1443 1208; x_wconf 93' lang='lat' dir='ltr'><strong>in</strong></span> <span class='ocrx_word' id='word_1_125' title='bbox 1488 1171 1699 1221; x_wconf 90' lang='lat' dir='ltr'><strong>provincia</strong></span> 
     </span>
     <span class='ocr_line' id='line_1_16' title="bbox 265 1243 1696 1294; baseline -0.002 -11"><span class='ocrx_word' id='word_1_126' title='bbox 265 1245 432 1284; x_wconf 79' lang='lat' dir='ltr'><strong>Etruria</strong></span> <span class='ocrx_word' id='word_1_127' title='bbox 485 1243 702 1292; x_wconf 82' lang='lat' dir='ltr'><strong>Galliaque</strong></span> <span class='ocrx_word' id='word_1_128' title='bbox 761 1243 868 1292; x_wconf 87' lang='lat' dir='ltr'><strong>(nam</strong></span> <span class='ocrx_word' id='word_1_129' title='bbox 924 1257 968 1281; x_wconf 94' lang='lat' dir='ltr'><strong>eo</strong></span> <span class='ocrx_word' id='word_1_130' title='bbox 1029 1257 1189 1294; x_wconf 89' lang='lat' dir='ltr'><strong>quoque</strong></span> <span class='ocrx_word' id='word_1_131' title='bbox 1248 1244 1512 1293; x_wconf 83' lang='lat' dir='ltr'><strong>processerat)</strong></span> <span class='ocrx_word' id='word_1_132' title='bbox 1572 1245 1696 1292; x_wconf 85' lang='lat' dir='ltr'><strong>gesta,</strong></span> 
     </span>
     <span class='ocr_line' id='line_1_17' title="bbox 225 1314 1701 1368; baseline -0.001 -15"><span class='ocrx_word' id='word_1_133' title='bbox 225 1318 380 1368; x_wconf 86' lang='lat' dir='ltr'><strong>7patre</strong></span> <span class='ocrx_word' id='word_1_134' title='bbox 425 1316 466 1354; x_wconf 85' lang='lat' dir='ltr'><strong>O.</strong></span> <span class='ocrx_word' id='word_1_135' title='bbox 513 1314 688 1353; x_wconf 84' lang='lat' dir='ltr'><strong>Servilio</strong></span> <span class='ocrx_word' id='word_1_136' title='bbox 730 1319 767 1353; x_wconf 90' lang='lat' dir='ltr'><strong>et</strong></span> <span class='ocrx_word' id='word_1_137' title='bbox 807 1314 850 1353; x_wconf 88' lang='lat' dir='ltr'><strong>C.</strong></span> <span class='ocrx_word' id='word_1_138' title='bbox 892 1315 1056 1353; x_wconf 85' lang='lat' dir='ltr'><strong>Lutatio</strong></span> <span class='ocrx_word' id='word_1_139' title='bbox 1098 1329 1145 1353; x_wconf 87' lang='lat' dir='ltr'><strong>ex</strong></span> <span class='ocrx_word' id='word_1_140' title='bbox 1186 1315 1378 1353; x_wconf 84' lang='lat' dir='ltr'><strong>servitute</strong></span> <span class='ocrx_word' id='word_1_141' title='bbox 1419 1318 1508 1365; x_wconf 87' lang='lat' dir='ltr'><strong>post</strong></span> <span class='ocrx_word' id='word_1_142' title='bbox 1546 1318 1701 1353; x_wconf 88' lang='lat' dir='ltr'><strong>sextum</strong></span> 
     </span>
     <span class='ocr_line' id='line_1_18' title="bbox 267 1386 1699 1437; baseline -0.001 -11"><span class='ocrx_word' id='word_1_143' title='bbox 267 1389 468 1426; x_wconf 89' lang='lat' dir='ltr'><strong>decimum</strong></span> <span class='ocrx_word' id='word_1_144' title='bbox 499 1401 646 1425; x_wconf 88' lang='lat' dir='ltr'><strong>annum</strong></span> <span class='ocrx_word' id='word_1_145' title='bbox 677 1387 867 1437; x_wconf 86' lang='lat' dir='ltr'><strong>receptis,</strong></span> <span class='ocrx_word' id='word_1_146' title='bbox 913 1388 984 1437; x_wconf 91' lang='lat' dir='ltr'><strong>qui</strong></span> <span class='ocrx_word' id='word_1_147' title='bbox 1025 1387 1076 1425; x_wconf 90' lang='lat' dir='ltr'><strong>ad</strong></span> <span class='ocrx_word' id='word_1_148' title='bbox 1108 1387 1239 1425; x_wconf 89' lang='lat' dir='ltr'><strong>vicum</strong></span> <span class='ocrx_word' id='word_1_149' title='bbox 1273 1386 1499 1425; x_wconf 84' lang='lat' dir='ltr'><strong>Tannetum</strong></span> <span class='ocrx_word' id='word_1_150' title='bbox 1529 1400 1552 1424; x_wconf 93' lang='lat' dir='ltr'><strong>a</strong></span> <span class='ocrx_word' id='word_1_151' title='bbox 1583 1386 1699 1424; x_wconf 85' lang='lat' dir='ltr'><strong>Boiis</strong></span> 
     </span>
     <span class='ocr_line' id='line_1_19' title="bbox 220 1458 1699 1511; baseline -0.001 -14"><span class='ocrx_word' id='word_1_152' title='bbox 220 1461 245 1497; x_wconf 87' lang='lat'>8</span> <span class='ocrx_word' id='word_1_153' title='bbox 263 1460 370 1511; x_wconf 89' lang='lat' dir='ltr'><strong>capti</strong></span> <span class='ocrx_word' id='word_1_154' title='bbox 401 1461 572 1507; x_wconf 85' lang='lat' dir='ltr'><strong>fuerant,</strong></span> <span class='ocrx_word' id='word_1_155' title='bbox 604 1460 697 1497; x_wconf 92' lang='lat' dir='ltr'><strong>hinc</strong></span> <span class='ocrx_word' id='word_1_156' title='bbox 729 1463 854 1510; x_wconf 88' lang='lat' dir='ltr'><strong>patre,</strong></span> <span class='ocrx_word' id='word_1_157' title='bbox 886 1459 978 1496; x_wconf 89' lang='lat' dir='ltr'><strong>hinc</strong></span> <span class='ocrx_word' id='word_1_158' title='bbox 998 1458 1140 1497; x_wconf 89' lang='lat' dir='ltr'><strong>Catulo</strong></span> <span class='ocrx_word' id='word_1_159' title='bbox 1163 1460 1282 1498; x_wconf 89' lang='lat' dir='ltr'><strong>lateri</strong></span> <span class='ocrx_word' id='word_1_160' title='bbox 1313 1458 1585 1505; x_wconf 89' lang='lat' dir='ltr'><strong>circumdatis,</strong></span> <span class='ocrx_word' id='word_1_161' title='bbox 1619 1458 1699 1509; x_wconf 89' lang='lat' dir='ltr'><strong>pri-</strong></span> 
     </span>
     <span class='ocr_line' id='line_1_20' title="bbox 265 1530 1697 1582; baseline -0.001 -11"><span class='ocrx_word' id='word_1_162' title='bbox 265 1536 358 1571; x_wconf 87' lang='lat' dir='ltr'><strong>vato</strong></span> <span class='ocrx_word' id='word_1_163' title='bbox 405 1533 532 1582; x_wconf 86' lang='lat' dir='ltr'><strong>magis</strong></span> <span class='ocrx_word' id='word_1_164' title='bbox 579 1545 696 1582; x_wconf 90' lang='lat' dir='ltr'><strong>quam</strong></span> <span class='ocrx_word' id='word_1_165' title='bbox 741 1531 904 1581; x_wconf 90' lang='lat' dir='ltr'><strong>publico</strong></span> <span class='ocrx_word' id='word_1_166' title='bbox 954 1532 1095 1569; x_wconf 88' lang='lat' dir='ltr'><strong>decore</strong></span> <span class='ocrx_word' id='word_1_167' title='bbox 1143 1532 1311 1582; x_wconf 84' lang='lat' dir='ltr'><strong>insignis</strong></span> <span class='ocrx_word' id='word_1_168' title='bbox 1349 1531 1519 1569; x_wconf 83' lang='lat' dir='ltr'><strong>Romam</strong></span> <span class='ocrx_word' id='word_1_169' title='bbox 1563 1530 1697 1570; x_wconf 88' lang='lat' dir='ltr'><strong>rediit.</strong></span> 
     </span>
     <span class='ocr_line' id='line_1_21' title="bbox 222 1601 1700 1654; baseline -0.001 -13"><span class='ocrx_word' id='word_1_170' title='bbox 222 1604 407 1642; x_wconf 84' lang='lat' dir='ltr'><strong>9Latum</strong></span> <span class='ocrx_word' id='word_1_171' title='bbox 455 1604 505 1643; x_wconf 91' lang='lat' dir='ltr'><strong>ad</strong></span> <span class='ocrx_word' id='word_1_172' title='bbox 551 1605 744 1654; x_wconf 91' lang='lat' dir='ltr'><strong>populum</strong></span> <span class='ocrx_word' id='word_1_173' title='bbox 776 1607 846 1650; x_wconf 89' lang='lat' dir='ltr'><strong>est,</strong></span> <span class='ocrx_word' id='word_1_174' title='bbox 892 1617 941 1641; x_wconf 90' lang='lat' dir='ltr'><strong>ne</strong></span> <span class='ocrx_word' id='word_1_175' title='bbox 985 1603 1026 1641; x_wconf 87' lang='lat' dir='ltr'><strong>C.</strong></span> <span class='ocrx_word' id='word_1_176' title='bbox 1063 1602 1239 1643; x_wconf 84' lang='lat' dir='ltr'><strong>Servilio</strong></span> <span class='ocrx_word' id='word_1_177' title='bbox 1270 1603 1404 1641; x_wconf 82' lang='lat' dir='ltr'><strong>fraudi</strong></span> <span class='ocrx_word' id='word_1_178' title='bbox 1436 1606 1558 1649; x_wconf 89' lang='lat' dir='ltr'><strong>esset,</strong></span> <span class='ocrx_word' id='word_1_179' title='bbox 1592 1601 1700 1652; x_wconf 88' lang='lat' dir='ltr'><strong>quod</strong></span> 
     </span>
     <span class='ocr_line' id='line_1_22' title="bbox 265 1674 1698 1727; baseline -0.001 -14"><span class='ocrx_word' id='word_1_180' title='bbox 265 1679 390 1727; x_wconf 89' lang='lat' dir='ltr'><strong>patre,</strong></span> <span class='ocrx_word' id='word_1_181' title='bbox 424 1676 494 1726; x_wconf 92' lang='lat' dir='ltr'><strong>qui</strong></span> <span class='ocrx_word' id='word_1_182' title='bbox 526 1676 626 1714; x_wconf 88' lang='lat' dir='ltr'><strong>sella</strong></span> <span class='ocrx_word' id='word_1_183' title='bbox 658 1676 788 1714; x_wconf 87' lang='lat' dir='ltr'><strong>curuli</strong></span> <span class='ocrx_word' id='word_1_184' title='bbox 820 1675 997 1722; x_wconf 88' lang='lat' dir='ltr'><strong>sedisset,</strong></span> <span class='ocrx_word' id='word_1_185' title='bbox 1024 1676 1128 1723; x_wconf 74' lang='lat' dir='ltr'><strong>vivo,</strong></span> <span class='ocrx_word' id='word_1_186' title='bbox 1162 1690 1284 1727; x_wconf 90' lang='lat' dir='ltr'><strong>quum</strong></span> <span class='ocrx_word' id='word_1_187' title='bbox 1307 1676 1351 1713; x_wconf 91' lang='lat' dir='ltr'><strong>id</strong></span> <span class='ocrx_word' id='word_1_188' title='bbox 1379 1676 1597 1725; x_wconf 76' lang='lat' dir='ltr'><strong>ignoraret,</strong></span> <span class='ocrx_word' id='word_1_189' title='bbox 1627 1674 1698 1711; x_wconf 88' lang='lat' dir='ltr'><strong>tri-</strong></span> 
     </span>
     <span class='ocr_line' id='line_1_23' title="bbox 264 1747 1698 1798; baseline -0.001 -13"><span class='ocrx_word' id='word_1_190' title='bbox 264 1747 396 1787; x_wconf 88' lang='lat' dir='ltr'><strong>bunus</strong></span> <span class='ocrx_word' id='word_1_191' title='bbox 427 1748 558 1798; x_wconf 90' lang='lat' dir='ltr'><strong>plebis</strong></span> <span class='ocrx_word' id='word_1_192' title='bbox 590 1751 709 1798; x_wconf 87' lang='lat' dir='ltr'><strong>atque</strong></span> <span class='ocrx_word' id='word_1_193' title='bbox 741 1748 871 1785; x_wconf 88' lang='lat' dir='ltr'><strong>aedilis</strong></span> <span class='ocrx_word' id='word_1_194' title='bbox 909 1747 1040 1798; x_wconf 87' lang='lat' dir='ltr'><strong>plebis</strong></span> <span class='ocrx_word' id='word_1_195' title='bbox 1072 1748 1224 1796; x_wconf 87' lang='lat' dir='ltr'><strong>fuisset,</strong></span> <span class='ocrx_word' id='word_1_196' title='bbox 1265 1752 1405 1786; x_wconf 90' lang='lat' dir='ltr'><strong>contra</strong></span> <span class='ocrx_word' id='word_1_197' title='bbox 1437 1760 1555 1797; x_wconf 90' lang='lat' dir='ltr'><strong>quam</strong></span> <span class='ocrx_word' id='word_1_198' title='bbox 1587 1759 1698 1784; x_wconf 90' lang='lat' dir='ltr'><strong>sanc-</strong></span> 
     </span>
     <span class='ocr_line' id='line_1_24' title="bbox 264 1818 1699 1872; baseline -0.001 -15"><span class='ocrx_word' id='word_1_199' title='bbox 264 1822 349 1857; x_wconf 91' lang='lat' dir='ltr'><strong>tum</strong></span> <span class='ocrx_word' id='word_1_200' title='bbox 395 1820 552 1869; x_wconf 87' lang='lat' dir='ltr'><strong>legibus</strong></span> <span class='ocrx_word' id='word_1_201' title='bbox 601 1823 697 1858; x_wconf 81' lang='lat' dir='ltr'><strong>erat,</strong></span> <span class='ocrx_word' id='word_1_202' title='bbox 758 1819 845 1857; x_wconf 88' lang='lat' dir='ltr'><strong>Hac</strong></span> <span class='ocrx_word' id='word_1_203' title='bbox 890 1820 1098 1869; x_wconf 86' lang='lat' dir='ltr'><strong>rogatione</strong></span> <span class='ocrx_word' id='word_1_204' title='bbox 1151 1821 1308 1872; x_wconf 87' lang='lat' dir='ltr'><strong>perlata</strong></span> <span class='ocrx_word' id='word_1_205' title='bbox 1364 1820 1405 1857; x_wconf 90' lang='lat' dir='ltr'><strong>in</strong></span> <span class='ocrx_word' id='word_1_206' title='bbox 1450 1818 1699 1869; x_wconf 86' lang='lat' dir='ltr'><strong>provinciam</strong></span> 
     </span>
     <span class='ocr_line' id='line_1_25' title="bbox 261 1891 396 1930; baseline 0 -1"><span class='ocrx_word' id='word_1_207' title='bbox 261 1891 396 1930; x_wconf 89' lang='lat' dir='ltr'><strong>rediit.</strong></span> 
     </span>
    </p>

    <p class='ocr_par' dir='ltr' id='par_1_3' title="bbox 192 1962 1700 2158">
     <span class='ocr_line' id='line_1_26' title="bbox 192 1962 1697 2014; baseline -0.001 -12"><span class='ocrx_word' id='word_1_208' title='bbox 192 1964 243 2003; x_wconf 87' lang='lat'><strong>10</strong></span> <span class='ocrx_word' id='word_1_209' title='bbox 375 1962 445 2001; x_wconf 88' lang='lat' dir='ltr'><strong>Ad</strong></span> <span class='ocrx_word' id='word_1_210' title='bbox 478 1963 547 2002; x_wconf 88' lang='lat' dir='ltr'><strong>Cn.</strong></span> <span class='ocrx_word' id='word_1_211' title='bbox 580 1962 797 2002; x_wconf 84' lang='lat' dir='ltr'><strong>Servilium</strong></span> <span class='ocrx_word' id='word_1_212' title='bbox 829 1963 1052 2011; x_wconf 85' lang='lat' dir='ltr'><strong>consulem,</strong></span> <span class='ocrx_word' id='word_1_213' title='bbox 1083 1963 1153 2014; x_wconf 89' lang='lat' dir='ltr'><strong>qui</strong></span> <span class='ocrx_word' id='word_1_214' title='bbox 1192 1964 1233 2001; x_wconf 91' lang='lat' dir='ltr'><strong>in</strong></span> <span class='ocrx_word' id='word_1_215' title='bbox 1264 1963 1437 2002; x_wconf 87' lang='lat' dir='ltr'><strong>Bruttiis</strong></span> <span class='ocrx_word' id='word_1_216' title='bbox 1468 1966 1564 2010; x_wconf 86' lang='lat' dir='ltr'><strong>erat,</strong></span> <span class='ocrx_word' id='word_1_217' title='bbox 1597 1962 1697 2001; x_wconf 88' lang='lat' dir='ltr'><strong>Con-</strong></span> 
     </span>
     <span class='ocr_line' id='line_1_27' title="bbox 264 2034 1698 2086; baseline -0.001 -13"><span class='ocrx_word' id='word_1_218' title='bbox 264 2036 404 2082; x_wconf 89' lang='lat' dir='ltr'><strong>sentia,</strong></span> <span class='ocrx_word' id='word_1_219' title='bbox 427 2034 647 2085; x_wconf 77' lang='lat' dir='ltr'><strong>Aufugum,</strong></span> <span class='ocrx_word' id='word_1_220' title='bbox 665 2035 821 2085; x_wconf 87' lang='lat' dir='ltr'><strong>Bergae,</strong></span> <span class='ocrx_word' id='word_1_221' title='bbox 843 2035 1032 2082; x_wconf 86' lang='lat' dir='ltr'><strong>Besidiae,</strong></span> <span class='ocrx_word' id='word_1_222' title='bbox 1057 2034 1303 2083; x_wconf 88' lang='lat' dir='ltr'><strong>Ocriculum,</strong></span> <span class='ocrx_word' id='word_1_223' title='bbox 1318 2035 1590 2086; x_wconf 85' lang='lat' dir='ltr'><strong>Lymphaeum,</strong></span> <span class='ocrx_word' id='word_1_224' title='bbox 1618 2034 1698 2072; x_wconf 85' lang='lat' dir='ltr'><strong>Ar-</strong></span> 
     </span>
     <span class='ocr_line' id='line_1_28' title="bbox 264 2106 1700 2158; baseline -0.001 -12"><span class='ocrx_word' id='word_1_225' title='bbox 264 2111 492 2157; x_wconf 88' lang='lat' dir='ltr'><strong>gentanum,</strong></span> <span class='ocrx_word' id='word_1_226' title='bbox 526 2106 752 2157; x_wconf 84' lang='lat' dir='ltr'><strong>Clampetia</strong></span> <span class='ocrx_word' id='word_1_227' title='bbox 774 2107 973 2157; x_wconf 90' lang='lat' dir='ltr'><strong>multique</strong></span> <span class='ocrx_word' id='word_1_228' title='bbox 999 2108 1070 2145; x_wconf 90' lang='lat' dir='ltr'><strong>alii</strong></span> <span class='ocrx_word' id='word_1_229' title='bbox 1096 2107 1293 2158; x_wconf 84' lang='lat' dir='ltr'><strong>ignobiles</strong></span> <span class='ocrx_word' id='word_1_230' title='bbox 1317 2108 1471 2158; x_wconf 89' lang='lat' dir='ltr'><strong>populi,</strong></span> <span class='ocrx_word' id='word_1_231' title='bbox 1494 2119 1700 2146; x_wconf 86' lang='lat' dir='ltr'><strong>senescere</strong></span> 
     </span>
    </p>

    <p class='ocr_par' dir='ltr' id='par_1_4' title="bbox 199 2178 1700 2445">
     <span class='ocr_line' id='line_1_29' title="bbox 199 2178 1698 2226; baseline 0.001 -10"><span class='ocrx_word' id='word_1_232' title='bbox 199 2179 244 2216; x_wconf 88' lang='lat' dir='ltr'><strong>ll</strong></span> <span class='ocrx_word' id='word_1_233' title='bbox 265 2180 466 2218; x_wconf 88' lang='lat' dir='ltr'><strong>Punicum</strong></span> <span class='ocrx_word' id='word_1_234' title='bbox 482 2178 634 2217; x_wconf 89' lang='lat' dir='ltr'><strong>bellum</strong></span> <span class='ocrx_word' id='word_1_235' title='bbox 662 2182 878 2226; x_wconf 84' lang='lat' dir='ltr'><strong>cernentes,</strong></span> <span class='ocrx_word' id='word_1_236' title='bbox 902 2179 1091 2218; x_wconf 85' lang='lat' dir='ltr'><strong>defecere.</strong></span> <span class='ocrx_word' id='word_1_237' title='bbox 1138 2179 1252 2217; x_wconf 90' lang='lat' dir='ltr'><strong>Idem</strong></span> <span class='ocrx_word' id='word_1_238' title='bbox 1278 2180 1415 2218; x_wconf 89' lang='lat' dir='ltr'><strong>consul</strong></span> <span class='ocrx_word' id='word_1_239' title='bbox 1438 2192 1526 2217; x_wconf 90' lang='lat' dir='ltr'><strong>cum</strong></span> <span class='ocrx_word' id='word_1_240' title='bbox 1543 2179 1698 2217; x_wconf 86' lang='lat' dir='ltr'><strong>Hanni-</strong></span> 
     </span>
     <span class='ocr_line' id='line_1_30' title="bbox 262 2249 1699 2301; baseline -0.001 -12"><span class='ocrx_word' id='word_1_241' title='bbox 262 2252 353 2290; x_wconf 86' lang='lat' dir='ltr'><strong>bale</strong></span> <span class='ocrx_word' id='word_1_242' title='bbox 384 2252 425 2289; x_wconf 88' lang='lat' dir='ltr'><strong>in</strong></span> <span class='ocrx_word' id='word_1_243' title='bbox 457 2264 553 2301; x_wconf 86' lang='lat' dir='ltr'><strong>agro</strong></span> <span class='ocrx_word' id='word_1_244' title='bbox 585 2249 839 2288; x_wconf 83' lang='lat' dir='ltr'><strong>Crotoniensi</strong></span> <span class='ocrx_word' id='word_1_245' title='bbox 871 2251 955 2288; x_wconf 87' lang='lat' dir='ltr'><strong>acie</strong></span> <span class='ocrx_word' id='word_1_246' title='bbox 987 2251 1181 2289; x_wconf 85' lang='lat' dir='ltr'><strong>conflixit.</strong></span> <span class='ocrx_word' id='word_1_247' title='bbox 1233 2250 1414 2289; x_wconf 84' lang='lat' dir='ltr'><strong>Obscura</strong></span> <span class='ocrx_word' id='word_1_248' title='bbox 1445 2251 1529 2289; x_wconf 89' lang='lat' dir='ltr'><strong>eius</strong></span> <span class='ocrx_word' id='word_1_249' title='bbox 1554 2262 1699 2301; x_wconf 82' lang='lat' dir='ltr'><strong>pugnae</strong></span> 
     </span>
     <span class='ocr_line' id='line_1_31' title="bbox 263 2321 1700 2372; baseline -0.002 -10"><span class='ocrx_word' id='word_1_250' title='bbox 263 2324 369 2362; x_wconf 86' lang='lat' dir='ltr'><strong>fama</strong></span> <span class='ocrx_word' id='word_1_251' title='bbox 401 2327 471 2361; x_wconf 88' lang='lat' dir='ltr'><strong>est.</strong></span> <span class='ocrx_word' id='word_1_252' title='bbox 531 2321 719 2360; x_wconf 85' lang='lat' dir='ltr'><strong>Valerius</strong></span> <span class='ocrx_word' id='word_1_253' title='bbox 753 2321 903 2359; x_wconf 89' lang='lat' dir='ltr'><strong>Antias</strong></span> <span class='ocrx_word' id='word_1_254' title='bbox 934 2323 1113 2372; x_wconf 88' lang='lat' dir='ltr'><strong>quinque</strong></span> <span class='ocrx_word' id='word_1_255' title='bbox 1144 2323 1274 2360; x_wconf 89' lang='lat' dir='ltr'><strong>millia</strong></span> <span class='ocrx_word' id='word_1_256' title='bbox 1299 2323 1473 2360; x_wconf 87' lang='lat' dir='ltr'><strong>hostium</strong></span> <span class='ocrx_word' id='word_1_257' title='bbox 1498 2335 1598 2360; x_wconf 85' lang='lat' dir='ltr'><strong>caesa</strong></span> <span class='ocrx_word' id='word_1_258' title='bbox 1629 2321 1700 2370; x_wconf 89' lang='lat' dir='ltr'><strong>ait,</strong></span> 
     </span>
     <span class='ocr_line' id='line_1_32' title="bbox 263 2393 1699 2445; baseline -0.002 -12"><span class='ocrx_word' id='word_1_259' title='bbox 263 2407 351 2445; x_wconf 86' lang='lat' dir='ltr'><strong>quae</strong></span> <span class='ocrx_word' id='word_1_260' title='bbox 381 2397 496 2433; x_wconf 89' lang='lat' dir='ltr'><strong>tanta</strong></span> <span class='ocrx_word' id='word_1_261' title='bbox 526 2407 590 2431; x_wconf 89' lang='lat' dir='ltr'><strong>res</strong></span> <span class='ocrx_word' id='word_1_262' title='bbox 614 2396 684 2440; x_wconf 89' lang='lat' dir='ltr'><strong>est,</strong></span> <span class='ocrx_word' id='word_1_263' title='bbox 714 2396 758 2431; x_wconf 90' lang='lat' dir='ltr'><strong>ut</strong></span> <span class='ocrx_word' id='word_1_264' title='bbox 783 2396 851 2430; x_wconf 88' lang='lat' dir='ltr'><strong>aut</strong></span> <span class='ocrx_word' id='word_1_265' title='bbox 874 2393 1129 2443; x_wconf 85' lang='lat' dir='ltr'><strong>impudenter</strong></span> <span class='ocrx_word' id='word_1_266' title='bbox 1154 2393 1246 2432; x_wconf 87' lang='lat' dir='ltr'><strong>ficta</strong></span> <span class='ocrx_word' id='word_1_267' title='bbox 1271 2394 1325 2432; x_wconf 86' lang='lat' dir='ltr'><strong>sit</strong></span> <span class='ocrx_word' id='word_1_268' title='bbox 1352 2396 1421 2432; x_wconf 87' lang='lat' dir='ltr'><strong>aut</strong></span> <span class='ocrx_word' id='word_1_269' title='bbox 1443 2393 1699 2442; x_wconf 85' lang='lat' dir='ltr'><strong>negligenter</strong></span> 
     </span>
    </p>

    <p class='ocr_par' dir='ltr' id='par_1_5' title="bbox 194 2463 1699 2658">
     <span class='ocr_line' id='line_1_33' title="bbox 194 2463 1698 2517; baseline 0 -16"><span class='ocrx_word' id='word_1_270' title='bbox 194 2465 242 2501; x_wconf 83' lang='lat'><strong>12</strong></span> <span class='ocrx_word' id='word_1_271' title='bbox 263 2466 543 2517; x_wconf 76' lang='lat' dir='ltr'><strong>praetermissa.</strong></span> <span class='ocrx_word' id='word_1_272' title='bbox 604 2463 720 2503; x_wconf 88' lang='lat' dir='ltr'><strong>Nihil</strong></span> <span class='ocrx_word' id='word_1_273' title='bbox 760 2467 866 2502; x_wconf 88' lang='lat' dir='ltr'><strong>certe</strong></span> <span class='ocrx_word' id='word_1_274' title='bbox 902 2465 1009 2503; x_wconf 87' lang='lat' dir='ltr'><strong>ultra</strong></span> <span class='ocrx_word' id='word_1_275' title='bbox 1049 2466 1109 2503; x_wconf 89' lang='lat' dir='ltr'><strong>rei</strong></span> <span class='ocrx_word' id='word_1_276' title='bbox 1151 2466 1194 2503; x_wconf 92' lang='lat' dir='ltr'><strong>in</strong></span> <span class='ocrx_word' id='word_1_277' title='bbox 1224 2465 1346 2504; x_wconf 88' lang='lat' dir='ltr'><strong>Italia</strong></span> <span class='ocrx_word' id='word_1_278' title='bbox 1385 2465 1434 2502; x_wconf 89' lang='lat' dir='ltr'><strong>ab</strong></span> <span class='ocrx_word' id='word_1_279' title='bbox 1466 2464 1698 2502; x_wconf 85' lang='lat' dir='ltr'><strong>Hannibale</strong></span> 
     </span>
     <span class='ocr_line' id='line_1_34' title="bbox 263 2534 1697 2587; baseline -0.001 -12"><span class='ocrx_word' id='word_1_280' title='bbox 263 2541 430 2587; x_wconf 84' lang='lat' dir='ltr'><strong>gestum.</strong></span> <span class='ocrx_word' id='word_1_281' title='bbox 507 2536 610 2575; x_wconf 88' lang='lat' dir='ltr'><strong>Nam</strong></span> <span class='ocrx_word' id='word_1_282' title='bbox 667 2535 717 2574; x_wconf 86' lang='lat' dir='ltr'><strong>ad</strong></span> <span class='ocrx_word' id='word_1_283' title='bbox 777 2548 867 2574; x_wconf 89' lang='lat' dir='ltr'><strong>eum</strong></span> <span class='ocrx_word' id='word_1_284' title='bbox 927 2549 1086 2586; x_wconf 88' lang='lat' dir='ltr'><strong>quoque</strong></span> <span class='ocrx_word' id='word_1_285' title='bbox 1145 2537 1269 2586; x_wconf 89' lang='lat' dir='ltr'><strong>legati</strong></span> <span class='ocrx_word' id='word_1_286' title='bbox 1331 2537 1380 2573; x_wconf 88' lang='lat' dir='ltr'><strong>ab</strong></span> <span class='ocrx_word' id='word_1_287' title='bbox 1441 2534 1697 2585; x_wconf 88' lang='lat' dir='ltr'><strong>Carthagine,</strong></span> 
     </span>
     <span class='ocr_line' id='line_1_35' title="bbox 263 2606 1699 2658; baseline -0.002 -12"><span class='ocrx_word' id='word_1_288' title='bbox 263 2611 496 2647; x_wconf 85' lang='lat' dir='ltr'><strong>revocantes</strong></span> <span class='ocrx_word' id='word_1_289' title='bbox 526 2609 566 2646; x_wconf 90' lang='lat' dir='ltr'><strong>in</strong></span> <span class='ocrx_word' id='word_1_290' title='bbox 584 2608 778 2658; x_wconf 85' lang='lat' dir='ltr'><strong>Africam,</strong></span> <span class='ocrx_word' id='word_1_291' title='bbox 812 2607 862 2645; x_wconf 90' lang='lat' dir='ltr'><strong>iis</strong></span> <span class='ocrx_word' id='word_1_292' title='bbox 893 2608 996 2646; x_wconf 84' lang='lat' dir='ltr'><strong>forte</strong></span> <span class='ocrx_word' id='word_1_293' title='bbox 1028 2607 1181 2655; x_wconf 88' lang='lat' dir='ltr'><strong>diebus,</strong></span> <span class='ocrx_word' id='word_1_294' title='bbox 1214 2607 1364 2658; x_wconf 87' lang='lat' dir='ltr'><strong>quibus</strong></span> <span class='ocrx_word' id='word_1_295' title='bbox 1396 2606 1447 2644; x_wconf 89' lang='lat' dir='ltr'><strong>ad</strong></span> <span class='ocrx_word' id='word_1_296' title='bbox 1468 2606 1699 2655; x_wconf 86' lang='lat' dir='ltr'><strong>Magonem,</strong></span> 
     </span>
    </p>

    <p class='ocr_par' dir='ltr' id='par_1_6' title="bbox 118 2674 1698 2729">
     <span class='ocr_line' id='line_1_36' title="bbox 118 2674 1698 2729; baseline -0.002 -11"><span class='ocrx_word' id='word_1_297' title='bbox 118 2674 176 2724; x_wconf 78' lang='lat'><strong>20</strong></span> <span class='ocrx_word' id='word_1_298' title='bbox 262 2682 468 2719; x_wconf 84' lang='lat' dir='ltr'><strong>venerunt.</strong></span> <span class='ocrx_word' id='word_1_299' title='bbox 528 2679 736 2718; x_wconf 85' lang='lat' dir='ltr'><strong>Frendens</strong></span> <span class='ocrx_word' id='word_1_300' title='bbox 774 2692 1014 2729; x_wconf 85' lang='lat' dir='ltr'><strong>gemensque</strong></span> <span class='ocrx_word' id='word_1_301' title='bbox 1061 2693 1105 2717; x_wconf 88' lang='lat' dir='ltr'><strong>ac</strong></span> <span class='ocrx_word' id='word_1_302' title='bbox 1147 2680 1216 2718; x_wconf 86' lang='lat' dir='ltr'><strong>vix</strong></span> <span class='ocrx_word' id='word_1_303' title='bbox 1259 2679 1437 2718; x_wconf 89' lang='lat' dir='ltr'><strong>lacrimis</strong></span> <span class='ocrx_word' id='word_1_304' title='bbox 1467 2681 1698 2728; x_wconf 86' lang='lat' dir='ltr'><strong>temperans</strong></span> 
     </span>
    </p>
   </div>
  </div>
 </body>
</html>
