1789 2955
498 97 614 132 Liber
634 96 825 132 XXVIII.
858 99 917 140 (A.
935 97 999 132 Oh.
1020 99 1114 140 207.)
1445 103 1523 140 129

86 226 256 272 Torone,
295 225 400 262 sicut
444 225 566 274 paulo
606 228 697 262 ante
737 224 887 261 dictum
920 228 990 270 est,
1030 229 1192 275 recepta
1222 226 1426 274 profectus
1458 226 1523 263 Ti-

91 298 267 335 thronon
299 299 338 334 et
368 296 572 344 Drymias,
602 296 770 334 Doridis
812 309 938 346 parva
978 299 1096 345 atque
1127 297 1324 346 ignobilia
1364 299 1525 348 oppida,

86 369 202 419 cepit.
248 368 351 405 Inde
368 368 554 414 Elatiam,
588 369 707 406 iussis
738 368 796 406 ibi
828 381 868 405 se
901 368 1082 417 opperiri
1114 367 1326 407 Ptolomaei
1342 370 1520 407 Rhodio-

88 454 257 490 rumque
288 439 442 489 legatis,
473 441 594 477 venit.
655 440 738 477 Ubi
770 453 890 489 quum
923 440 970 476 de
1001 440 1176 478 finiendo
1210 441 1386 478 AEtolico
1418 441 1526 478 bello
1549 442 1600 480 14

86 515 278 561 ageretur
310 511 523 560 (affuerant
554 512 658 548 enim
690 512 815 559 legati
845 524 973 560 nuper
999 511 1207 550 Heracleae
1239 513 1412 550 concilio
1443 513 1523 551 Ro-

86 597 296 621 manorum
329 583 668 633 AEtolorumque),
700 584 863 620 nuntius
883 582 1057 629 affertur,
1088 584 1369 622 Machanidam
1388 584 1521 634 Olym—

85 656 244 706 piorum
277 655 468 692 sollemne
498 655 699 692 ludicrum
745 658 934 704 parantes
972 654 1085 692 Elios
1130 656 1295 704 aggredi
1326 657 1521 694 statuisse.

90 726 423 765 Praevertendum
454 726 494 763 id
512 730 635 773 ratus,
666 726 808 775 legatis
826 740 914 763 cum
939 725 1113 775 benigno
1130 741 1321 777 responso
1340 729 1527 776 dimissis,
1547 729 1596 765 15

91 813 132 837 se
164 811 294 847 neque
327 811 486 835 causam
520 799 606 835 eius
630 798 727 835 belli
757 798 877 834 fuisse
909 811 979 834 nec
1012 812 1174 846 moram,
1205 800 1238 836 si
1261 800 1377 836 modo
1410 814 1523 850 aequa

84 875 123 908 et
153 871 319 908 honesta
351 870 585 907 condicione
624 870 760 916 liceat,
806 870 897 919 paci
942 870 1152 917 facturum,
1199 885 1286 908 cum
1333 873 1590 921 expeditolss

84 943 243 992 agmine
276 942 476 991 profectus
506 955 578 991 per
608 942 803 980 Boeotiam
823 942 990 989 Megara
1021 946 1140 991 atque
1172 943 1265 979 inde
1283 944 1520 982 Corinthum

83 1015 303 1060 descendit,
335 1014 441 1050 unde
474 1013 760 1051 commeatibus
806 1014 975 1062 sumptis
1007 1014 1204 1051 Phliunta
1234 1015 1521 1065 Pheneumque

82 1087 196 1136 petit.
256 1086 310 1123 Et
340 1085 417 1121 iam
463 1098 583 1134 quum
615 1085 801 1122 Heraeam
843 1085 1029 1130 venisset,
1072 1086 1211 1123 audito
1243 1087 1524 1125 Machanidam
1546 1090 1595 1125 17

83 1159 187 1195 fama
218 1158 414 1195 adventus
447 1157 508 1194 sui
538 1157 725 1194 territum
755 1158 948 1206 refugisse
972 1157 1320 1205 Laecedaemonem,
1353 1159 1519 1207 AEgium

81 1243 123 1268 se
155 1230 205 1268 ad
237 1229 451 1266 concilium
483 1228 726 1266 Achaeorum
757 1229 922 1278 recepit,
968 1229 1086 1265 simul
1118 1230 1282 1266 classem
1313 1230 1520 1278 Punicam,

82 1306 127 1339 ut
159 1302 258 1339 mari
291 1314 450 1351 quoque
482 1301 639 1349 aliquid
671 1304 816 1350 posset,
850 1301 1029 1346 accitam,
1072 1301 1128 1337 ibi
1169 1305 1278 1338 ratus
1311 1316 1351 1339 se
1383 1303 1519 1340 inven-

81 1378 227 1411 turum.
287 1373 435 1410 Paucis
477 1376 568 1409 ante
611 1372 753 1409 diebus
800 1372 895 1409 inde
943 1372 1072 1409 Oxeas
1110 1373 1353 1410 traiecerant
1383 1375 1592 1421 Poeni318

78 1445 174 1483 inde
206 1448 346 1495 portus
377 1444 639 1482 Acarnanum
670 1445 882 1494 petierant,
916 1458 1037 1494 quum
1078 1445 1126 1482 ab
1159 1443 1263 1482 Oreo
1294 1446 1518 1495 profectum

80 1517 265 1554 Attalum
297 1517 579 1566 Romanosque
611 1516 833 1562 audissent,
878 1517 1017 1563 veriti,
1062 1530 1111 1553 ne
1158 1516 1207 1553 ad
1247 1531 1287 1554 se
1319 1518 1447 1554 iretur
1478 1522 1519 1555 et

77 1589 183 1626 intra
214 1589 361 1626 Rhium
394 1589 542 1636 (fauces
575 1602 629 1625 eae
661 1591 753 1625 sunt
785 1587 985 1625 Corinthii
1018 1588 1145 1636 sinus)
1180 1589 1516 1638 opprimerentur.

192 1661 409 1711 Philippus
440 1662 628 1698 maerebat
644 1660 806 1709 quidem
833 1663 872 1697 et
888 1660 1122 1708 angebatur,
1154 1673 1273 1708 quum
1307 1661 1356 1697 ad
1384 1662 1516 1699 omnia
1604 1664 1629 1709 8

76 1734 162 1782 ipse
193 1733 343 1783 raptim
374 1733 481 1780 isset,
512 1733 615 1770 nulli
645 1736 777 1769 tamen
823 1745 864 1769 se
904 1731 963 1768 rei
1007 1732 1047 1768 in
1077 1735 1256 1780 tempore
1288 1734 1518 1780 occurrisse,

77 1809 116 1841 et
144 1806 367 1855 rapientem
400 1806 531 1843 omnia
564 1819 611 1842 ex
644 1805 770 1842 oculis
811 1803 975 1840 elusisse
1008 1803 1252 1841 celeritatem
1293 1818 1404 1842 suam
1436 1807 1514 1843 for-

75 1880 230 1924 tunam,
262 1878 303 1915 in
321 1879 492 1916 concilio
510 1882 643 1915 autem
663 1876 919 1914 dissimulans
949 1875 1230 1924 aegritudinem
1258 1877 1363 1914 elato
1381 1878 1511 1916 animo
1534 1882 1556 1917 ‘2

77 1949 280 1997 disseruit,
303 1953 473 1988 testatus
500 1950 594 1987 deos
617 1950 888 1998 hominesque,
920 1961 960 1984 se
985 1948 1095 1985 nullo
1126 1948 1211 1986 loco
1238 1962 1310 1986 nec
1335 1953 1515 1999 tempore

78 2021 274 2073 defuisse,
307 2024 423 2072 quin,
454 2023 525 2060 ubi
556 2022 730 2060 hostium
772 2034 882 2058 arma
915 2020 1256 2069 concrepuissent,
1289 2035 1334 2058 eo
1366 2025 1516 2071 quanta

78 2094 251 2132 maxima
281 2098 416 2144 posset
447 2095 650 2131 celeritate
695 2093 894 2138 tenderet3
944 2093 1013 2129 sed
1065 2094 1133 2130 vix
1171 2093 1367 2130 rationem
1416 2095 1552 2131 iniri3

76 2179 203 2216 posse,
233 2171 368 2204 utrum
399 2180 422 2204 a
453 2180 493 2204 se
525 2166 715 2203 audacius
748 2179 797 2202 an
828 2165 1011 2213 fugacius
1052 2165 1101 2201 ab
1138 2165 1319 2203 hostibus
1351 2170 1513 2215 geratur

74 2238 235 2277 bellum.
297 2238 363 2276 Sic
395 2239 445 2276 ab
479 2237 639 2288 Opunte
671 2238 866 2284 Attalum,
898 2237 954 2273 sic
981 2236 1206 2286 Sulpicium
1239 2238 1288 2274 ab
1309 2238 1510 2284 Chalcide,

76 2311 133 2347 sic
165 2312 220 2348 eis
266 2311 365 2361 ipsis
412 2311 553 2347 diebus
586 2310 871 2347 Machanidam
918 2322 937 2345 e
983 2309 1166 2346 manibus
1208 2310 1288 2346 suis
1321 2310 1511 2359 elapsum.

75 2381 154 2419 Sed
185 2396 263 2420 non
295 2397 450 2433 semper
471 2383 628 2420 felicem
655 2395 738 2418 esse
756 2381 901 2429 fugam,
932 2394 1004 2418 nec
1022 2394 1094 2430 pro
1114 2381 1269 2417 difficili
1296 2381 1338 2418 id
1355 2383 1505 2418 bellum
1530 2383 1554 2417 -l

77 2455 317 2502 habendum,
365 2456 407 2492 in
439 2468 517 2504 quo
564 2454 597 2491 si
644 2454 761 2491 modo
803 2466 1037 2502 congressus
1085 2467 1172 2490 cum
1217 2453 1401 2490 hostibus
1449 2454 1513 2501 sis,

75 2527 229 2564 viceris.
276 2527 392 2574 Quod
424 2528 599 2577 primum
631 2530 746 2573 esset,
779 2525 1065 2563 confessionem
1091 2539 1132 2561 se
1159 2525 1335 2561 hostium
1354 2526 1512 2573 habere,
1533 2526 1555 2563 5

76 2611 329 2648 nequaquam
360 2613 476 2649 pares
508 2612 592 2636 esse
625 2599 720 2644 sibi3
751 2597 864 2635 brevi
898 2599 936 2633 et
966 2597 1178 2634 victoriam
1208 2597 1315 2634 haud
1350 2597 1512 2634 dubiam

77 2670 318 2718 habiturum,
350 2685 422 2708 nec
455 2671 617 2708 meliore
649 2673 793 2708 eventu
831 2682 897 2705 eos
930 2682 1061 2706 secum
1095 2682 1212 2718 quam
1258 2683 1327 2719 spe
1359 2683 1511 2719 pugna-

145 2740 251 2767 Livius
271 2749 309 2766 ex
328 2748 383 2767 rec.
405 2741 558 2772 Madvigii.
602 2740 655 2765 IV.
1218 2739 1239 2771 9
