1789 2955
544 74 658 109 Liber
682 74 808 109 XXX.
859 75 921 118 (A.
948 74 1012 108 Ch.
1037 76 1129 117 203.)
1461 78 1543 116 245

119 202 273 240 dicitur
304 202 525 251 legatorum
555 201 678 239 verba
709 201 879 239 audisse.
927 201 1148 252 Postquam
1180 201 1289 239 edita
1320 205 1411 240 sunt
1441 215 1548 240 man·
1566 204 1589 240 2

121 273 227 319 data,
263 273 375 320 „Iam
404 286 483 311 non
514 273 732 323 perplexe'·‘
768 273 912 322 inquit,
947 273 1040 319 „sed
1071 274 1202 323 palam
1232 277 1443 316 revocant.
1474 274 1544 324 qui

117 343 287 383 vetando
319 345 637 394 supplementum
665 348 705 382 et
727 345 938 393 pecuniam
955 345 1060 382 mitti
1085 345 1163 383 iam
1190 345 1345 395 pridem
1371 346 1545 383 retrahe-

116 416 224 454 bant.
286 415 401 453 Vicit
433 428 528 464 ergo
560 415 831 454 Hannibalem
871 429 949 454 non
980 417 1151 466 populus
1182 416 1399 464 Romanus,
1429 417 1548 456 toties
1567 418 1590 455 3

118 499 241 525 caesus
272 488 534 537 fugatusque,
575 487 646 524 sed
691 491 849 525 senatus
882 487 1224 536 Carthaginiensis
1256 488 1546 527 obtrectatione

118 562 239 608 atque
278 558 454 605 invidia3
499 572 628 608 neque
673 559 746 597 hac
780 559 1033 597 deformitate
1065 559 1218 596 reditus
1264 560 1341 596 mei
1387 563 1467 597 tam
1500 560 1591 599 P.4

115 627 254 680 Scipio
285 629 505 667 exsultabit
536 633 655 680 atque
688 630 822 668 efferet
849 644 931 669 sese
962 644 1079 681 quam
1103 631 1262 678 Hanno,
1294 632 1362 680 qui
1387 631 1545 668 domum

118 705 310 748 nostram,
341 701 501 751 quando
519 702 600 740 alia
622 715 665 740 re
693 716 771 740 non
797 703 940 752 potuit,
971 703 1089 741 ruina
1106 702 1364 751 Carthaginis
1384 716 1545 753 oppres-

116 773 206 811 sit.“
269 774 357 811 Iam
387 773 460 810 hoc
494 774 622 824 ipsum
661 775 904 824 praesagiens
936 776 1068 812 animo
1114 778 1413 824 praeparaverat
1458 775 1589 813 ante5

118 858 251 883 naves.
298 845 442 895 Itaque
474 846 608 883 inutili
640 847 814 884 militum
830 847 950 884 turba
966 847 1145 896 praesidii
1178 847 1309 896 specie
1338 847 1378 883 in
1395 847 1547 896 oppida

118 915 272 954 Bruttii
297 917 396 966 agri,
415 930 503 967 quae
529 931 657 968 pauca
687 923 796 956 metu
820 919 948 966 magis
976 931 1094 968 quam
1121 917 1199 955 fide
1226 918 1546 965 continebantur,

117 987 292 1036 dimissa,
324 989 432 1038 quod
463 990 619 1027 roboris
644 990 684 1027 in
701 991 880 1028 exercitu
913 995 1009 1036 erat,
1042 991 1081 1027 in
1100 990 1282 1027 Africam
1308 990 1545 1040 transvexit,

115 1061 257 1098 multis
288 1060 422 1098 Italici
467 1062 638 1111 generis,
689 1063 758 1111 qui
790 1063 830 1100 111
861 1062 1044 1100 Africam
1090 1065 1294 1100 secuturos
1327 1061 1586 1100 abnuentes6

118 1137 395 1171 concesserant
417 1134 458 1171 in
484 1133 649 1172 Iunonis
667 1134 843 1172 Laciniae
868 1134 1091 1180 delubrum,
1122 1134 1358 1171 inviolatum
1385 1133 1435 1170 ad
1461 1146 1547 1171 eam

118 1204 242 1252 diem,
290 1205 330 1242 in
372 1206 523 1255 templo
571 1206 657 1256 ipso
703 1206 805 1243 foede
854 1206 1081 1244 interfectis.
1157 1205 1266 1243 Raro
1313 1207 1592 1254 quemquam7

117 1277 252 1324 alium,
268 1277 443 1328 patriam
469 1277 604 1315 exsilii
629 1291 746 1316 causa
768 1278 1071 1328 relinquentem,
1102 1281 1182 1315 tam
1213 1281 1391 1314 maestum
1417 1277 1548 1314 abisse

116 1349 251 1386 ferunt
295 1361 414 1399 quam
459 1349 749 1397 Hannibalem,
794 1350 964 1388 hostium
1010 1353 1119 1387 terra
1164 1349 1442 1395 excedentem3
1489 1362 1546 1386 re-

117 1421 295 1471 spexisse
325 1434 429 1471 saepe
460 1421 591 1459 Italiae
631 1422 760 1469 litora,
799 1425 838 1460 et
870 1422 964 1460 deos
994 1421 1256 1470 hominesque
1296 1424 1547 1458 accusantem

115 1493 158 1531 in
191 1507 232 1532 se
263 1506 422 1543 quoque
453 1507 496 1530 ac
537 1507 648 1532 suum
682 1494 810 1544 ipsius
858 1498 976 1545 caput
1008 1496 1273 1539 exsecratum,
1320 1493 1428 1542 quod
1473 1492 1592 1530 110118

119 1570 325 1605 cruentum
370 1566 418 1604 ab
465 1566 666 1604 Cannensi
710 1567 880 1605 victoria
919 1567 1089 1604 militem
1134 1565 1302 1603 Romam
1349 1565 1547 1602 duxisset:

118 1639 349 1690 Scipionem
381 1640 437 1677 ire
470 1639 521 1676 ad
540 1638 823 1688 Carthaginem
849 1652 998 1684 ausum,
1025 1638 1093 1687 qui
1118 1637 1254 1675 consul
1286 1637 1440 1674 hostem
1458 1636 1548 1674 Poe-

119 1724 214 1749 num
246 1711 287 1748 in
318 1711 441 1749 Italia
472 1724 552 1748 non
582 1711 774 1757 vidisset;
812 1724 870 1757 se,
910 1714 1066 1748 centum
1098 1709 1277 1746 millibus
1308 1709 1592 1746 armatorum9

121 1783 172 1822 ad
189 1782 515 1829 Trasumennum,
548 1783 598 1820 ad
623 1782 780 1821 Cannas
804 1783 927 1829 caesis,
960 1782 1066 1820 circa
1085 1780 1306 1819 Casilinum
1324 1779 1548 1830 Cumasque

119 1859 158 1893 et
188 1855 333 1894 Nolam
365 1856 628 1893 consenuisse.
690 1855 788 1892 Haec
815 1868 1005 1893 accusans
1036 1866 1284 1903 querensque
1316 1866 1362 1889 ex
1394 1852 1550 1890 diutina

118 1928 366 1977 possessione
398 1927 531 1964 Italiae
563 1931 622 1965 est
653 1927 867 1964 detractus.

232 1998 401 2037 Romam
446 2012 519 2049 per
556 1999 713 2037 eosdem
759 1999 845 2036 dies
884 2002 923 2036 et
952 1996 1165 2045 Magonem
1212 1999 1251 2033 et
1281 1995 1551 2033 Hannibalem
1618 1992 1668 2040 21

119 2070 321 2121 profectos
367 2071 532 2109 allatum
579 2075 649 2109 est.
712 2070 836 2108 Cuius
882 2069 1052 2120 duplicis
1091 2068 1376 2118 gratulationis
1407 2067 1552 2105 minuit

117 2142 318 2191 laetitiam,
349 2146 389 2180 et
405 2143 512 2193 quod
529 2156 669 2193 parum
689 2142 809 2180 duces
827 2142 868 2179 in
886 2141 1106 2179 retinendis
1135 2141 1196 2186 iis,
1229 2153 1350 2190 quum
1377 2140 1417 2176 id
1442 2152 1550 2176 man-

119 2213 255 2252 datum
287 2215 337 2252 ab
370 2218 510 2253 senatu
542 2217 655 2261 esset,
688 2218 755 2251 aut
788 2214 907 2252 animi
941 2217 1009 2251 aut
1039 2213 1189 2251 virium
1220 2212 1411 2250 habuisse
1442 2210 1550 2248 vide-

119 2285 281 2335 bantur,
301 2290 341 2324 et
357 2287 464 2336 quod
493 2286 661 2324 solliciti
687 2289 811 2333 erant,
829 2286 935 2323 omni
959 2285 1057 2322 belli
1076 2284 1178 2322 mole
1201 2284 1241 2321 in
1258 2295 1379 2321 unum
1405 2281 1554 2319 exerci-
1572 2283 1595 2318 2

117 2361 203 2396 tum
235 2357 453 2408 ducemque
486 2358 692 2405 inclinata,
723 2371 801 2407 quo
834 2370 1000 2395 evasura
1032 2360 1134 2393 esset
1164 2369 1239 2394 res.
1286 2354 1366 2391 Per
1398 2353 1595 2391 eosdem3

121 2430 206 2468 dies
253 2430 375 2480 legati
423 2429 637 2479 Saguntini
683 2433 897 2475 venerunt,
944 2440 1201 2478 comprensos
1247 2439 1335 2464 cum
1381 2425 1553 2474 pecunia

120 2501 363 2540 adducentes
395 2501 771 2551 Carthaginienses,
818 2502 886 2550 qui
935 2499 984 2536 ad
1030 2497 1287 2536 conducenda
1328 2497 1479 2535 auxilia
1510 2497 1550 2533 in

120 2573 368 2624 Hispaniam
423 2574 687 2612 traiecissent.
770 2572 959 2610 Ducenta
1004 2574 1043 2608 et
1102 2569 1397 2620 quinquaginta
1456 2568 1596 2615 auri,4

119 2645 353 2694 octingenta
404 2645 536 2695 pondo
589 2645 747 2694 argenti
802 2645 840 2680 in
887 2643 1085 2681 vestibulo
1140 2643 1258 2679 curiae
1318 2643 1549 2690 posuerunt.
