1789 2955
261 96 342 134 206
658 91 773 126 Liber
797 89 945 126 XXIX.
993 90 1057 135 (A.
1083 102 1121 127 u.
1146 102 1175 126 c.
1201 90 1293 136 550.)

114 219 170 267 23
370 220 480 258 Dum
505 220 589 257 haec
618 219 725 269 apud
741 218 944 256 Romanos
975 220 1180 268 geruntur,
1215 217 1570 267 Carthaginienses
1594 231 1690 268 quo·
1724 234 1728 239 ·

260 306 348 343 que,
380 306 512 343 quum,
543 291 715 342 speculis
746 304 818 341 per
859 290 994 328 omnia
1034 290 1309 340 promuntoria
1339 289 1492 340 positis,
1523 303 1690 340 percon-

257 369 389 403 tantes
420 367 690 414 paventesque
736 362 786 401 ad
831 363 1008 412 singulos
1054 363 1218 400 nuntios
1263 361 1478 400 sollicitam
1523 363 1691 400 hiemem

216 438 449 487 2egissent,
498 436 604 474 haud
649 448 817 486 parvum
863 439 902 473 et
946 435 1026 485 ipsi
1070 434 1227 472 tuendae
1259 433 1409 471 Africae
1448 438 1691 472 momentum

259 510 503 557 adiecerunt,
533 508 765 547 societatem
798 506 992 558 Syphacis
1031 507 1154 555 regis,
1199 506 1311 543 cuius
1342 506 1513 544 maxime
1542 505 1692 544 fiducia

214 582 519 620 3traiecturum
566 582 607 618 in
639 581 822 618 Africam
861 580 1086 618 Romanum
1132 577 1400 616 crediderant.
1460 578 1561 616 Erat
1590 579 1692 617 Has-

222 706 225 707 7
261 654 422 692 drubali
441 653 630 704 Gisgonis
662 653 746 690 filio
774 666 853 690 non
883 651 1100 702 hospitium
1130 650 1248 688 modo
1280 663 1369 687 cum
1399 663 1503 699 rege,
1535 651 1583 688 de
1615 664 1692 701 quo

259 729 350 764 ante
383 726 533 764 dictum
565 729 646 776 est,
696 739 815 775 quum
863 739 909 762 ex
940 724 1142 775 Hispania
1180 723 1284 760 forte
1328 723 1371 760 in
1401 723 1507 760 idem
1538 726 1693 774 tempus

259 797 397 849 Scipio
429 802 549 849 atque
580 797 815 836 Hasdrubal
847 798 1126 842 convenerunt,
1165 796 1235 833 sed
1266 795 1412 833 mentio
1444 808 1602 845 quoque
1634 795 1692 833 in-

215 872 240 908 4
259 871 402 909 choata
433 871 654 918 affinitatis,
686 874 731 908 ut
761 884 831 907 rex
857 869 1021 906 duceret
1041 867 1165 905 filiam
1182 867 1465 906 Hasdrubalis.
1513 867 1583 904 Ad
1607 880 1694 905 eam

258 957 342 981 rem
369 943 718 981 consummandam
745 946 981 992 tempusque
1005 940 1162 991 nuptiis
1186 940 1442 978 statuendum
1466 939 1562 989 (iam
1587 939 1690 977 enim

259 1015 407 1053 nubilis
440 1019 526 1053 erat
556 1015 687 1064 virgo)
729 1014 929 1064 profectus
961 1012 1214 1060 Hasdrubal,
1252 1016 1297 1050 ut
1338 1025 1544 1050 accensum
1586 1012 1695 1062 cupi-

260 1088 386 1126 ditate
419 1086 478 1141 (et
508 1091 601 1126 sunt
633 1091 724 1125 ante
757 1099 890 1124 omnes
923 1085 1117 1123 barbaros
1139 1084 1324 1123 Numidae
1356 1083 1468 1122 effusi
1499 1084 1541 1121 in
1567 1084 1698 1122 Vene-

258 1158 360 1213 rem)
395 1161 530 1208 sensit,
563 1160 761 1209 virginem
794 1173 816 1197 a
844 1158 1085 1207 Carthagine
1118 1158 1283 1195 arcessit
1313 1159 1566 1206 maturatque
1598 1169 1696 1207 nup-

214 1232 348 1279 5tias3
382 1236 421 1270 et
451 1233 556 1270 inter
587 1233 706 1270 aliam
731 1231 1051 1280 gratulationem,
1083 1233 1127 1267 ut
1151 1229 1357 1280 publicum
1386 1242 1545 1278 quoque
1569 1227 1697 1266 foedus

258 1305 418 1356 privato
450 1305 702 1350 adficeretur,
734 1304 901 1342 societas
941 1304 1046 1340 inter
1080 1302 1273 1353 populum
1306 1300 1697 1350 Carthaginiensium

259 1390 486 1428 regemque,
519 1377 612 1415 data
628 1376 737 1414 ultro
755 1376 936 1425 citroque
952 1375 1042 1422 fide,
1075 1375 1234 1412 eosdem
1258 1374 1409 1412 amicos
1433 1373 1698 1422 inimicosque

218 1451 240 1487 6
258 1450 480 1498 habituros,
498 1450 582 1488 iure
602 1448 773 1487 iurando
796 1448 1030 1486 affirmatur.
1079 1446 1264 1484 Ceterum
1281 1445 1527 1493 Hasdrubal,
1548 1459 1699 1483 memor

261 1525 301 1560 et
346 1524 433 1559 cum
473 1521 662 1572 Scipione
708 1521 817 1558 initae
862 1520 948 1569 regi
994 1520 1215 1565 societatis,
1263 1522 1302 1556 et
1348 1531 1466 1568 quam
1511 1531 1614 1555 vana
1659 1521 1699 1555 et

261 1595 471 1632 mutabilia
487 1595 750 1633 barbarorum
777 1592 942 1642 ingenia
959 1595 1099 1638 essent,
1130 1591 1296 1637 veritus,
1327 1604 1387 1637 ne,
1419 1591 1453 1628 si
1475 1590 1700 1628 traiecisset

219 1667 241 1702 7
260 1668 301 1704 in
333 1667 516 1705 Africam
548 1666 697 1717 Scipio,
728 1679 894 1716 parvum
924 1665 1130 1702 vinculum
1161 1676 1215 1700 eae
1246 1663 1398 1713 nuptiae
1431 1666 1572 1710 essent,
1605 1663 1697 1700 dum

262 1753 470 1777 accensum
501 1739 654 1777 recenti
686 1752 820 1777 amore
850 1737 1063 1776 Numidam
1087 1736 1221 1785 habet,
1254 1735 1453 1785 perpellit,
1485 1734 1698 1772 blanditiis

262 1826 420 1862 quoque
450 1813 594 1863 puellae
627 1811 830 1857 adhibitis,
862 1814 907 1848 ut
936 1811 1090 1860 legatos
1119 1809 1161 1846 in
1188 1806 1373 1845 Siciliam
1399 1806 1450 1844 ad
1468 1805 1697 1857 Scipionem

260 1884 413 1933 mittat,
443 1899 515 1935 per
560 1898 659 1934 quos
694 1886 852 1921 moneat
898 1896 1006 1930 eum,
1036 1896 1085 1920 ne
1125 1880 1329 1932 prioribus
1375 1879 1457 1917 suis
1490 1878 1697 1930 promissis

221 1956 245 1993 8
264 1957 388 1994 fretus
407 1957 447 1994 in
465 1956 645 1994 Africam
665 1956 860 2002 traiiciat3
893 1969 945 2003 se,
977 1958 1015 1992 et
1041 1953 1194 2004 nuptiis
1219 1952 1318 1990 civis
1336 1950 1697 2001 Carthaginiensis,

260 2029 356 2068 filiae
373 2030 654 2076 Hasdrubalis,
686 2042 801 2079 quem
833 2027 982 2065 viderit
998 2025 1104 2077 apud
1129 2039 1169 2063 se
1194 2026 1235 2063 in
1257 2024 1446 2075 hospitio,
1478 2027 1516 2062 et
1531 2023 1697 2074 publico

221 2101 379 2139 setiam
425 2102 572 2139 foedere
619 2114 705 2138 cum
752 2100 902 2151 populo
941 2098 1264 2148 Carthaginiensi
1309 2098 1510 2146 iunctum,
1559 2098 1698 2146 optare

262 2174 447 2224 primum,
478 2176 523 2211 ut
553 2174 693 2224 procul
737 2173 785 2210 ab
817 2171 976 2219 Africa,
1022 2172 1125 2209 sicut
1157 2170 1285 2209 adhuc
1315 2170 1500 2216 fecerint,
1546 2168 1697 2206 bellum

261 2246 435 2283 Romani
466 2260 553 2284 cum
586 2245 984 2294 Carthaginiensibus
1017 2246 1169 2294 gerant,
1201 2256 1253 2280 ne
1283 2242 1361 2280 sibi
1391 2242 1584 2279 interesse
1616 2253 1697 2278 cer-

261 2318 479 2356 taminibus
525 2331 661 2356 eorum
705 2331 893 2367 armaque
939 2320 1009 2354 aut
1061 2316 1145 2353 haec
1198 2319 1266 2353 aut
1320 2315 1409 2361 illa,
1457 2314 1697 2352 abnuentem

193 2391 243 2429 10
263 2391 431 2428 alteram
462 2391 705 2438 societatem,
736 2389 850 2439 sequi
880 2402 1041 2426 necesse
1073 2389 1144 2435 sit;
1175 2388 1208 2425 si
1238 2400 1317 2425 non
1340 2386 1540 2425 abstineat
1555 2385 1699 2424 Africa

262 2462 399 2513 Scipio
439 2467 478 2500 et
509 2462 747 2512 Carthagini
792 2462 1006 2499 exercitum
1053 2460 1277 2507 admoveat,
1322 2458 1402 2496 sibi
1431 2458 1697 2496 necessarium

263 2535 347 2573 fore
380 2539 418 2573 et
447 2549 520 2586 pro
550 2539 658 2573 terra
689 2533 847 2581 Africa,
878 2533 918 2570 in
950 2546 1029 2583 qua
1060 2536 1100 2570 et
1128 2532 1212 2582 ipse
1249 2531 1303 2569 sit
1332 2531 1510 2581 genitus,
1557 2534 1596 2568 et
1624 2542 1697 2581 pro

263 2608 398 2658 patria
430 2608 611 2657 coniugis
642 2620 721 2645 suae
753 2619 904 2657 proque
935 2608 1100 2656 parente
1131 2618 1176 2642 ac
1206 2603 1420 2654 penatibus
1450 2603 1653 2641 dimicare.

117 2675 176 2724 24
378 2680 477 2717 Cum
522 2680 583 2718 his
613 2678 812 2718 mandatis
858 2679 907 2716 ab
951 2691 1045 2728 rege
1077 2677 1201 2726 legati
1246 2675 1297 2713 ad
1328 2674 1557 2726 Scipionem
1588 2674 1698 2713 missi
