1789 2955
473 80 590 116 Liber
614 80 802 116 xxviii.
855 83 916 126 (A.
944 82 1008 116 eh.
1034 84 1129 126 207.)
1426 87 1504 126 125

70 206 239 245 Romam
284 207 402 245 misso
448 210 488 244 et-
532 208 732 246 Hannone
775 208 948 247 hostium
995 210 1237 260 imperatore
1283 211 1505 261 ceterisque

71 278 277 317 nobilibus
309 279 491 329 captiviS‚
521 280 607 330 ipse
637 280 907 318 Tarraconem
939 282 1144 320 concessit.

184 350 337 389 Eodem
382 364 486 388 anno
533 352 672 390 classis
702 351 884 389 Romana
930 366 1017 390 cum
1055 353 1109 391 M.
1142 353 1310 392 Valerio
1342 354 1507 392 Laevino
1527 355 1550 392 5

70 423 308 473 proconsule
338 435 387 460 ex
420 421 561 461 Sicilia
591 424 632 461 in
663 422 845 461 Africam
878 425 1112 463 transmissa
1141 426 1185 463 in
1209 424 1393 463 Uticensi
1412 426 1505 464 Car—

69 494 394 544 thaginiensique
425 507 523 543 agro
554 495 633 533 late
659 495 939 546 populationes
970 497 1075 536 fecit.
1123 497 1327 535 Exti-emis
1358 497 1506 535 finibus

75 565 479 614 Carthaginiensium,
496 567 604 604 circa
620 567 709 617 ipsa
725 567 869 604 moenia
883 566 1013 605 Uticae
1031 569 1178 618 praedae
1196 572 1293 607 actae
1311 573 1413 607 sunt.
1431 570 1508 607 Re·
1528 570 1551 606 6

72 637 303 687 petentibus
314 636 493 676 Siciliam
505 639 643 677 classis
652 638 809 676 Punica
819 640 1093 690 (septuaginta
1104 643 1217 678 erant
1228 641 1358 690 longae
1368 644 1506 685 naves)

71 709 257 748 occurrit.
303 709 455 747 Decem
487 714 525 748 et
541 714 691 760 septem
724 724 842 749 naves
873 724 921 748 ex.
952 711 1001 748 iis
1033 716 1157 761 eaptae
1184 716 1287 759 sunt,
1319 716 1507 762 quattuor

70 780 113 818 in
143 781 224 818 alto
254 794 414 828 mersae3
447 785 579 820 cetera
608 783 696 820 fusa
728 796 771 820 ac
802 783 940 831 fugata
971 783 1121 821 classis.
1166 784 1292 822 Terra
1317 786 1497 835 marique
1518 787 1539 822 7

70 852 202 889 victor
232 851 439 892 Romanus
480 867 567 892 cum
597 867 741 903 magna
772 855 900 892 omnis
939 856 1096 903 generis
1128 856 1264 905 praeda
1281 857 1505 906 Lilybaeum

70 923 230 973 repetit.
290 923 396 962 Tuto
443 925 534 963 inde
580 926 694 973 mari,
739 926 868 975 pulsis
912 927 1085 964 hostium
1133 929 1326 976 navibus,
1372 930 1506 978 magni

73 998 312 1034 commeatus
342 997 532 1034 frumenti
561 997 731 1036 Romam
763 998 954 1036 subvecti.

183 1067 394 1119 Principio
426 1070 574 1107 aestatis
599 1070 698 1120 eius,
732 1083 811 1120 qua
841 1071 923 1107 haec
956 1075 1048 1107 sunt
1080 1073 1204 1119 gesta,
1235 1071 1507 1122 RSulpicius

70 1141 282 1189 proconsul
314 1144 353 1178 et
383 1141 549 1179 Attalus
580 1155 670 1189 rex,
712 1155 833 1192 quum
865 1142 1045 1191 AEginae,
1092 1143 1193 1179 sicut
1233 1147 1322 1182 ante
1355 1145 1505 1182 dictum

71 1216 140 1259 est,
172 1213 462 1261 hibernassent,
479 1213 673 1251 Lemnum
699 1214 791 1251 inde
809 1214 931 1251 classe
949 1214 1085 1251 iuncta
1102 1213 1311 1267 (Romanae
1329 1217 1505 1266 quinque

70 1289 110 1322 et
125 1285 271 1334 viginti
288 1285 595 1336 quinqueremes
612 1289 741 1332 erant,
758 1285 878 1334 regiae
906 1286 1084 1335 quinque
1111 1290 1147 1324 et
1171 1287 1358 1336 triginta)
1376 1291 1502 1325 trans-

70 1357 277 1396 miserunt.
324 1357 378 1395 Et
393 1357 623 1407 Philippus,
642 1360 698 1404 ut,
724 1371 794 1394 seu
816 1362 925 1395 terra
942 1371 1010 1395 seu
1035 1359 1136 1396 mari
1153 1359 1313 1397 obviam
1331 1360 1504 1397 eundum
1524 1360 1545 1396 2

69 1429 176 1467 hosti
205 1429 320 1477 foret,
350 1433 514 1480 paratus
538 1429 589 1467 ad
606 1443 741 1468 omnes
767 1433 931 1468 conatus
958 1433 1071 1477 esset,
1098 1431 1184 1481 ipse
1202 1432 1505 1470 Demetriadem

70 1501 121 1539 ad
151 1515 259 1539 mare
290 1501 509 1549 descendit,
535 1501 717 1539 Larisam
750 1502 857 1539 diem
881 1502 932 1539 ad
965 1503 1280 1541 conveniendum
1311 1504 1506 1541 exercitui

70 1573 210 1611 edixit.
256 1573 448 1623 Undique
480 1573 529 1611 ab
562 1574 681 1611 sociis
712 1574 935 1622 legationes
952 1573 1255 1612 Demetriadem
1281 1575 1332 1613 ad
1356 1576 1501 1613 famam
1519 1576 1542 1612 3

68 1646 175 1694 regis
208 1649 489 1683 convenerunt.
537 1643 793 1683 Sustulerant
826 1646 931 1682 enim
963 1647 1114 1684 animos
1141 1647 1272 1685 AEtoli
1303 1660 1424 1697 quum
1456 1647 1506 1685 ab
1525 1647 1550 1683 4

69 1716 252 1755 Romana
276 1718 477 1763 societate,
509 1720 593 1754 tum
619 1720 711 1766 post
727 1716 861 1754 Attali
892 1717 1116 1765 adventum,
1140 1718 1414 1768 finitimosque
1441 1719 1505 1756 de-

69 1790 387 1840 populabantur3
422 1802 495 1826 nec
512 1789 749 1827 Acarnanes
766 1789 894 1826 solum
910 1790 1136 1840 Boeotique,
1170 1795 1209 1828 et
1226 1791 1297 1840 qui
1313 1791 1508 1828 Euboeam
1526 1792 1548 1828 5

71 1861 263 1909 incolunt,
292 1862 333 1899 in
364 1874 508 1910 magno
536 1864 644 1898 metu
667 1864 791 1908 erant,
822 1861 890 1898 sed
907 1860 1050 1898 Achaei
1067 1876 1237 1912 quoque,
1271 1876 1369 1912 quos
1387 1877 1506 1913 super

68 1933 290 1972 AEtolicum
321 1933 471 1971 bellum
487 1933 748 1971 Machanidas
780 1933 912 1979 etiam,
945 1933 1274 1972 Lacedaemonius
1300 1938 1506 1983 tyrannus,

66 2004 176 2043 haud
219 2006 363 2056 procul
393 2004 642 2054 Argivorum
688 2004 766 2042 fine
811 2005 954 2054 positis
1003 2006 1142 2043 castris
1186 2008 1376 2045 terrebat.
1443 2007 1501 2044 Hi
1521 2008 1543 2043 6

69 2090 205 2115 omnes
236 2077 318 2115 suis
349 2077 517 2127 quisque
548 2076 716 2114 urbibus
748 2089 836 2126 quae
866 2077 1050 2133 pericula
1067 2080 1175 2115 terra
1200 2079 1383 2128 marique
1413 2092 1502 2129 por-

66 2149 328 2187 tenderentur
358 2151 622 2186 memorantes
654 2149 805 2186 auxilia
836 2161 970 2197 regem
998 2149 1180 2189 orabant.
1228 2151 1289 2189 Ne
1313 2164 1361 2188 ex
1385 2164 1508 2200 regno
1528 2151 1549 2186 7

71 2220 230 2270 quidem
261 2220 386 2271 ipsius
416 2220 646 2270 tranquillae
686 2220 977 2259 nuntiabantur
1018 2235 1099 2260 res:
1147 2225 1186 2259 et
1216 2221 1504 2260 Scerdilaedum

71 2291 386 2343 Pleuratumque
417 2295 545 2331 motos
584 2305 686 2340 esse,
732 2294 772 2330 et
803 2292 1003 2331 Thracum
1050 2295 1221 2332 maxime
1252 2295 1424 2342 Maedos,
1471 2296 1503 2332 si

73 2365 181 2414 quod
212 2365 476 2415 longinquum
522 2365 673 2402 bellum
718 2378 852 2414 regem
884 2369 1127 2415 occupasset,
1159 2367 1339 2415 proxima
1369 2366 1502 2405 Mace-

70 2435 202 2474 doniae
233 2436 475 2475 incursuros.
519 2437 654 2475 Boeoti
685 2435 845 2486 quidem
878 2439 916 2474 et
948 2437 1160 2475 interiores
1177 2436 1344 2475 Graeciae
1360 2437 1543 2488 populi8

73 2506 430 2558 Thermopylarum
471 2509 634 2556 saltum,
679 2508 750 2546 ubi
796 2512 976 2558 angustae
1023 2510 1157 2547 fauces
1205 2512 1384 2547 coartant
1416 2510 1503 2556 iter,

73 2579 180 2618 fossa
209 2580 397 2631 valloque
430 2580 646 2619 intercludi
677 2580 726 2618 ab
744 2580 892 2618 AEtolis
924 2580 1178 2627 nuntiabant,
1209 2594 1257 2618 ne
1288 2581 1502 2618 transitum

70 2651 122 2689 ad
152 2652 350 2690 sociorum
397 2653 517 2691 urbes
563 2652 733 2691 tuendas
773 2652 969 2703 Philippo
1008 2652 1161 2690 darent.
1222 2652 1300 2690 Vel
1346 2652 1549 2701 segnem9
