1789 2955
274 77 356 114 202
670 74 786 110 Liber
809 74 957 113 XXIX.
1005 78 1067 121 (A.
1099 89 1133 112 u.
1160 89 1190 113 c.
1215 78 1308 122 550.)

274 205 314 239 et
344 202 482 240 saevire
514 202 555 240 in
587 216 663 241 eos
724 202 972 243 Sententiam
1019 205 1163 244 deinde
1204 219 1315 256 aeque
1345 209 1498 244 trucem
1528 206 1703 244 orationi

227 272 250 310 5
271 274 437 312 adiecit:
469 274 715 313 Pleminium
741 276 918 326 legatum
944 278 1120 316 vinctum
1136 278 1306 316 Romam
1323 277 1530 328 deportari
1546 277 1703 328 placere

276 349 313 383 et
345 360 391 384 ex
421 346 597 385 vinculis
629 361 786 386 causam
819 349 949 387 dicere
980 363 1035 398 ac,
1066 350 1101 388 si
1129 364 1222 388 vera
1252 351 1393 397 forent,
1425 362 1512 399 quae
1530 349 1703 388 Locren-

230 417 253 454 6
273 431 332 456 ses
364 422 638 468 quererentur,
669 420 710 458 in
737 434 894 459 carcere
918 422 1055 460 necari
1086 422 1271 473 bonaque
1296 423 1380 460 eius
1402 422 1625 472 publicari;
1655 421 1703 460 P.

273 489 522 541 Scipionem,
569 493 677 542 quod
723 493 771 531 de
815 494 1025 544 provincia
1071 494 1306 533 decessisset
1344 495 1499 532 iniussu
1530 498 1702 544 senatus,

272 563 464 610 revocari,
495 565 641 615 agique
673 579 761 603 cum
777 566 951 604 tribunis
975 567 1118 617 plebis,
1148 570 1193 604 ut
1219 566 1269 605 de
1294 567 1460 617 imperio
1478 567 1562 604 eius
1587 566 1702 605 abro-

271 635 403 684 gando
449 636 599 674 ferrent
651 638 702 675 ad
755 639 967 688 populum3
1013 638 1282 678 Locrensibus
1338 652 1469 677 coram
1524 641 1704 677 senatum

273 707 527 759 respondere,
561 723 659 759 quas
691 710 858 749 iniurias
889 711 968 749 sibi
999 711 1123 748 factas
1155 714 1437 762 quererentur,
1479 725 1543 749 eas
1574 723 1704 761 neque

224 778 248 813 7
267 782 445 817 senatum
477 795 606 832 neque
638 783 829 833 populum
861 785 1091 823 Romanum
1129 784 1253 822 factas
1284 783 1408 830 velle3
1440 784 1548 822 viros
1578 782 1704 821 bonos

272 850 481 901 sociosque
514 857 552 891 et
582 855 730 893 amicos
762 869 827 894 eos
859 856 1081 907 appellari;
1111 856 1270 903 liberos,
1303 856 1503 905 coniuges,
1536 868 1703 906 quaeque

271 922 349 961 alia
380 927 517 974 erepta
548 930 698 978 essent,
744 929 921 976 restitui3
966 929 1199 979 pecuniam,
1246 931 1396 979 quanta
1427 941 1474 965 ex
1503 927 1703 966 thesauris

272 994 527 1047 Proserpinae
560 999 718 1038 sublata
749 1004 872 1051 esset,
907 1001 1108 1051 conquiri,
1148 1001 1391 1051 duplamque
1421 999 1631 1050 pecuniam
1663 998 1704 1036 in

225 1066 475 1107 Sthesauros
506 1071 668 1121 reponi3
701 1075 741 1110 et
771 1086 927 1111 sacrum
958 1073 1163 1124 piaculare
1201 1073 1306 1123 fieri,
1348 1072 1406 1110 ita
1436 1075 1482 1109 ut
1510 1072 1622 1122 prius
1654 1070 1705 1109 ad

271 1140 482 1190 collegium
519 1143 754 1193 pontificum
800 1146 1038 1192 referretur,
1085 1146 1192 1196 quod
1238 1146 1340 1183 sacri
1384 1144 1563 1182 thesauri
1607 1143 1705 1182 moti

269 1212 412 1251 violati
443 1219 588 1263 essent,
620 1230 708 1267 quae
739 1218 911 1267 piacula,
943 1218 1088 1267 quibus
1120 1217 1217 1263 deis,
1264 1217 1413 1267 quibus
1443 1216 1587 1254 hostiis
1617 1215 1706 1254 fieri

224 1285 246 1321 9
265 1285 462 1335 placeret;
492 1289 654 1337 milites,
685 1290 753 1340 qui
777 1290 918 1328 Locris
950 1294 1093 1338 essent,
1124 1303 1258 1328 omnes
1289 1289 1331 1326 in
1363 1287 1546 1327 Siciliam
1576 1291 1703 1326 trans-

269 1360 443 1408 portari3
476 1365 666 1410 quattuor
698 1361 882 1400 cohortes
919 1362 1119 1400 sociorum
1149 1362 1289 1400 Latini
1325 1361 1497 1399 nominis
1529 1361 1573 1398 in
1602 1373 1703 1410 prae·

197 1429 247 1466 10
265 1430 411 1469 sidium
443 1432 594 1472 Locros
625 1434 785 1473 adduci.
847 1434 1063 1485 Perrogari
1102 1448 1146 1473 eo
1179 1434 1245 1472 die
1277 1433 1497 1480 sententiae,
1527 1432 1704 1470 accensis

269 1504 412 1541 studiis
457 1518 530 1555 pro
562 1504 752 1556 Scipione
799 1510 838 1544 et
882 1507 1074 1545 adversus
1120 1506 1367 1557 Scipionem,
1414 1519 1493 1544 non
1524 1508 1703 1556 potuere.

198 1574 243 1611 11
266 1574 423 1613 Praeter
454 1577 648 1616 Pleminii
674 1579 832 1616 facinus
861 1579 1205 1630 Locrensiumque
1244 1579 1399 1617 cladem
1427 1578 1553 1629 ipsius
1584 1578 1704 1615 etiam

269 1647 522 1697 imperatoris
553 1664 633 1688 non
663 1650 871 1690 Romanus
917 1652 1055 1699 modo,
1100 1651 1169 1690 sed
1214 1665 1262 1689 ne
1307 1650 1495 1688 militaris
1541 1649 1704 1700 quidem

199 1720 247 1757 12
268 1720 396 1758 cultus
428 1721 674 1761 iactabatur:
708 1737 796 1761 cum
820 1724 947 1774 pallio
972 1724 1227 1774 crepidisque
1250 1723 1503 1761 inambulare
1527 1722 1567 1759 in
1593 1735 1702 1771 gym-

268 1792 398 1840 nasi03
431 1794 583 1833 libellis
615 1809 703 1833 eum
734 1796 1011 1847 palaestraeque
1042 1810 1202 1847 operam
1235 1796 1352 1842 dare;
1384 1808 1495 1845 aeque
1526 1794 1703 1845 segniter

268 1865 523 1914 molliterque
568 1867 774 1906 cohortem
824 1872 950 1907 totam
997 1867 1284 1918 Syracusarum
1331 1867 1559 1906 amoenitate
1604 1865 1702 1912 frui;

200 1938 248 1977 13
269 1935 551 1987 Carthaginem
584 1943 705 1991 atque
736 1941 1009 1979 Hannibalem
1040 1941 1238 1979 excidisse
1271 1941 1319 1978 de
1351 1939 1559 1986 memoria;
1591 1952 1701 1977 exer-

268 2009 389 2047 citum
406 2025 561 2050 omnem
578 2013 745 2051 licentia
762 2016 1003 2064 corruptum,
1016 2014 1146 2064 qualis
1159 2012 1336 2052 Sucrone
1354 2013 1393 2050 in
1403 2011 1603 2063 Hispania
1617 2011 1701 2049 fue-

123 2077 180 2126 20
269 2081 336 2130 rit,
346 2083 477 2132 qualis
495 2098 599 2122 nunc
616 2084 769 2133 Locris,
783 2086 901 2123 sociis
919 2086 1044 2136 magis
1062 2099 1179 2136 quam
1196 2085 1303 2124 hosti
1320 2083 1586 2123 metuendum.
1602 2083 1701 2121 Haec

268 2167 495 2205 quanquam
512 2157 661 2207 partim
677 2170 784 2204 vera,
808 2158 954 2208 partim
973 2158 1098 2195 mixta
1122 2171 1247 2209 eoque
1272 2157 1422 2196 similia
1445 2157 1551 2195 veris
1576 2156 1699 2194 iacta-

266 2226 425 2275 bantur,
456 2232 588 2267 tamen
605 2230 703 2267 vicit
719 2228 767 2276 Q.
781 2229 943 2267 Metelli
961 2230 1171 2278 sententia,
1201 2231 1270 2281 qui
1297 2229 1344 2267 de
1362 2229 1506 2267 ceteris
1523 2228 1699 2267 Maximo

220 2300 244 2336 2
263 2313 444 2338 assensus
461 2300 508 2339 de
527 2300 728 2352 Scipionis
751 2315 868 2339 causa
886 2301 1094 2340 dissensit:
1127 2303 1196 2353 qui
1221 2302 1324 2340 enim
1344 2301 1566 2349 convenire,
1583 2314 1699 2351 quem

267 2373 382 2410 modo
408 2374 548 2413 civitas
573 2373 757 2412 iuvenem
783 2373 998 2412 admodum
1027 2388 1150 2412 unum
1181 2373 1466 2424 recuperandae
1489 2372 1698 2424 Hispaniae

267 2444 466 2494 delegerit
490 2447 640 2494 ducem,
668 2459 785 2497 quem
810 2449 971 2496 recepta
995 2446 1044 2484 ab
1070 2446 1254 2484 hostibus
1278 2446 1477 2496 Hispania
1501 2446 1552 2484 ad
1574 2446 1698 2496 impo-

267 2519 442 2556 nendum
459 2519 614 2557 Punico
630 2518 740 2557 bello
757 2517 877 2556 finem
895 2518 1089 2555 creaverit
1114 2518 1324 2566 consulem,
1353 2532 1422 2568 spe
1439 2517 1700 2556 destinaverit

226 2591 248 2628 3
266 2590 537 2629 Hannibalem
570 2605 617 2629 ex
646 2591 769 2629 Italia
799 2592 1077 2638 retracturum,
1100 2589 1280 2628 Africam
1314 2591 1580 2637 subacturum,
1611 2602 1698 2627 eum

267 2667 440 2714 repente,
470 2666 662 2714 tanquam
693 2663 741 2711 Q.
767 2662 1020 2710 Pleminium,
1050 2662 1203 2700 indicta
1232 2676 1351 2701 causa
1381 2675 1506 2713 prope
1537 2661 1697 2700 damna-
