<?xml version="1.0" encoding="UTF-8"?>
<!DOCTYPE html PUBLIC "-//W3C//DTD XHTML 1.0 Transitional//EN"
    "http://www.w3.org/TR/xhtml1/DTD/xhtml1-transitional.dtd">
<html xmlns="http://www.w3.org/1999/xhtml" xml:lang="en" lang="en">
 <head>
  <title>
</title>
<meta http-equiv="Content-Type" content="text/html;charset=utf-8" />
  <meta name='ocr-system' content='tesseract 3.04.00' />
  <meta name='ocr-capabilities' content='ocr_page ocr_carea ocr_par ocr_line ocrx_word'/>
</head>
<body>
  <div class='ocr_page' id='page_1' title='image "./historiarumroman02livyuoft_0571.png"; bbox 0 0 1789 2955; ppageno 0'>
   <div class='ocr_carea' id='block_1_1' title="bbox 513 71 1522 116">
    <p class='ocr_par' dir='ltr' id='par_1_1' title="bbox 513 71 1522 116">
     <span class='ocr_line' id='line_1_1' title="bbox 513 71 1522 116; baseline 0.008 -10"><span class='ocrx_word' id='word_1_1' title='bbox 513 72 628 107; x_wconf 84' lang='lat' dir='ltr'>Liber</span> <span class='ocrx_word' id='word_1_2' title='bbox 652 71 776 107; x_wconf 89' lang='lat' dir='ltr'>XXX.</span> <span class='ocrx_word' id='word_1_3' title='bbox 825 74 886 116; x_wconf 90' lang='lat' dir='ltr'>(A.</span> <span class='ocrx_word' id='word_1_4' title='bbox 914 73 978 107; x_wconf 86' lang='lat' dir='ltr'>Oh.</span> <span class='ocrx_word' id='word_1_5' title='bbox 1004 74 1100 116; x_wconf 77' lang='lat'>203.)</span> <span class='ocrx_word' id='word_1_6' title='bbox 1444 76 1522 113; x_wconf 79' lang='lat'>241</span> 
     </span>
    </p>
   </div>
   <div class='ocr_carea' id='block_1_2' title="bbox 93 198 1660 2610">
    <p class='ocr_par' dir='ltr' id='par_1_2' title="bbox 93 198 1602 677">
     <span class='ocr_line' id='line_1_2' title="bbox 94 198 1523 249; baseline 0.001 -13"><span class='ocrx_word' id='word_1_7' title='bbox 94 212 247 237; x_wconf 85' lang='lat' dir='ltr'>mecum</span> <span class='ocrx_word' id='word_1_8' title='bbox 279 199 456 236; x_wconf 75' lang='lat' dir='ltr'>indutias</span> <span class='ocrx_word' id='word_1_9' title='bbox 488 199 618 244; x_wconf 82' lang='lat' dir='ltr'>facite,</span> <span class='ocrx_word' id='word_1_10' title='bbox 649 198 817 236; x_wconf 86' lang='lat' dir='ltr'>Romam</span> <span class='ocrx_word' id='word_1_11' title='bbox 859 199 909 236; x_wconf 90' lang='lat' dir='ltr'>ad</span> <span class='ocrx_word' id='word_1_12' title='bbox 941 203 1119 237; x_wconf 84' lang='lat' dir='ltr'>senatum</span> <span class='ocrx_word' id='word_1_13' title='bbox 1151 200 1298 237; x_wconf 82' lang='lat' dir='ltr'>mittite</span> <span class='ocrx_word' id='word_1_14' title='bbox 1329 200 1523 249; x_wconf 84' lang='lat' dir='ltr'>1egatos.“</span> 
     </span>
     <span class='ocr_line' id='line_1_3' title="bbox 97 269 1602 319; baseline -0.001 -11"><span class='ocrx_word' id='word_1_15' title='bbox 97 270 163 308; x_wconf 79' lang='lat' dir='ltr'>lta</span> <span class='ocrx_word' id='word_1_16' title='bbox 209 269 365 307; x_wconf 80' lang='lat' dir='ltr'>dimissi</span> <span class='ocrx_word' id='word_1_17' title='bbox 398 269 768 319; x_wconf 86' lang='lat' dir='ltr'>Carthaginienses,</span> <span class='ocrx_word' id='word_1_18' title='bbox 814 270 947 307; x_wconf 89' lang='lat' dir='ltr'>nullas</span> <span class='ocrx_word' id='word_1_19' title='bbox 992 271 1232 308; x_wconf 81' lang='lat' dir='ltr'>recusandas</span> <span class='ocrx_word' id='word_1_20' title='bbox 1279 270 1532 308; x_wconf 81' lang='lat' dir='ltr'>condiciones</span> <span class='ocrx_word' id='word_1_21' title='bbox 1552 270 1602 307; x_wconf 87' lang='lat'>14</span> 
     </span>
     <span class='ocr_line' id='line_1_4' title="bbox 95 341 1528 392; baseline 0.001 -13"><span class='ocrx_word' id='word_1_22' title='bbox 95 341 206 392; x_wconf 82' lang='lat' dir='ltr'>pacis</span> <span class='ocrx_word' id='word_1_23' title='bbox 224 354 343 390; x_wconf 89' lang='lat' dir='ltr'>quum</span> <span class='ocrx_word' id='word_1_24' title='bbox 362 342 617 387; x_wconf 71' lang='lat' dir='ltr'>censuissent,</span> <span class='ocrx_word' id='word_1_25' title='bbox 649 342 796 391; x_wconf 84' lang='lat' dir='ltr'>quippe</span> <span class='ocrx_word' id='word_1_26' title='bbox 815 342 884 390; x_wconf 91' lang='lat' dir='ltr'>qui</span> <span class='ocrx_word' id='word_1_27' title='bbox 909 355 1059 379; x_wconf 89' lang='lat' dir='ltr'>moram</span> <span class='ocrx_word' id='word_1_28' title='bbox 1081 343 1273 392; x_wconf 86' lang='lat' dir='ltr'>temporis</span> <span class='ocrx_word' id='word_1_29' title='bbox 1291 346 1528 391; x_wconf 80' lang='lat' dir='ltr'>quaererent,</span> 
     </span>
     <span class='ocr_line' id='line_1_5' title="bbox 96 411 1598 462; baseline -0.001 -12"><span class='ocrx_word' id='word_1_30' title='bbox 96 413 189 450; x_wconf 90' lang='lat' dir='ltr'>dum</span> <span class='ocrx_word' id='word_1_31' title='bbox 207 412 413 450; x_wconf 82' lang='lat' dir='ltr'>Hannibal</span> <span class='ocrx_word' id='word_1_32' title='bbox 445 413 486 449; x_wconf 91' lang='lat' dir='ltr'>in</span> <span class='ocrx_word' id='word_1_33' title='bbox 519 412 700 450; x_wconf 89' lang='lat' dir='ltr'>Africam</span> <span class='ocrx_word' id='word_1_34' title='bbox 732 413 951 459; x_wconf 88' lang='lat' dir='ltr'>traiiceret,</span> <span class='ocrx_word' id='word_1_35' title='bbox 982 413 1134 462; x_wconf 88' lang='lat' dir='ltr'>legatos</span> <span class='ocrx_word' id='word_1_36' title='bbox 1166 413 1266 450; x_wconf 90' lang='lat' dir='ltr'>alios</span> <span class='ocrx_word' id='word_1_37' title='bbox 1299 413 1349 451; x_wconf 88' lang='lat' dir='ltr'>ad</span> <span class='ocrx_word' id='word_1_38' title='bbox 1375 412 1528 462; x_wconf 86' lang='lat' dir='ltr'>Scipio·</span> <span class='ocrx_word' id='word_1_39' title='bbox 1549 411 1598 450; x_wconf 89' lang='lat'>15</span> 
     </span>
     <span class='ocr_line' id='line_1_6' title="bbox 93 484 1527 534; baseline -0.001 -12"><span class='ocrx_word' id='word_1_40' title='bbox 93 497 202 531; x_wconf 92' lang='lat' dir='ltr'>nem,</span> <span class='ocrx_word' id='word_1_41' title='bbox 232 487 277 521; x_wconf 91' lang='lat' dir='ltr'>ut</span> <span class='ocrx_word' id='word_1_42' title='bbox 307 484 486 521; x_wconf 78' lang='lat' dir='ltr'>indutias</span> <span class='ocrx_word' id='word_1_43' title='bbox 518 484 704 530; x_wconf 82' lang='lat' dir='ltr'>facerent,</span> <span class='ocrx_word' id='word_1_44' title='bbox 736 484 836 521; x_wconf 87' lang='lat' dir='ltr'>alios</span> <span class='ocrx_word' id='word_1_45' title='bbox 867 484 1034 522; x_wconf 83' lang='lat' dir='ltr'>Romam</span> <span class='ocrx_word' id='word_1_46' title='bbox 1066 485 1116 522; x_wconf 91' lang='lat' dir='ltr'>ad</span> <span class='ocrx_word' id='word_1_47' title='bbox 1147 498 1283 534; x_wconf 86' lang='lat' dir='ltr'>pacem</span> <span class='ocrx_word' id='word_1_48' title='bbox 1315 484 1527 534; x_wconf 88' lang='lat' dir='ltr'>petendam</span> 
     </span>
     <span class='ocr_line' id='line_1_7' title="bbox 94 555 1526 606; baseline -0.001 -12"><span class='ocrx_word' id='word_1_49' title='bbox 94 556 269 603; x_wconf 76' lang='lat' dir='ltr'>mittunt,</span> <span class='ocrx_word' id='word_1_50' title='bbox 301 555 489 593; x_wconf 81' lang='lat' dir='ltr'>ducentes</span> <span class='ocrx_word' id='word_1_51' title='bbox 520 567 667 605; x_wconf 87' lang='lat' dir='ltr'>paucos</span> <span class='ocrx_word' id='word_1_52' title='bbox 698 556 738 592; x_wconf 92' lang='lat' dir='ltr'>in</span> <span class='ocrx_word' id='word_1_53' title='bbox 770 556 941 605; x_wconf 89' lang='lat' dir='ltr'>speciem</span> <span class='ocrx_word' id='word_1_54' title='bbox 983 556 1162 606; x_wconf 89' lang='lat' dir='ltr'>captivos</span> <span class='ocrx_word' id='word_1_55' title='bbox 1192 557 1457 606; x_wconf 82' lang='lat' dir='ltr'>perfugasque</span> <span class='ocrx_word' id='word_1_56' title='bbox 1489 558 1526 593; x_wconf 85' lang='lat' dir='ltr'>et</span> 
     </span>
     <span class='ocr_line' id='line_1_8' title="bbox 97 626 990 677; baseline -0.001 -12"><span class='ocrx_word' id='word_1_57' title='bbox 97 628 302 676; x_wconf 82' lang='lat' dir='ltr'>fugitivos,</span> <span class='ocrx_word' id='word_1_58' title='bbox 334 640 411 677; x_wconf 90' lang='lat' dir='ltr'>quo</span> <span class='ocrx_word' id='word_1_59' title='bbox 443 626 740 676; x_wconf 85' lang='lat' dir='ltr'>impetrabilior</span> <span class='ocrx_word' id='word_1_60' title='bbox 770 640 846 677; x_wconf 85' lang='lat' dir='ltr'>pax</span> <span class='ocrx_word' id='word_1_61' title='bbox 879 631 990 665; x_wconf 90' lang='lat' dir='ltr'>esset.</span> 
     </span>
    </p>

    <p class='ocr_par' dir='ltr' id='par_1_3' title="bbox 94 695 1660 2610">
     <span class='ocr_line' id='line_1_9' title="bbox 209 695 1660 749; baseline 0 -13"><span class='ocrx_word' id='word_1_62' title='bbox 209 699 351 736; x_wconf 91' lang='lat' dir='ltr'>Multis</span> <span class='ocrx_word' id='word_1_63' title='bbox 382 702 473 736; x_wconf 82' lang='lat' dir='ltr'>ante</span> <span class='ocrx_word' id='word_1_64' title='bbox 505 698 645 736; x_wconf 90' lang='lat' dir='ltr'>diebus</span> <span class='ocrx_word' id='word_1_65' title='bbox 676 698 824 735; x_wconf 84' lang='lat' dir='ltr'>Laelius</span> <span class='ocrx_word' id='word_1_66' title='bbox 864 712 951 735; x_wconf 91' lang='lat' dir='ltr'>cum</span> <span class='ocrx_word' id='word_1_67' title='bbox 984 697 1166 749; x_wconf 84' lang='lat' dir='ltr'>Syphace</span> <span class='ocrx_word' id='word_1_68' title='bbox 1199 698 1525 748; x_wconf 88' lang='lat' dir='ltr'>primoribusque</span> <span class='ocrx_word' id='word_1_69' title='bbox 1613 695 1660 744; x_wconf 76' lang='grc'>17</span> 
     </span>
     <span class='ocr_line' id='line_1_10' title="bbox 94 770 1527 820; baseline -0.003 -10"><span class='ocrx_word' id='word_1_70' title='bbox 94 770 357 810; x_wconf 88' lang='lat' dir='ltr'>Numidarum</span> <span class='ocrx_word' id='word_1_71' title='bbox 389 771 562 820; x_wconf 89' lang='lat' dir='ltr'>captivis</span> <span class='ocrx_word' id='word_1_72' title='bbox 593 770 760 807; x_wconf 83' lang='lat' dir='ltr'>Romam</span> <span class='ocrx_word' id='word_1_73' title='bbox 792 770 924 817; x_wconf 83' lang='lat' dir='ltr'>venit,</span> <span class='ocrx_word' id='word_1_74' title='bbox 970 784 1138 820; x_wconf 85' lang='lat' dir='ltr'>quaeque</span> <span class='ocrx_word' id='word_1_75' title='bbox 1170 771 1211 808; x_wconf 89' lang='lat' dir='ltr'>in</span> <span class='ocrx_word' id='word_1_76' title='bbox 1242 771 1384 808; x_wconf 88' lang='lat' dir='ltr'>Africa</span> <span class='ocrx_word' id='word_1_77' title='bbox 1415 773 1527 819; x_wconf 85' lang='lat' dir='ltr'>gesta</span> 
     </span>
     <span class='ocr_line' id='line_1_11' title="bbox 94 842 1527 892; baseline -0.001 -12"><span class='ocrx_word' id='word_1_78' title='bbox 94 846 238 889; x_wconf 86' lang='lat' dir='ltr'>essent,</span> <span class='ocrx_word' id='word_1_79' title='bbox 270 843 401 880; x_wconf 89' lang='lat' dir='ltr'>omnia</span> <span class='ocrx_word' id='word_1_80' title='bbox 434 842 574 880; x_wconf 84' lang='lat' dir='ltr'>ordine</span> <span class='ocrx_word' id='word_1_81' title='bbox 609 842 794 891; x_wconf 85' lang='lat' dir='ltr'>exposuit</span> <span class='ocrx_word' id='word_1_82' title='bbox 825 842 1026 892; x_wconf 76' lang='lat' dir='ltr'>patribus,</span> <span class='ocrx_word' id='word_1_83' title='bbox 1061 842 1216 891; x_wconf 87' lang='lat' dir='ltr'>ingenti</span> <span class='ocrx_word' id='word_1_84' title='bbox 1245 842 1449 880; x_wconf 89' lang='lat' dir='ltr'>hominum</span> <span class='ocrx_word' id='word_1_85' title='bbox 1489 845 1527 878; x_wconf 91' lang='lat' dir='ltr'>et</span> 
     </span>
     <span class='ocr_line' id='line_1_12' title="bbox 98 913 1570 964; baseline 0 -13"><span class='ocrx_word' id='word_1_86' title='bbox 98 914 139 951; x_wconf 92' lang='lat' dir='ltr'>in</span> <span class='ocrx_word' id='word_1_87' title='bbox 170 927 347 964; x_wconf 78' lang='lat' dir='ltr'>praesens</span> <span class='ocrx_word' id='word_1_88' title='bbox 378 914 520 951; x_wconf 87' lang='lat' dir='ltr'>laetitia</span> <span class='ocrx_word' id='word_1_89' title='bbox 552 917 590 951; x_wconf 89' lang='lat' dir='ltr'>et</span> <span class='ocrx_word' id='word_1_90' title='bbox 622 914 663 950; x_wconf 90' lang='lat' dir='ltr'>in</span> <span class='ocrx_word' id='word_1_91' title='bbox 694 914 872 951; x_wconf 85' lang='lat' dir='ltr'>futurum</span> <span class='ocrx_word' id='word_1_92' title='bbox 904 927 985 963; x_wconf 81' lang='lat' dir='ltr'>spe.</span> <span class='ocrx_word' id='word_1_93' title='bbox 1048 913 1231 951; x_wconf 82' lang='lat' dir='ltr'>Consulti</span> <span class='ocrx_word' id='word_1_94' title='bbox 1272 914 1365 951; x_wconf 89' lang='lat' dir='ltr'>inde</span> <span class='ocrx_word' id='word_1_95' title='bbox 1396 914 1570 963; x_wconf 77' lang='lat' dir='ltr'>patres2</span> 
     </span>
     <span class='ocr_line' id='line_1_13' title="bbox 96 984 1528 1034; baseline 0 -12"><span class='ocrx_word' id='word_1_96' title='bbox 96 998 228 1034; x_wconf 90' lang='lat' dir='ltr'>regem</span> <span class='ocrx_word' id='word_1_97' title='bbox 274 985 315 1022; x_wconf 90' lang='lat' dir='ltr'>in</span> <span class='ocrx_word' id='word_1_98' title='bbox 360 985 583 1023; x_wconf 85' lang='lat' dir='ltr'>custodiam</span> <span class='ocrx_word' id='word_1_99' title='bbox 615 984 765 1022; x_wconf 85' lang='lat' dir='ltr'>Albam</span> <span class='ocrx_word' id='word_1_100' title='bbox 796 985 1032 1022; x_wconf 89' lang='lat' dir='ltr'>mittendum</span> <span class='ocrx_word' id='word_1_101' title='bbox 1065 989 1326 1032; x_wconf 85' lang='lat' dir='ltr'>censuerunt,</span> <span class='ocrx_word' id='word_1_102' title='bbox 1357 985 1528 1022; x_wconf 85' lang='lat' dir='ltr'>Laelium</span> 
     </span>
     <span class='ocr_line' id='line_1_14' title="bbox 97 1055 1570 1106; baseline -0.001 -12"><span class='ocrx_word' id='word_1_103' title='bbox 97 1057 360 1100; x_wconf 77' lang='lat' dir='ltr'>retinendum,</span> <span class='ocrx_word' id='word_1_104' title='bbox 394 1057 520 1094; x_wconf 89' lang='lat' dir='ltr'>donec</span> <span class='ocrx_word' id='word_1_105' title='bbox 560 1057 683 1105; x_wconf 87' lang='lat' dir='ltr'>legati</span> <span class='ocrx_word' id='word_1_106' title='bbox 716 1056 1068 1105; x_wconf 84' lang='lat' dir='ltr'>Carthaginienses</span> <span class='ocrx_word' id='word_1_107' title='bbox 1106 1058 1302 1095; x_wconf 85' lang='lat' dir='ltr'>venirent.</span> <span class='ocrx_word' id='word_1_108' title='bbox 1365 1055 1570 1106; x_wconf 83' lang='lat' dir='ltr'>Suppli-3</span> 
     </span>
     <span class='ocr_line' id='line_1_15' title="bbox 95 1127 1528 1178; baseline -0.001 -13"><span class='ocrx_word' id='word_1_109' title='bbox 95 1129 199 1166; x_wconf 87' lang='lat' dir='ltr'>catio</span> <span class='ocrx_word' id='word_1_110' title='bbox 231 1129 271 1165; x_wconf 91' lang='lat' dir='ltr'>in</span> <span class='ocrx_word' id='word_1_111' title='bbox 303 1128 561 1178; x_wconf 86' lang='lat' dir='ltr'>quatriduum</span> <span class='ocrx_word' id='word_1_112' title='bbox 594 1128 753 1165; x_wconf 89' lang='lat' dir='ltr'>decreta</span> <span class='ocrx_word' id='word_1_113' title='bbox 785 1132 854 1166; x_wconf 84' lang='lat' dir='ltr'>est.</span> <span class='ocrx_word' id='word_1_114' title='bbox 915 1127 961 1165; x_wconf 88' lang='lat' dir='ltr'>P.</span> <span class='ocrx_word' id='word_1_115' title='bbox 995 1128 1126 1165; x_wconf 83' lang='lat' dir='ltr'>AElius</span> <span class='ocrx_word' id='word_1_116' title='bbox 1170 1130 1339 1178; x_wconf 83' lang='lat' dir='ltr'>praetor,</span> <span class='ocrx_word' id='word_1_117' title='bbox 1387 1130 1528 1164; x_wconf 88' lang='lat' dir='ltr'>senatu</span> 
     </span>
     <span class='ocr_line' id='line_1_16' title="bbox 96 1199 1529 1246; baseline -0.002 -8"><span class='ocrx_word' id='word_1_118' title='bbox 96 1201 218 1238; x_wconf 90' lang='lat' dir='ltr'>misso</span> <span class='ocrx_word' id='word_1_119' title='bbox 249 1203 289 1237; x_wconf 88' lang='lat' dir='ltr'>et</span> <span class='ocrx_word' id='word_1_120' title='bbox 327 1200 510 1238; x_wconf 89' lang='lat' dir='ltr'>contione</span> <span class='ocrx_word' id='word_1_121' title='bbox 555 1200 647 1237; x_wconf 90' lang='lat' dir='ltr'>inde</span> <span class='ocrx_word' id='word_1_122' title='bbox 694 1199 906 1246; x_wconf 88' lang='lat' dir='ltr'>advocata,</span> <span class='ocrx_word' id='word_1_123' title='bbox 951 1213 1039 1237; x_wconf 89' lang='lat' dir='ltr'>cum</span> <span class='ocrx_word' id='word_1_124' title='bbox 1071 1199 1113 1237; x_wconf 79' lang='lat' dir='ltr'>C.</span> <span class='ocrx_word' id='word_1_125' title='bbox 1146 1199 1275 1237; x_wconf 83' lang='lat' dir='ltr'>Laelio</span> <span class='ocrx_word' id='word_1_126' title='bbox 1319 1199 1360 1236; x_wconf 93' lang='grc'>111</span> <span class='ocrx_word' id='word_1_127' title='bbox 1399 1202 1529 1236; x_wconf 88' lang='lat' dir='ltr'>rostra</span> 
     </span>
     <span class='ocr_line' id='line_1_17' title="bbox 97 1271 1574 1320; baseline -0.003 -10"><span class='ocrx_word' id='word_1_128' title='bbox 97 1271 284 1310; x_wconf 87' lang='lat' dir='ltr'>escendit.</span> <span class='ocrx_word' id='word_1_129' title='bbox 343 1272 410 1309; x_wconf 90' lang='lat' dir='ltr'>Ibi</span> <span class='ocrx_word' id='word_1_130' title='bbox 448 1285 542 1310; x_wconf 89' lang='lat' dir='ltr'>vero</span> <span class='ocrx_word' id='word_1_131' title='bbox 582 1271 811 1318; x_wconf 87' lang='lat' dir='ltr'>audientes,</span> <span class='ocrx_word' id='word_1_132' title='bbox 852 1272 959 1309; x_wconf 88' lang='lat' dir='ltr'>fusos</span> <span class='ocrx_word' id='word_1_133' title='bbox 992 1271 1390 1320; x_wconf 85' lang='lat' dir='ltr'>Carthaginiensium</span> <span class='ocrx_word' id='word_1_134' title='bbox 1422 1271 1574 1307; x_wconf 86' lang='lat' dir='ltr'>exer-4</span> 
     </span>
     <span class='ocr_line' id='line_1_18' title="bbox 95 1341 1529 1393; baseline -0.002 -12"><span class='ocrx_word' id='word_1_135' title='bbox 95 1344 209 1391; x_wconf 87' lang='lat' dir='ltr'>citus,</span> <span class='ocrx_word' id='word_1_136' title='bbox 241 1343 440 1381; x_wconf 90' lang='lat' dir='ltr'>devictum</span> <span class='ocrx_word' id='word_1_137' title='bbox 468 1347 507 1380; x_wconf 89' lang='lat' dir='ltr'>et</span> <span class='ocrx_word' id='word_1_138' title='bbox 532 1346 689 1393; x_wconf 89' lang='lat' dir='ltr'>captum</span> <span class='ocrx_word' id='word_1_139' title='bbox 722 1343 898 1392; x_wconf 89' lang='lat' dir='ltr'>ingentis</span> <span class='ocrx_word' id='word_1_140' title='bbox 925 1343 1096 1380; x_wconf 88' lang='lat' dir='ltr'>nominis</span> <span class='ocrx_word' id='word_1_141' title='bbox 1120 1355 1266 1391; x_wconf 88' lang='lat' dir='ltr'>regem,</span> <span class='ocrx_word' id='word_1_142' title='bbox 1298 1341 1529 1379; x_wconf 86' lang='lat' dir='ltr'>Numidiam</span> 
     </span>
     <span class='ocr_line' id='line_1_19' title="bbox 95 1413 1569 1465; baseline -0.001 -12"><span class='ocrx_word' id='word_1_143' title='bbox 95 1429 250 1454; x_wconf 89' lang='lat' dir='ltr'>omnem</span> <span class='ocrx_word' id='word_1_144' title='bbox 282 1415 443 1464; x_wconf 87' lang='lat' dir='ltr'>egregia</span> <span class='ocrx_word' id='word_1_145' title='bbox 471 1415 642 1452; x_wconf 85' lang='lat' dir='ltr'>victoria</span> <span class='ocrx_word' id='word_1_146' title='bbox 672 1418 951 1465; x_wconf 85' lang='lat' dir='ltr'>peragratam,</span> <span class='ocrx_word' id='word_1_147' title='bbox 983 1415 1153 1452; x_wconf 87' lang='lat' dir='ltr'>tacitum</span> <span class='ocrx_word' id='word_1_148' title='bbox 1196 1414 1401 1452; x_wconf 89' lang='lat' dir='ltr'>continere</span> <span class='ocrx_word' id='word_1_149' title='bbox 1432 1425 1527 1462; x_wconf 87' lang='lat' dir='ltr'>gau·</span> <span class='ocrx_word' id='word_1_150' title='bbox 1546 1413 1569 1451; x_wconf 86' lang='lat'>5</span> 
     </span>
     <span class='ocr_line' id='line_1_20' title="bbox 95 1485 1528 1536; baseline -0.002 -11"><span class='ocrx_word' id='word_1_151' title='bbox 95 1487 203 1525; x_wconf 89' lang='lat' dir='ltr'>dium</span> <span class='ocrx_word' id='word_1_152' title='bbox 220 1501 299 1524; x_wconf 92' lang='lat' dir='ltr'>non</span> <span class='ocrx_word' id='word_1_153' title='bbox 313 1489 513 1536; x_wconf 86' lang='lat' dir='ltr'>poterant,</span> <span class='ocrx_word' id='word_1_154' title='bbox 544 1486 642 1536; x_wconf 93' lang='lat' dir='ltr'>quin</span> <span class='ocrx_word' id='word_1_155' title='bbox 665 1486 922 1534; x_wconf 90' lang='lat' dir='ltr'>clamoribus,</span> <span class='ocrx_word' id='word_1_156' title='bbox 953 1486 1179 1536; x_wconf 87' lang='lat' dir='ltr'>quibusque</span> <span class='ocrx_word' id='word_1_157' title='bbox 1203 1486 1295 1524; x_wconf 91' lang='lat' dir='ltr'>aliis</span> <span class='ocrx_word' id='word_1_158' title='bbox 1312 1485 1528 1523; x_wconf 87' lang='lat' dir='ltr'>multitudo</span> 
     </span>
     <span class='ocr_line' id='line_1_21' title="bbox 98 1557 1571 1607; baseline -0.003 -10"><span class='ocrx_word' id='word_1_159' title='bbox 98 1559 221 1607; x_wconf 89' lang='lat' dir='ltr'>solet,</span> <span class='ocrx_word' id='word_1_160' title='bbox 252 1558 435 1596; x_wconf 78' lang='lat' dir='ltr'>laetitiam</span> <span class='ocrx_word' id='word_1_161' title='bbox 466 1557 720 1595; x_wconf 85' lang='lat' dir='ltr'>immodicam</span> <span class='ocrx_word' id='word_1_162' title='bbox 752 1558 1035 1607; x_wconf 87' lang='lat' dir='ltr'>significarent.</span> <span class='ocrx_word' id='word_1_163' title='bbox 1109 1557 1252 1607; x_wconf 88' lang='lat' dir='ltr'>Itaque</span> <span class='ocrx_word' id='word_1_164' title='bbox 1284 1560 1433 1607; x_wconf 83' lang='lat' dir='ltr'>praetor</span> <span class='ocrx_word' id='word_1_165' title='bbox 1464 1557 1571 1593; x_wconf 64' lang='lat' dir='ltr'>eir-6</span> 
     </span>
     <span class='ocr_line' id='line_1_22' title="bbox 95 1628 1531 1680; baseline -0.002 -13"><span class='ocrx_word' id='word_1_166' title='bbox 95 1630 249 1680; x_wconf 87' lang='lat' dir='ltr'>templo</span> <span class='ocrx_word' id='word_1_167' title='bbox 269 1629 406 1677; x_wconf 85' lang='lat' dir='ltr'>edixit,</span> <span class='ocrx_word' id='word_1_168' title='bbox 423 1629 483 1666; x_wconf 89' lang='lat' dir='ltr'>uti</span> <span class='ocrx_word' id='word_1_169' title='bbox 501 1629 639 1666; x_wconf 86' lang='lat' dir='ltr'>aeditui</span> <span class='ocrx_word' id='word_1_170' title='bbox 667 1629 769 1667; x_wconf 87' lang='lat' dir='ltr'>aedes</span> <span class='ocrx_word' id='word_1_171' title='bbox 787 1642 918 1667; x_wconf 89' lang='lat' dir='ltr'>sacras</span> <span class='ocrx_word' id='word_1_172' title='bbox 937 1641 1072 1667; x_wconf 87' lang='lat' dir='ltr'>omnes</span> <span class='ocrx_word' id='word_1_173' title='bbox 1097 1633 1181 1667; x_wconf 90' lang='lat' dir='ltr'>tota</span> <span class='ocrx_word' id='word_1_174' title='bbox 1198 1629 1297 1666; x_wconf 88' lang='lat' dir='ltr'>urbe</span> <span class='ocrx_word' id='word_1_175' title='bbox 1315 1628 1531 1678; x_wconf 88' lang='lat' dir='ltr'>aperirent,</span> 
     </span>
     <span class='ocr_line' id='line_1_23' title="bbox 99 1700 1530 1751; baseline -0.002 -12"><span class='ocrx_word' id='word_1_176' title='bbox 99 1701 375 1740; x_wconf 88' lang='lat' dir='ltr'>circumeundi</span> <span class='ocrx_word' id='word_1_177' title='bbox 406 1700 688 1751; x_wconf 84' lang='lat' dir='ltr'>salutandique</span> <span class='ocrx_word' id='word_1_178' title='bbox 728 1702 822 1739; x_wconf 90' lang='lat' dir='ltr'>deos</span> <span class='ocrx_word' id='word_1_179' title='bbox 860 1700 1086 1750; x_wconf 89' lang='lat' dir='ltr'>agendique</span> <span class='ocrx_word' id='word_1_180' title='bbox 1126 1704 1260 1750; x_wconf 85' lang='lat' dir='ltr'>grates</span> <span class='ocrx_word' id='word_1_181' title='bbox 1302 1713 1373 1750; x_wconf 85' lang='lat' dir='ltr'>per</span> <span class='ocrx_word' id='word_1_182' title='bbox 1402 1702 1530 1737; x_wconf 88' lang='lat' dir='ltr'>totum</span> 
     </span>
     <span class='ocr_line' id='line_1_24' title="bbox 97 1771 1573 1824; baseline -0.003 -13"><span class='ocrx_word' id='word_1_183' title='bbox 97 1773 203 1812; x_wconf 89' lang='lat' dir='ltr'>diem</span> <span class='ocrx_word' id='word_1_184' title='bbox 236 1773 384 1824; x_wconf 92' lang='lat' dir='ltr'>populo</span> <span class='ocrx_word' id='word_1_185' title='bbox 417 1776 594 1823; x_wconf 90' lang='lat' dir='ltr'>potestas</span> <span class='ocrx_word' id='word_1_186' title='bbox 636 1771 763 1809; x_wconf 89' lang='lat' dir='ltr'>fieret.</span> <span class='ocrx_word' id='word_1_187' title='bbox 823 1771 992 1810; x_wconf 86' lang='lat' dir='ltr'>Postero</span> <span class='ocrx_word' id='word_1_188' title='bbox 1030 1772 1093 1809; x_wconf 90' lang='lat' dir='ltr'>die</span> <span class='ocrx_word' id='word_1_189' title='bbox 1124 1772 1278 1821; x_wconf 88' lang='lat' dir='ltr'>legatos</span> <span class='ocrx_word' id='word_1_190' title='bbox 1308 1772 1573 1810; x_wconf 88' lang='lat' dir='ltr'>Masinissae7</span> 
     </span>
     <span class='ocr_line' id='line_1_25' title="bbox 99 1842 1531 1894; baseline -0.003 -10"><span class='ocrx_word' id='word_1_191' title='bbox 99 1846 140 1884; x_wconf 93' lang='lat' dir='ltr'>in</span> <span class='ocrx_word' id='word_1_192' title='bbox 171 1848 352 1884; x_wconf 88' lang='lat' dir='ltr'>senatum</span> <span class='ocrx_word' id='word_1_193' title='bbox 384 1844 620 1883; x_wconf 82' lang='lat' dir='ltr'>introduxit.</span> <span class='ocrx_word' id='word_1_194' title='bbox 668 1843 873 1882; x_wconf 78' lang='lat' dir='ltr'>Gratulati</span> <span class='ocrx_word' id='word_1_195' title='bbox 904 1844 1075 1894; x_wconf 90' lang='lat' dir='ltr'>primum</span> <span class='ocrx_word' id='word_1_196' title='bbox 1102 1845 1258 1882; x_wconf 88' lang='lat' dir='ltr'>senatui</span> <span class='ocrx_word' id='word_1_197' title='bbox 1290 1846 1393 1890; x_wconf 89' lang='lat' dir='ltr'>sunt,</span> <span class='ocrx_word' id='word_1_198' title='bbox 1424 1842 1531 1893; x_wconf 88' lang='lat' dir='ltr'>quod</span> 
     </span>
     <span class='ocr_line' id='line_1_26' title="bbox 99 1913 1577 1968; baseline -0.003 -12"><span class='ocrx_word' id='word_1_199' title='bbox 99 1918 146 1956; x_wconf 90' lang='lat' dir='ltr'>P.</span> <span class='ocrx_word' id='word_1_200' title='bbox 181 1917 317 1968; x_wconf 84' lang='lat' dir='ltr'>Scipio</span> <span class='ocrx_word' id='word_1_201' title='bbox 348 1929 538 1967; x_wconf 88' lang='lat' dir='ltr'>prospere</span> <span class='ocrx_word' id='word_1_202' title='bbox 584 1929 647 1953; x_wconf 90' lang='lat' dir='ltr'>res</span> <span class='ocrx_word' id='word_1_203' title='bbox 679 1916 721 1952; x_wconf 92' lang='lat' dir='ltr'>in</span> <span class='ocrx_word' id='word_1_204' title='bbox 759 1915 904 1953; x_wconf 87' lang='lat' dir='ltr'>Africa</span> <span class='ocrx_word' id='word_1_205' title='bbox 948 1916 1154 1965; x_wconf 80' lang='lat' dir='ltr'>gessisset3</span> <span class='ocrx_word' id='word_1_206' title='bbox 1200 1915 1344 1954; x_wconf 90' lang='lat' dir='ltr'>deinde</span> <span class='ocrx_word' id='word_1_207' title='bbox 1384 1913 1577 1963; x_wconf 86' lang='lat' dir='ltr'>gratias8</span> 
     </span>
     <span class='ocr_line' id='line_1_27' title="bbox 100 1986 1531 2040; baseline -0.003 -12"><span class='ocrx_word' id='word_1_208' title='bbox 100 1993 284 2040; x_wconf 87' lang='lat' dir='ltr'>egerunt,</span> <span class='ocrx_word' id='word_1_209' title='bbox 315 1987 421 2039; x_wconf 88' lang='lat' dir='ltr'>quod</span> <span class='ocrx_word' id='word_1_210' title='bbox 452 1987 709 2026; x_wconf 87' lang='lat' dir='ltr'>Masinissam</span> <span class='ocrx_word' id='word_1_211' title='bbox 752 2001 830 2024; x_wconf 90' lang='lat' dir='ltr'>non</span> <span class='ocrx_word' id='word_1_212' title='bbox 862 1988 1105 2037; x_wconf 90' lang='lat' dir='ltr'>appellasset</span> <span class='ocrx_word' id='word_1_213' title='bbox 1135 1988 1253 2026; x_wconf 90' lang='lat' dir='ltr'>modo</span> <span class='ocrx_word' id='word_1_214' title='bbox 1284 2001 1429 2036; x_wconf 86' lang='lat' dir='ltr'>regem,</span> <span class='ocrx_word' id='word_1_215' title='bbox 1460 1986 1531 2024; x_wconf 90' lang='lat' dir='ltr'>sed</span> 
     </span>
     <span class='ocr_line' id='line_1_28' title="bbox 101 2058 1530 2110; baseline -0.003 -11"><span class='ocrx_word' id='word_1_216' title='bbox 101 2061 263 2099; x_wconf 87' lang='lat' dir='ltr'>fecisset</span> <span class='ocrx_word' id='word_1_217' title='bbox 292 2060 540 2098; x_wconf 86' lang='lat' dir='ltr'>restituendo</span> <span class='ocrx_word' id='word_1_218' title='bbox 573 2060 613 2097; x_wconf 91' lang='lat' dir='ltr'>in</span> <span class='ocrx_word' id='word_1_219' title='bbox 644 2062 854 2109; x_wconf 88' lang='lat' dir='ltr'>paternum</span> <span class='ocrx_word' id='word_1_220' title='bbox 886 2071 1063 2108; x_wconf 86' lang='lat' dir='ltr'>regnum,</span> <span class='ocrx_word' id='word_1_221' title='bbox 1096 2060 1137 2097; x_wconf 91' lang='lat' dir='ltr'>in</span> <span class='ocrx_word' id='word_1_222' title='bbox 1169 2072 1247 2109; x_wconf 93' lang='lat' dir='ltr'>quo</span> <span class='ocrx_word' id='word_1_223' title='bbox 1271 2062 1361 2110; x_wconf 92' lang='lat' dir='ltr'>post</span> <span class='ocrx_word' id='word_1_224' title='bbox 1378 2058 1530 2109; x_wconf 83' lang='lat' dir='ltr'>Sypha-</span> 
     </span>
     <span class='ocr_line' id='line_1_29' title="bbox 99 2131 1530 2181; baseline -0.002 -10"><span class='ocrx_word' id='word_1_225' title='bbox 99 2146 184 2171; x_wconf 90' lang='lat' dir='ltr'>cem</span> <span class='ocrx_word' id='word_1_226' title='bbox 217 2132 432 2177; x_wconf 75' lang='lat' dir='ltr'>sublatum,</span> <span class='ocrx_word' id='word_1_227' title='bbox 465 2131 498 2168; x_wconf 94' lang='lat' dir='ltr'>si</span> <span class='ocrx_word' id='word_1_228' title='bbox 523 2131 581 2168; x_wconf 92' lang='lat' dir='ltr'>ita</span> <span class='ocrx_word' id='word_1_229' title='bbox 596 2131 779 2180; x_wconf 86' lang='lat' dir='ltr'>patribus</span> <span class='ocrx_word' id='word_1_230' title='bbox 803 2131 932 2169; x_wconf 87' lang='lat' dir='ltr'>visum</span> <span class='ocrx_word' id='word_1_231' title='bbox 956 2134 1070 2181; x_wconf 85' lang='lat' dir='ltr'>esset,</span> <span class='ocrx_word' id='word_1_232' title='bbox 1103 2132 1189 2169; x_wconf 89' lang='lat' dir='ltr'>sine</span> <span class='ocrx_word' id='word_1_233' title='bbox 1215 2134 1323 2168; x_wconf 88' lang='lat' dir='ltr'>metu</span> <span class='ocrx_word' id='word_1_234' title='bbox 1346 2134 1385 2168; x_wconf 88' lang='lat' dir='ltr'>et</span> <span class='ocrx_word' id='word_1_235' title='bbox 1407 2133 1530 2168; x_wconf 85' lang='lat' dir='ltr'>certa-</span> 
     </span>
     <span class='ocr_line' id='line_1_30' title="bbox 96 2202 1570 2252; baseline -0.002 -9"><span class='ocrx_word' id='word_1_236' title='bbox 96 2205 202 2243; x_wconf 89' lang='lat' dir='ltr'>mine</span> <span class='ocrx_word' id='word_1_237' title='bbox 259 2206 363 2242; x_wconf 88' lang='lat' dir='ltr'>esset</span> <span class='ocrx_word' id='word_1_238' title='bbox 414 2206 674 2251; x_wconf 86' lang='lat' dir='ltr'>regnaturus,</span> <span class='ocrx_word' id='word_1_239' title='bbox 736 2203 831 2240; x_wconf 91' lang='lat' dir='ltr'>dein</span> <span class='ocrx_word' id='word_1_240' title='bbox 877 2202 1148 2241; x_wconf 89' lang='lat' dir='ltr'>collaudatum</span> <span class='ocrx_word' id='word_1_241' title='bbox 1209 2216 1281 2252; x_wconf 93' lang='lat' dir='ltr'>pro</span> <span class='ocrx_word' id='word_1_242' title='bbox 1342 2203 1528 2240; x_wconf 89' lang='lat' dir='ltr'>contione</span> <span class='ocrx_word' id='word_1_243' title='bbox 1547 2203 1570 2240; x_wconf 84' lang='lat'>9</span> 
     </span>
     <span class='ocr_line' id='line_1_31' title="bbox 100 2274 1531 2326; baseline -0.001 -13"><span class='ocrx_word' id='word_1_244' title='bbox 100 2274 359 2326; x_wconf 83' lang='lat' dir='ltr'>amplissimis</span> <span class='ocrx_word' id='word_1_245' title='bbox 392 2275 621 2312; x_wconf 88' lang='lat' dir='ltr'>decorasset</span> <span class='ocrx_word' id='word_1_246' title='bbox 658 2274 793 2322; x_wconf 90' lang='lat' dir='ltr'>donis,</span> <span class='ocrx_word' id='word_1_247' title='bbox 839 2275 986 2324; x_wconf 91' lang='lat' dir='ltr'>quibus</span> <span class='ocrx_word' id='word_1_248' title='bbox 1029 2287 1078 2311; x_wconf 94' lang='lat' dir='ltr'>ne</span> <span class='ocrx_word' id='word_1_249' title='bbox 1124 2274 1314 2323; x_wconf 86' lang='lat' dir='ltr'>indignus</span> <span class='ocrx_word' id='word_1_250' title='bbox 1345 2278 1459 2323; x_wconf 84' lang='lat' dir='ltr'>esset,</span> <span class='ocrx_word' id='word_1_251' title='bbox 1493 2277 1531 2312; x_wconf 86' lang='lat' dir='ltr'>et</span> 
     </span>
     <span class='ocr_line' id='line_1_32' title="bbox 98 2345 1606 2396; baseline -0.001 -12"><span class='ocrx_word' id='word_1_252' title='bbox 98 2346 258 2385; x_wconf 88' lang='lat' dir='ltr'>dedisse</span> <span class='ocrx_word' id='word_1_253' title='bbox 289 2359 449 2396; x_wconf 87' lang='lat' dir='ltr'>operam</span> <span class='ocrx_word' id='word_1_254' title='bbox 466 2345 723 2384; x_wconf 88' lang='lat' dir='ltr'>Masinissam</span> <span class='ocrx_word' id='word_1_255' title='bbox 749 2350 788 2384; x_wconf 91' lang='lat' dir='ltr'>et</span> <span class='ocrx_word' id='word_1_256' title='bbox 813 2360 932 2396; x_wconf 90' lang='lat' dir='ltr'>porro</span> <span class='ocrx_word' id='word_1_257' title='bbox 950 2347 1136 2384; x_wconf 88' lang='lat' dir='ltr'>daturum</span> <span class='ocrx_word' id='word_1_258' title='bbox 1163 2359 1258 2383; x_wconf 90' lang='lat' dir='ltr'>esse.</span> <span class='ocrx_word' id='word_1_259' title='bbox 1305 2345 1459 2391; x_wconf 90' lang='lat' dir='ltr'>Petere,</span> <span class='ocrx_word' id='word_1_260' title='bbox 1491 2349 1535 2383; x_wconf 89' lang='lat' dir='ltr'>ut</span> <span class='ocrx_word' id='word_1_261' title='bbox 1555 2345 1606 2383; x_wconf 88' lang='grc'>10</span> 
     </span>
     <span class='ocr_line' id='line_1_33' title="bbox 100 2416 1531 2468; baseline -0.001 -12"><span class='ocrx_word' id='word_1_262' title='bbox 100 2418 257 2467; x_wconf 89' lang='lat' dir='ltr'>regium</span> <span class='ocrx_word' id='word_1_263' title='bbox 275 2431 418 2456; x_wconf 90' lang='lat' dir='ltr'>nomen</span> <span class='ocrx_word' id='word_1_264' title='bbox 439 2421 650 2466; x_wconf 88' lang='lat' dir='ltr'>ceteraque</span> <span class='ocrx_word' id='word_1_265' title='bbox 668 2416 871 2468; x_wconf 82' lang='lat' dir='ltr'>Scipionis</span> <span class='ocrx_word' id='word_1_266' title='bbox 899 2417 1094 2455; x_wconf 89' lang='lat' dir='ltr'>beneficia</span> <span class='ocrx_word' id='word_1_267' title='bbox 1121 2419 1161 2454; x_wconf 91' lang='lat' dir='ltr'>et</span> <span class='ocrx_word' id='word_1_268' title='bbox 1182 2429 1348 2455; x_wconf 88' lang='lat' dir='ltr'>munera</span> <span class='ocrx_word' id='word_1_269' title='bbox 1371 2419 1531 2454; x_wconf 86' lang='lat' dir='ltr'>senatus</span> 
     </span>
     <span class='ocr_line' id='line_1_34' title="bbox 104 2487 1604 2537; baseline -0.001 -10"><span class='ocrx_word' id='word_1_270' title='bbox 104 2489 268 2527; x_wconf 86' lang='lat' dir='ltr'>decreto</span> <span class='ocrx_word' id='word_1_271' title='bbox 299 2489 567 2528; x_wconf 89' lang='lat' dir='ltr'>confirmaret.</span> <span class='ocrx_word' id='word_1_272' title='bbox 627 2489 698 2537; x_wconf 89' lang='lat' dir='ltr'>Et,</span> <span class='ocrx_word' id='word_1_273' title='bbox 744 2489 822 2528; x_wconf 90' lang='lat' dir='ltr'>nisi</span> <span class='ocrx_word' id='word_1_274' title='bbox 868 2490 1079 2527; x_wconf 88' lang='lat' dir='ltr'>molestum</span> <span class='ocrx_word' id='word_1_275' title='bbox 1125 2492 1246 2535; x_wconf 89' lang='lat' dir='ltr'>esset,</span> <span class='ocrx_word' id='word_1_276' title='bbox 1292 2487 1393 2525; x_wconf 91' lang='lat' dir='ltr'>illud</span> <span class='ocrx_word' id='word_1_277' title='bbox 1439 2500 1536 2537; x_wconf 89' lang='lat' dir='ltr'>quo·</span> <span class='ocrx_word' id='word_1_278' title='bbox 1558 2488 1604 2525; x_wconf 92' lang='grc'>11</span> 
     </span>
     <span class='ocr_line' id='line_1_35' title="bbox 103 2559 1531 2610; baseline -0.001 -12"><span class='ocrx_word' id='word_1_279' title='bbox 103 2573 181 2610; x_wconf 90' lang='lat' dir='ltr'>que</span> <span class='ocrx_word' id='word_1_280' title='bbox 225 2563 359 2610; x_wconf 87' lang='lat' dir='ltr'>petere</span> <span class='ocrx_word' id='word_1_281' title='bbox 403 2559 681 2608; x_wconf 89' lang='lat' dir='ltr'>Masinissam,</span> <span class='ocrx_word' id='word_1_282' title='bbox 725 2565 770 2598; x_wconf 91' lang='lat' dir='ltr'>ut</span> <span class='ocrx_word' id='word_1_283' title='bbox 814 2560 1011 2599; x_wconf 89' lang='lat' dir='ltr'>Numidas</span> <span class='ocrx_word' id='word_1_284' title='bbox 1057 2560 1254 2610; x_wconf 85' lang='lat' dir='ltr'>captivos,</span> <span class='ocrx_word' id='word_1_285' title='bbox 1294 2559 1363 2609; x_wconf 84' lang='lat' dir='ltr'>qui</span> <span class='ocrx_word' id='word_1_286' title='bbox 1393 2559 1531 2597; x_wconf 78' lang='lat' dir='ltr'>Romae</span> 
     </span>
    </p>
   </div>
   <div class='ocr_carea' id='block_1_3' title="bbox 102 2630 1529 2733">
    <p class='ocr_par' dir='ltr' id='par_1_4' title="bbox 102 2630 1529 2733">
     <span class='ocr_line' id='line_1_36' title="bbox 102 2630 1529 2681; baseline -0.001 -12"><span class='ocrx_word' id='word_1_287' title='bbox 102 2632 146 2670; x_wconf 93' lang='lat' dir='ltr'>in</span> <span class='ocrx_word' id='word_1_288' title='bbox 177 2632 358 2670; x_wconf 87' lang='lat' dir='ltr'>custodia</span> <span class='ocrx_word' id='word_1_289' title='bbox 389 2634 532 2678; x_wconf 88' lang='lat' dir='ltr'>essent,</span> <span class='ocrx_word' id='word_1_290' title='bbox 565 2632 834 2678; x_wconf 50' lang='lat' dir='ltr'>remitterentq</span> <span class='ocrx_word' id='word_1_291' title='bbox 869 2632 909 2669; x_wconf 89' lang='lat' dir='ltr'>id</span> <span class='ocrx_word' id='word_1_292' title='bbox 947 2631 1029 2670; x_wconf 91' lang='lat' dir='ltr'>sibi</span> <span class='ocrx_word' id='word_1_293' title='bbox 1061 2631 1235 2681; x_wconf 89' lang='lat' dir='ltr'>amplum</span> <span class='ocrx_word' id='word_1_294' title='bbox 1268 2630 1374 2681; x_wconf 85' lang='lat' dir='ltr'>apud</span> <span class='ocrx_word' id='word_1_295' title='bbox 1405 2643 1529 2680; x_wconf 90' lang='lat' dir='ltr'>popu-</span> 
     </span>
     <span class='ocr_line' id='line_1_37' title="bbox 167 2700 1257 2733; baseline 0 -6"><span class='ocrx_word' id='word_1_296' title='bbox 167 2701 273 2727; x_wconf 79' lang='lat' dir='ltr'>Livius</span> <span class='ocrx_word' id='word_1_297' title='bbox 293 2709 329 2727; x_wconf 85' lang='lat' dir='ltr'>ex</span> <span class='ocrx_word' id='word_1_298' title='bbox 349 2709 406 2727; x_wconf 86' lang='lat' dir='ltr'>rec.</span> <span class='ocrx_word' id='word_1_299' title='bbox 425 2702 579 2733; x_wconf 82' lang='lat' dir='ltr'>Madvigii.</span> <span class='ocrx_word' id='word_1_300' title='bbox 616 2702 669 2728; x_wconf 83' lang='lat' dir='ltr'>IV.</span> <span class='ocrx_word' id='word_1_301' title='bbox 1216 2700 1257 2732; x_wconf 89' lang='grc'>16</span> 
     </span>
    </p>
   </div>
  </div>
 </body>
</html>
