1768 2943
234 113 316 153 112
654 110 758 141 Liber
782 110 890 140 XXII.
926 109 980 152 (A.
1007 120 1039 141 u.
1067 120 1095 141 c.
1122 109 1216 153 538.)

188 241 397 282 Smisisse.
467 242 588 289 Atqui
627 247 667 277 et
705 242 760 276 ad
788 241 918 277 Aliam
957 253 1046 278 cum
1080 239 1205 277 Gallis
1244 247 1284 277 et
1315 242 1369 277 ad
1401 241 1639 278 Heracleam

230 324 318 349 cum
351 312 502 360 Pyrrho
542 317 709 359 utraque
748 323 833 347 non
873 316 954 347 tam
993 311 1109 347 clade
1146 311 1307 348 infamis
1339 323 1458 359 quam
1491 324 1640 360 pavore

230 388 270 418 et
301 382 395 429 fuga
428 393 565 430 pugna
597 381 681 417 fuit.
745 380 984 417 Cannenses
1016 393 1184 430 campos
1211 382 1340 418 acervi
1365 382 1641 418 Romanorum

231 464 445 500 corporum
474 457 626 500 tegunt,
656 463 730 488 nec
759 463 1016 499 supersumus
1042 463 1201 500 pugnae,
1233 452 1307 488 nisi
1332 452 1371 488 in
1397 452 1539 499 quibus
1563 458 1642 488 tru-

193 521 418 561 9cidandis
451 528 491 558 et
523 522 667 558 ferrum
701 527 741 558 et
770 522 872 558 vires
905 522 1062 558 hostem
1087 521 1336 558 defecerunt.
1399 522 1498 558 Sunt
1521 522 1641 558 etiam

233 594 285 629 de
310 593 455 629 nostris
481 593 659 641 quidam,
690 592 757 640 qui
782 605 832 629 ne
856 593 897 629 in
922 593 1007 629 acie
1034 592 1198 640 quidem
1218 591 1388 635 fuerunt,
1417 593 1492 629 sed
1509 592 1642 641 praesi-

231 664 300 699 dio
341 663 479 700 castris
518 663 656 706 relicti,
699 674 820 710 quum
859 668 989 699 castra
1020 662 1285 706 traderentur,
1326 662 1366 698 in
1398 668 1642 710 potestatem

166 731 219 772 10
233 733 406 770 bostium
432 738 639 769 venerunt.
695 732 818 768 Haud
843 733 1032 781 equidem
1058 733 1171 769 ullius
1190 733 1284 769 civis
1302 738 1342 769 et
1358 733 1643 769 commilitonis

232 803 400 840 fortunae
425 808 494 839 aut
519 803 753 840 condicioni
770 803 947 845 invideo,
973 815 1049 839 nec
1068 803 1294 851 premendo
1313 803 1433 839 alium
1451 815 1514 838 me
1533 809 1643 838 extu-

232 874 322 910 lisse
352 873 488 910 velim:
522 886 574 910 ne
602 874 655 909 illi
684 874 861 921 quidem,
892 873 967 909 nisi
994 873 1241 921 pernicitatis
1266 875 1418 922 pedum
1443 878 1482 909 et
1506 884 1643 910 cursus

232 944 398 991 aliquod
424 943 631 992 praemium
659 949 731 988 est,
763 943 828 992 qui
854 943 1033 992 plerique
1062 943 1236 980 inermes
1261 956 1309 980 ex
1334 944 1420 980 acie
1445 943 1644 991 fugientes

232 1026 316 1050 non
347 1014 456 1062 prius
489 1026 609 1062 quam
634 1013 824 1050 Venusiae
857 1018 925 1049 aut
950 1012 1114 1050 Canusii
1147 1014 1425 1057 constiterunt,
1459 1026 1502 1050 se
1526 1014 1644 1050 nobis

232 1084 374 1120 merito
402 1084 647 1133 praetulerint
674 1083 914 1132 gloriatique
943 1083 1033 1127 sint,
1062 1084 1103 1119 in
1133 1096 1175 1120 se
1204 1084 1292 1132 plus
1317 1096 1437 1132 quam
1461 1084 1502 1119 in
1528 1083 1645 1119 nobis

164 1153 213 1192 11
233 1155 406 1202 praesidii
433 1154 489 1190 rei
515 1154 684 1202 publicae
709 1166 811 1190 esse.
871 1154 953 1190 Sed
979 1159 1019 1190 et
1046 1154 1119 1190 illis
1144 1154 1264 1190 bonis
1289 1166 1336 1190 ac
1361 1153 1529 1190 fortibus
1546 1154 1646 1189 mili-

233 1225 336 1260 tibus
365 1225 531 1260 utemini
560 1230 599 1260 et
626 1225 744 1260 nobis
774 1224 895 1260 etiam
919 1224 1234 1273 promptioribus
1259 1236 1333 1273 pro
1363 1224 1504 1273 patria,
1534 1224 1646 1272 quod

232 1294 430 1331 beneficio
458 1299 592 1331 vestro
620 1294 819 1343 redempti
845 1299 966 1342 atque
990 1294 1030 1330 in
1054 1295 1224 1343 patriam
1249 1295 1418 1331 restituti
1443 1294 1644 1330 fuerimus.

164 1362 217 1402 12
233 1364 432 1401 Dilectum
464 1377 512 1401 ex
540 1365 650 1400 omni
679 1370 796 1401 aetate
827 1370 866 1400 et
894 1364 1054 1401 fortuna
1083 1365 1257 1408 habetis;
1293 1370 1387 1401 octo
1417 1365 1539 1400 millia
1567 1376 1647 1401 ser-

233 1446 371 1470 vorum
404 1435 528 1471 audio
561 1435 718 1470 armari.
781 1434 875 1471 Non
908 1435 1040 1471 minor
1071 1447 1261 1472 numerus
1293 1440 1432 1472 noster
1464 1440 1537 1478 est,
1571 1446 1646 1472 nec

233 1505 385 1541 maiore
427 1504 556 1553 pretio
596 1505 738 1540 redimi
770 1516 999 1552 possumus,
1034 1517 1154 1553 quam
1186 1506 1212 1542 ii
1244 1511 1447 1549 emuntur3
1488 1517 1582 1541 nam
1616 1505 1648 1542 si

235 1574 442 1611 conferam
481 1586 558 1611 nos
599 1587 689 1611 cum
728 1575 815 1618 illis,
855 1575 1038 1611 iniuriam
1078 1575 1233 1611 nomini
1266 1575 1454 1612 Romano
1488 1575 1646 1612 faciam.

166 1643 218 1683 13
233 1644 334 1680 Illud
362 1645 483 1680 etiam
509 1645 549 1681 in
578 1645 646 1681 tali
675 1645 844 1682 consilio
875 1645 1281 1681 animadvertendum
1305 1646 1420 1682 vobis
1445 1657 1647 1689 censeam,

234 1720 367 1762 patres
408 1714 639 1763 conscripti,
681 1715 712 1751 si
753 1715 832 1750 iam
872 1715 1055 1752 duriores
1089 1727 1178 1751 esse
1211 1716 1352 1759 velitis,
1396 1716 1509 1763 quod
1539 1716 1648 1752 nullo

166 1783 219 1822 14
234 1790 374 1821 nostro
406 1785 550 1821 merito
583 1784 753 1827 faciatis,
787 1784 850 1821 cui
881 1796 958 1821 nos
991 1785 1097 1821 hosti
1129 1785 1301 1822 relicturi
1334 1785 1430 1822 sitis.
1498 1785 1649 1833 Pyrrho

235 1854 433 1898 videlicet,
467 1854 533 1902 qui
559 1854 763 1902 hospitum
787 1866 956 1891 numero
982 1855 1163 1903 captivos
1189 1853 1353 1891 habuit?
1385 1855 1448 1890 An
1476 1855 1649 1890 barbaro

235 1935 282 1959 ac
308 1924 451 1967 Poeno,
485 1924 552 1971 qui
585 1929 714 1959 utrum
747 1924 904 1961 avarior
935 1937 989 1960 an
1022 1924 1224 1961 crudelior
1255 1924 1316 1968 sit,
1350 1924 1412 1959 vix
1435 1923 1650 1960 existimari

168 1992 221 2031 15
236 1991 396 2041 potest?
429 1993 468 2029 Si
497 1993 666 2030 videatis
692 1998 870 2038 catenas,
905 1995 1147 2042 squalorem,
1183 1993 1481 2030 deformitatem
1508 1994 1650 2030 civium

236 2068 470 2107 vestrorum,
503 2075 589 2098 non
613 2063 744 2099 minus
768 2063 953 2111 profecto
978 2076 1050 2100 vos
1076 2076 1125 2100 ea
1149 2064 1306 2112 species
1329 2068 1504 2107 moveat,
1530 2075 1650 2111 quam

236 2132 267 2168 si
293 2144 343 2168 ex
365 2133 490 2168 altera
508 2137 621 2180 parte
640 2133 812 2169 cernatis
831 2138 974 2169 stratas
993 2133 1280 2170 Cannensibus
1298 2133 1451 2181 campis
1469 2133 1651 2181 legiones

170 2200 221 2240 16
237 2206 401 2238 vestras.
449 2201 597 2238 Intueri
621 2203 791 2250 potestis
809 2202 1121 2239 sollicitudinem
1139 2208 1179 2239 et
1196 2203 1379 2240 lacrimas
1396 2203 1437 2239 in
1454 2202 1650 2239 vestibulo

237 2271 355 2307 curiae
388 2272 578 2308 stantium
610 2277 878 2320 cognatorum
909 2277 1140 2308 nostrorum
1168 2271 1568 2320 exspectantiumque
1591 2282 1652 2306 re-

238 2352 433 2388 sponsum
456 2345 644 2377 vestrum.
693 2340 827 2386 Quum
851 2341 877 2376 ii
901 2353 974 2389 pro
999 2341 1118 2378 nobis
1143 2352 1298 2390 proque
1320 2340 1381 2384 iis,
1407 2340 1472 2388 qui
1491 2341 1650 2384 absunt,

237 2410 292 2446 ita
319 2410 505 2458 suspensi
534 2422 582 2446 ac
610 2410 766 2446 solliciti
797 2410 887 2453 sint,
922 2422 1042 2458 quem
1071 2410 1245 2447 censetis
1273 2410 1451 2446 animum
1473 2409 1652 2458 ipsorum

171 2477 221 2517 17
239 2491 342 2523 esse,
377 2491 546 2527 quorum
573 2480 614 2515 in
640 2478 870 2515 discrimine
894 2479 974 2514 vita
999 2479 1242 2528 libertasque
1272 2477 1358 2515 est?
1390 2479 1443 2522 Si,
1476 2478 1653 2514 medius-

239 2547 370 2592 fidius,
403 2548 490 2596 ipse
522 2548 564 2584 in
587 2559 665 2584 nos
689 2548 795 2584 mitis
818 2548 1024 2584 Hannibal
1048 2553 1190 2585 contra
1215 2552 1399 2584 naturam
1424 2559 1538 2584 suam
1562 2558 1652 2583 esse

239 2617 344 2660 velit,
378 2617 475 2653 nihil
501 2622 637 2653 tamen
661 2617 780 2654 nobis
808 2617 886 2653 vita
912 2628 1014 2665 opus
1042 2629 1132 2654 esse
1162 2628 1414 2660 censeamus,
1448 2627 1569 2664 quum
1593 2615 1653 2651 in-
