1768 2943
262 106 312 145 1⁸
680 102 783 133 Liber
809 103 901 133 XXI.
953 101 1006 144 (A.
1035 113 1064 133 u.
1093 113 1121 133 c.
1150 100 1244 144 536.)

259 238 376 273 nibus
405 236 487 272 fere
515 235 670 271 visendi
700 235 848 270 domos
877 234 1013 270 oblata
1039 234 1139 271 ultro
1164 241 1345 284 potestas
1369 240 1482 284 grata
1510 241 1608 280 erat,
1637 241 1677 271 et

259 309 338 344 iarn
372 306 698 343 desiderantibus
731 317 826 342 suos
860 310 899 340 et
930 305 1089 353 longius
1111 307 1150 342 in
1175 306 1347 342 futurum
1371 306 1676 355 providentibus

219 378 519 419 8desfflerium.
592 377 668 413 Per
709 381 836 412 totum
870 381 1028 424 tempus
1061 376 1203 413 hiemis
1236 377 1349 424 quies
1381 377 1484 412 inter
1517 376 1676 412 labores

260 455 328 485 aut
359 449 439 485 iam
473 448 690 485 exhaustos
723 451 792 482 aut
824 458 917 482 mox
941 447 1239 483 exhauriendos
1268 447 1475 483 renovavit
1506 458 1678 495 corpora

261 520 500 566 animosque
541 519 595 554 ad
635 517 772 554 omnia
805 517 857 553 de
889 517 1047 566 integro
1081 517 1295 566 patienda;
1336 529 1428 553 vere
1461 517 1590 566 primo
1624 517 1679 553 ad

262 590 439 626 edictum
472 600 714 625 convenere.

221 664 245 701 9
380 659 586 696 Hannibal
625 671 747 706 quum
786 659 1056 695 recensuisset
1094 659 1273 695 omnium
1305 659 1487 708 gentium
1520 658 1678 702 auxilia,

263 731 404 768 Gades
436 730 643 779 profectus
675 729 838 766 Herculi
871 736 964 766 vota
997 730 1177 772 exsolvit,
1218 730 1416 777 novisque
1449 741 1493 765 se
1527 729 1682 778 obligat

194 803 247 843 lO
260 804 377 846 votis,
403 803 433 838 si
452 807 587 838 cetera
604 812 798 849 prospere
831 800 1074 837 evenissent.
1117 800 1219 836 Inde
1236 801 1413 848 partiens
1433 812 1548 836 curas
1566 800 1681 837 simul

263 874 304 909 in
328 872 585 909 inferendum
610 876 732 919 atque
758 871 980 908 arcendum
1003 871 1163 914 bellum,
1190 883 1256 914 ne,
1282 871 1379 906 dum
1402 871 1489 920 ipse
1507 870 1681 907 terrestri

262 957 333 993 per
359 943 599 992 Hispaniam
623 941 857 989 Galliasque
881 942 1022 978 itinere
1046 941 1203 978 ltaliam
1227 948 1396 990 peteret,
1428 942 1541 978 nuda
1568 953 1682 990 aper-

263 1022 384 1063 taque
408 1014 603 1050 Romanis
621 1013 757 1050 Africa
781 1014 832 1049 ab
851 1012 983 1048 Sicilia
1007 1018 1126 1056 esset,
1153 1012 1288 1048 valido
1312 1013 1502 1060 praesidio
1527 1012 1682 1048 firmare

196 1086 244 1124 11
264 1099 354 1123 eam
394 1086 549 1129 statuit;
593 1097 666 1133 pro
700 1096 750 1120 eo
785 1083 1109 1131 supplementum
1140 1084 1228 1131 ipse
1261 1096 1309 1119 ex
1342 1083 1478 1119 Africa
1510 1083 1683 1118 maxime

264 1157 541 1201 iaculatorum,
582 1155 727 1191 levium
759 1155 891 1198 armis,
932 1154 1057 1202 petiit,
1100 1160 1142 1190 ut
1175 1154 1257 1189 Afri
1290 1155 1329 1190 in
1363 1153 1578 1202 Hispania,
1613 1152 1684 1189 Hi-

265 1228 381 1277 spani
406 1228 447 1263 in
465 1226 611 1267 Africa.
640 1226 782 1262 melior
805 1226 943 1273 procul
968 1226 1018 1261 ab
1043 1226 1169 1261 domo
1195 1225 1347 1261 futurus
1370 1230 1538 1272 uterque
1555 1223 1682 1267 miles,

197 1297 250 1338 12
265 1299 371 1335 velut
397 1298 542 1334 mutuis
572 1297 805 1346 pigneribus
834 1296 1012 1344 obligati,
1047 1296 1251 1344 stipendia
1280 1295 1472 1332 facerent.
1531 1295 1685 1331 Trede-

267 1370 343 1406 cim
366 1369 489 1405 millia
513 1369 772 1417 octingentos
796 1367 1089 1415 quinquaginta
1114 1367 1275 1414 pedites
1299 1372 1485 1402 caetratos
1509 1365 1616 1402 misit
1644 1365 1685 1400 in

266 1440 443 1476 Africam
463 1445 503 1476 et
521 1439 746 1475 funditores
764 1438 942 1474 Baliares
961 1438 1221 1486 octingentos
1240 1437 1510 1485 septuaginta,
1531 1436 1686 1484 equites

200 1510 250 1549 13
266 1511 411 1547 mixtos
444 1523 492 1546 ex
523 1510 656 1546 multis
687 1510 875 1558 gentibus
908 1509 1014 1544 mille
1048 1509 1261 1544 ducentos.
1325 1507 1411 1543 Has
1435 1507 1575 1556 copias
1597 1519 1688 1556 par-

265 1583 335 1618 tim
369 1581 604 1630 Carthagini
642 1581 832 1629 praesidio
867 1592 969 1623 esse,
1014 1579 1158 1627 partim
1191 1579 1373 1615 distribui
1406 1591 1478 1627 per
1510 1578 1688 1614 Africam

267 1653 389 1689 iubet.
438 1652 560 1688 Simul
586 1651 927 1699 conquisitoribus
951 1650 992 1686 in
1016 1650 1195 1686 civitates
1220 1649 1364 1692 missis,
1390 1652 1579 1696 quattuor
1602 1645 1688 1681 mil-

267 1724 318 1760 lia
335 1723 566 1771 conscripta
584 1722 752 1758 delectae
770 1722 998 1764 iuventutis,
1018 1720 1249 1770 praesidium
1267 1720 1437 1756 eosdem
1455 1723 1495 1754 et
1507 1717 1687 1760 obsides,

147 1791 207 1834 22
271 1795 363 1831 duci
383 1794 671 1842 Carthaginem
687 1793 810 1828 iubet.
844 1791 987 1840 Neque
1000 1791 1241 1839 Hispaniam
1259 1789 1547 1839 negligendam
1565 1792 1687 1830 ratus,

269 1871 389 1913 atque
417 1866 460 1901 id
489 1877 540 1901 eo
568 1864 713 1908 minus,
753 1864 865 1911 quod
894 1863 1003 1898 haud
1029 1863 1192 1910 ignarus
1222 1867 1319 1905 erat,
1359 1859 1606 1897 circumitam
1637 1857 1688 1893 ab

228 1935 464 1974 2R0manis
490 1947 580 1971 eam
605 1935 746 1982 legatis
772 1934 825 1969 ad
843 1933 1123 1969 sollicitandos
1141 1932 1367 1980 principum
1385 1930 1556 1972 animos,
1585 1927 1689 1964 Has-

271 2006 427 2042 drubali
451 2005 572 2049 fratri,
606 2005 690 2040 viro
715 2004 900 2052 impigro,
935 2015 1025 2038 eam
1049 2003 1298 2051 provinciam
1326 2002 1516 2044 destinat,
1543 1999 1689 2035 firmat-

270 2089 348 2124 que
373 2089 462 2112 eam
486 2075 629 2111 Africis
654 2075 826 2110 maxime
853 2074 1062 2122 praesidiis,
1087 2074 1268 2121 peditum
1287 2072 1473 2109 Afrorum
1499 2069 1688 2107 undecim

271 2147 441 2183 millibus
475 2146 718 2194 octingentis
752 2145 1057 2193 quinquaginta,
1092 2144 1303 2192 Liguribus
1336 2142 1540 2186 trecentis,
1585 2140 1690 2177 Bali-

231 2217 255 2255 23
271 2218 404 2253 aribus
443 2217 679 2263 quingentis.
754 2216 817 2251 Ad
861 2215 946 2251 haec
978 2215 1161 2263 peditum
1194 2215 1339 2250 auxilia
1371 2213 1499 2249 additi
1533 2212 1689 2260 equites

272 2287 598 2336 Libyphoenices,
643 2287 808 2322 mixtum
847 2286 1041 2322 Punicum
1073 2285 1178 2321 Afris
1217 2297 1359 2333 genus,
1403 2282 1690 2332 quadringenti

272 2359 559 2405 quinquaginta
593 2363 632 2393 et
664 2356 850 2393 Numidae
883 2356 1094 2404 Maurique
1127 2356 1277 2392 accolae
1308 2354 1464 2392 Oceani
1498 2354 1552 2410 ad
1583 2352 1690 2388 mille

273 2429 495 2478 octingenti
534 2434 573 2464 et
611 2440 733 2476 parva
765 2427 978 2475 Ilergetum
1012 2438 1155 2463 manus
1188 2439 1236 2462 ex
1269 2425 1480 2474 Hispania,
1522 2422 1689 2460 trecenti

273 2501 441 2547 equites,
469 2505 520 2544 et,
546 2512 598 2535 ne
622 2499 735 2546 quod
763 2497 956 2534 terrestris
982 2498 1145 2533 deesset
1167 2497 1300 2533 auxilii
1316 2507 1459 2545 genus,
1485 2493 1690 2543 elephanti

232 2571 410 2619 4x·ig1·11ti
443 2582 559 2606 unus.
623 2569 772 2606 Classis
805 2574 998 2617 praeterea
1032 2568 1128 2603 data
1161 2567 1323 2603 tuendae
1355 2566 1562 2602 maritimae
1595 2575 1689 2608 orae,
