1789 2955
249 93 335 135 200
678 93 781 124 Liber
802 93 926 124 xxrv.
965 92 1020 136 (A.
1042 104 1072 125 u.
1095 104 1120 124 c.
1144 93 1238 136 540.)

249 224 369 261 studii
412 225 495 260 visa
538 230 599 260 est
642 225 772 261 oratio
812 225 975 268 habere,
1019 238 1069 262 eo
1109 227 1197 274 plus
1230 226 1477 263 auctoritatis
1509 227 1660 264 habuit.

249 294 464 331 Adiectum
490 299 550 330 est
572 294 809 342 praetoribus
833 307 880 332 ac
906 295 1073 332 delectis
1098 301 1329 332 senatorum
1354 296 1521 332 militare
1539 297 1661 332 etiam

250 364 481 408 consilium;
514 364 610 400 iussi
642 370 682 400 et
704 365 830 401 duces
856 365 1043 401 ordinum
1068 366 1335 415 praefectique⁸
1351 367 1586 402 auxiliorum
1613 367 1664 403 si—

209 432 234 472 9
250 434 330 469 mul
356 434 580 470 consulere.
630 434 765 480 Quum
788 447 896 483 saepe
921 441 1012 471 acta
1036 448 1098 472 res
1124 441 1232 472 esset
1255 436 1412 484 magnis
1439 419 1664 473 certamini-

249 504 338 548 bus,
372 508 593 552 postremo,
628 504 721 551 quia
753 505 845 541 belli
878 518 968 541 cum
992 505 1188 542 Romanis
1219 506 1389 554 gerendi
1422 506 1523 542 ratio
1557 506 1664 542 nulla

250 575 487 622 apparebat,
521 585 664 622 pacem
697 574 780 610 fieri
812 576 962 623 placuit
994 587 1082 612 cum
1117 575 1173 611 eis
1207 576 1386 623 mittique
1418 577 1575 624 legatos
1608 577 1662 612 ad

250 656 334 681 rem
367 644 702 681 confirmandam.

126 710 187 755 29
367 713 465 750 Dies
479 714 588 750 haud
600 714 655 750 ita
667 715 777 751 multi
790 715 1114 760 intercesserant,
1130 728 1252 764 quum
1265 728 1314 752 ex
1323 715 1663 764 Leontinislegati

251 783 482 833 praesidium
515 782 659 821 finibus
692 785 772 821 suis
798 790 962 822 orantes
986 792 1200 829 venerunt;
1234 798 1323 834 quae
1347 786 1497 834 legatio
1522 798 1668 834 perop-

252 859 428 904 portuna
450 854 536 892 visa
558 855 613 890 ad
636 855 932 891 multitudinem
956 855 1209 892 inconditam
1234 868 1281 892 ac
1299 857 1584 892 tumultuosam
1603 868 1668 892 ex-

213 923 506 964 20nerandam
539 925 746 973 ducesque
779 925 863 962 eius
892 926 1162 974 ablegandos.
1227 926 1498 974 Hippocrates
1522 931 1669 974 praetor

255 996 404 1033 ducere
428 1008 478 1033 eo
504 995 734 1043 transfugas
758 995 907 1040 iussus;
934 996 1060 1032 secuti
1085 995 1195 1032 multi
1220 1009 1268 1032 ex
1286 996 1542 1032 mercenariis
1560 996 1668 1032 auxi-

213 1063 314 1105 3liis
347 1070 535 1114 quattuor
566 1065 688 1101 millia
716 1071 961 1102 armatorum
985 1066 1217 1103 effecerunt.
1281 1067 1333 1102 Et
1355 1067 1603 1103 mittentibus
1631 1073 1671 1103 et

254 1136 385 1173 missis
425 1149 474 1172 ea
513 1136 603 1172 laeta
641 1136 847 1184 expeditio
888 1136 977 1181 fuit;
1018 1149 1113 1173 nam
1147 1142 1186 1173 et
1217 1137 1304 1181 illis,
1345 1138 1457 1185 quod
1488 1137 1568 1173 iam
1601 1137 1670 1173 diu

255 1205 485 1254 cupiebant,
510 1206 691 1242 novandi
714 1219 777 1243 res
803 1207 967 1244 occasio
993 1208 1090 1243 data
1114 1213 1187 1252 est,
1214 1214 1254 1244 et
1270 1208 1308 1244 hi
1328 1208 1527 1244 sentinam
1546 1219 1672 1255 quan-

255 1276 351 1312 dam
383 1275 490 1312 urbis
523 1276 595 1312 rati
629 1277 865 1313 exhaustam
897 1278 1146 1314 laetabantur.
1222 1278 1410 1314 Ceterum
1442 1279 1672 1314 levaverunt

254 1347 382 1382 modo
410 1346 452 1382 in
479 1347 694 1395 praesentia
721 1348 826 1383 velut
854 1359 1000 1396 corpus
1028 1360 1190 1396 aegrum,
1225 1361 1306 1396 quo
1334 1361 1427 1385 mox
1451 1349 1492 1384 in
1514 1348 1672 1396 gravio-

214 1414 340 1456 4rem
363 1417 548 1453 morbum
572 1417 782 1453 recideret.
838 1417 1109 1466 Hippocrates
1133 1419 1240 1455 enim
1265 1419 1432 1455 finitima
1456 1417 1673 1467 provinciae

257 1487 453 1524 Romanae
481 1487 611 1536 primo
641 1487 791 1524 furtivis
820 1488 1124 1525 excursionibus
1152 1494 1309 1526 vastare
1337 1489 1477 1538 coepit;
1505 1488 1671 1531 deinde,

258 1569 381 1605 quum
405 1558 458 1593 ad
483 1558 660 1594 tuendos
678 1558 881 1594 sociorum
899 1571 1020 1606 agros
1038 1559 1203 1595 missum
1221 1560 1272 1595 ab
1290 1559 1424 1607 Appio
1442 1558 1674 1608 praesidium

258 1632 378 1671 esset,
413 1627 600 1664 omnibus
633 1628 761 1677 copiis
794 1628 988 1676 impetum
1020 1628 1061 1664 in
1086 1629 1317 1678 oppositam
1343 1629 1560 1666 stationem
1584 1640 1674 1665 cum

217 1694 372 1736 5caede
399 1698 614 1734 multorum
642 1697 748 1734 fecit.
808 1699 908 1745 Quae
938 1711 1059 1747 quum
1087 1705 1224 1736 essent
1250 1699 1435 1736 nuntiata
1464 1698 1672 1742 Marcello,

258 1769 417 1816 legatos
456 1769 659 1817 extemplo
692 1769 911 1817 Syracusas
949 1769 1066 1814 misit,
1107 1770 1174 1818 qui
1213 1770 1324 1818 pacis
1364 1770 1487 1806 fidem
1518 1774 1674 1818 ruptam

260 1850 350 1875 esse
376 1838 570 1883 dicerent,
596 1851 672 1876 nec
697 1839 789 1875 belli
813 1839 1040 1876 defuturam
1067 1852 1243 1888 unquam
1269 1852 1446 1883 causam,
1475 1838 1551 1875 nisi
1576 1837 1676 1886 Hip-

259 1914 447 1957 pocrates
480 1914 601 1957 atque
634 1909 838 1958 Epicydes
870 1922 956 1946 non
988 1911 1039 1946 ab
1072 1910 1277 1958 Syracusis
1308 1910 1450 1952 modo,
1484 1909 1559 1945 sed
1591 1912 1678 1944 tota

220 1976 401 2027 6procul
424 1979 557 2015 Sicilia
589 1981 884 2029 ablegarentur.
947 1980 1165 2029 Epicydes,
1199 1992 1250 2016 ne
1284 1985 1352 2016 aut
1383 1991 1474 2016 reus
1503 1978 1676 2016 criminis

262 2049 441 2086 absentis
470 2049 599 2086 fratris
628 2062 806 2098 praesens
834 2056 942 2087 esset
969 2056 1038 2086 aut
1060 2051 1224 2087 deesset
1246 2062 1320 2099 pro
1345 2055 1458 2098 parte
1485 2062 1557 2086 sua
1580 2061 1678 2085 con-

263 2119 429 2156 citando
461 2119 582 2164 bello,
616 2120 822 2169 profectus
855 2126 894 2157 et
919 2121 1006 2170 ipse
1030 2120 1071 2157 in
1094 2120 1334 2164 Leontinos,
1369 2120 1461 2168 quia
1485 2119 1580 2156 satis
1605 2130 1678 2155 eos

264 2190 456 2226 adversus
495 2191 688 2238 populum
722 2191 952 2227 Romanum
993 2191 1220 2228 concitatos
1253 2191 1457 2234 cernebat,
1499 2194 1677 2226 avertere

224 2257 246 2297 7
263 2259 385 2296 etiam
409 2261 459 2296 ab
478 2260 740 2308 Syracusanis
764 2260 903 2310 coepit:
931 2274 1025 2298 nam
1042 2261 1098 2298 ita
1115 2273 1187 2298 eos
1205 2273 1347 2310 pacem
1365 2260 1569 2310 pepigisse
1587 2271 1677 2295 cum

264 2330 473 2375 Romanis,
507 2336 561 2375 ut,
595 2331 825 2379 quicunque
857 2332 995 2380 populi
1029 2332 1102 2368 sub
1135 2331 1296 2380 regibus
1321 2331 1501 2374 fuissent,
1536 2329 1572 2366 ei
1597 2341 1678 2366 suae

265 2401 438 2438 dicionis
456 2407 604 2445 essent,
623 2413 700 2438 nec
717 2401 796 2437 iam
815 2401 997 2437 libertate
1016 2413 1088 2437 eos
1106 2406 1324 2438 contentos
1341 2412 1444 2444 esse,
1464 2400 1539 2436 nisi
1557 2400 1678 2436 etiam

226 2468 250 2510 8
265 2476 437 2520 regnent
460 2483 507 2509 ac
532 2471 803 2508 dominentur.
851 2471 1184 2508 Renuntiandum
1208 2471 1325 2520 igitur
1342 2471 1399 2507 eis
1417 2482 1520 2514 esse,
1545 2469 1680 2506 Leon-

267 2541 374 2578 tinos
398 2554 561 2590 quoque
587 2554 744 2590 aequum
768 2554 934 2579 censere
959 2541 1106 2578 liberos
1129 2555 1168 2577 se
1193 2553 1296 2585 esse,
1322 2542 1383 2578 vel
1401 2541 1513 2589 quod
1530 2541 1571 2576 in
1589 2540 1678 2577 solo

267 2611 375 2648 urbis
403 2624 484 2649 suae
509 2617 701 2661 tyrannus
724 2612 928 2656 ceciderit,
959 2612 1019 2648 vel
1043 2612 1156 2660 quod
1179 2612 1232 2648 ibi
1257 2611 1426 2660 primum
1453 2611 1679 2648 conclama-
