1768 2943
527 99 632 130 Liber
657 99 750 130 XXI.
801 98 855 141 (A.
884 99 946 130 ch.
973 97 1068 141 215.)
1454 102 1501 141 11

91 230 358 279 Saguntinum
389 235 429 266 et
460 231 652 267 Alorcum
678 229 919 279 Hispanum.
959 230 1060 266 Alco
1092 230 1229 267 insciis
1258 230 1547 280 Saguntinis,-l

89 300 275 350 precibus
307 300 460 348 aliquid
491 306 693 337 moturum
716 306 837 344 ratus,
863 312 985 348 quum
1013 301 1068 336 ad
1085 299 1358 337 Hannibalem
1382 308 1506 338 noctu

90 370 310 415 transisset,
343 376 561 419 postquam
593 371 690 407 nihil
718 371 891 408 lacrimae
914 371 1134 407 movebant
1157 371 1505 421 condicionesque

90 442 220 478 tristes
252 447 295 478 ut
326 442 378 478 ab
409 441 512 477 irato
544 441 697 477 victore
738 441 984 486 ferebantur,
1023 440 1231 489 transfuga
1263 454 1312 477 ex
1345 449 1505 478 oratore

89 511 216 549 factus
234 512 345 560 apud
362 511 522 548 hostem
539 511 698 556 mansit,
725 511 959 548 moriturum
978 511 1196 557 affirmans,
1224 512 1291 560 qui
1317 513 1389 548 sub
1409 525 1505 548 con—

89 582 316 619 dicionibus
339 582 386 619 iis
404 583 456 618 de
479 593 582 630 pace
605 588 756 630 ageret.
802 582 1086 619 Postulabatur
1103 589 1252 627 autem,
1285 583 1506 619 redderent
1521 582 1546 620 ἶ)

87 665 150 690 res
181 652 441 697 Turdetanis,
475 652 706 700 traditoque
740 653 851 689 omni
870 665 982 690 -auro
1009 659 1130 701 atque
1155 659 1326 702 argento
1355 654 1506 702 egressi

87 725 184 760 urbe
216 735 307 759 cum
338 723 504 772 singulis
536 723 785 759 vestimentis
816 723 871 760 ibi
895 723 1137 768 habitarent,
1166 724 1233 760 ubi
1251 724 1400 760 Poenus
1428 724 1506 760 ius-

87 795 216 832 sisset.
264 793 351 830 Has
383 794 495 842 pacis
527 793 639 842 leges
672 794 877 830 abnuente
902 795 1059 831 Alcone
1093 800 1332 842 accepturos
1351 794 1546 842 Sagun-⁴5

86 865 206 908 tinos,
224 864 407 908 Alorcus‚
433 863 537 900 vinci
562 864 734 907 animos,
768 865 835 900 ubi
862 864 939 900 alia
964 866 1186 909 vincantur,
1214 864 1432 909 affirmans,
1463 877 1505 901 se

86 935 197 984 pacis
230 934 316 970 eius
347 934 608 983 interpretem
633 934 720 971 fore
748 936 979 984 pollicetur;
1014 942 1099 972 erat
1126 941 1261 972 autem
1284 940 1368 971 tum
1392 935 1505 972 miles

85 994 350 1049 Hannibalis,
373 1010 550 1041 ceterum
579 1006 738 1053 publice
757 1006 990 1055 Saguntinis
1016 1006 1168 1043 amicus
1193 1011 1314 1053 atque
1339 1005 1503 1054 hospes.

86 1075 256 1112 Tradito
270 1075 405 1124 palam
418 1075 499 1111 telo
513 1076 751 1113 custodibus
765 1077 954 1121 hostium,
966 1083 1239 1125 transgressus
1254 1075 1506 1112 munimenta
1523 1074 1543 1112 T

86 1147 141 1183 ad
167 1151 380 1196 praetorem
399 1146 664 1194 Saguntinum
682 1145 753 1196 >(et
784 1148 872 1196 ipse
903 1149 959 1184 ita
990 1145 1170 1196 iubebat>
1204 1152 1264 1182 est
1290 1147 1504 1183 deductus.

86 1217 180 1264 Quo
213 1228 336 1264 quum
361 1217 564 1264 extemplo
591 1228 811 1254 concursus
836 1218 968 1254 omnis
991 1218 1152 1266 generis
1170 1217 1382 1253 hominum
1400 1223 1507 1253 esset
1523 1217 1546 1254 ὃ

86 1288 228 1332 factus,
263 1292 465 1324 summota
482 1292 617 1323 cetera
634 1288 902 1332 multitudine,
930 1294 1093 1325 senatus
1111 1288 1261 1324 Alorco
1287 1288 1406 1323 datus
1432 1294 1504 1331 est,

85 1359 196 1396 cuius
228 1358 318 1395 talis
351 1357 482 1393 oratio
516 1356 599 1395 fuit.
652 1358 716 1394 «Si
740 1358 835 1395 civis
864 1365 995 1397 vester
1012 1359 1127 1402 Alco,
1156 1358 1258 1395 sicut
1284 1358 1338 1393 ad
1363 1369 1507 1406 pacem

85 1430 306 1479 petendam
325 1428 380 1464 ad
396 1427 670 1464 Hannibalem
685 1429 806 1473 venit,
825 1430 881 1466 ita
897 1430 1009 1478 pacis
1038 1428 1305 1465 condiciones
1324 1429 1375 1464 ab
1394 1427 1506 1464 Han-

86 1500 221 1537 nibale
245 1500 300 1536 ad
325 1510 398 1535 vos
414 1498 643 1543 rettulisset,
664 1510 1009 1547 supervacaneum
1028 1500 1106 1536 hoc
1130 1499 1226 1534 mihi
1252 1498 1392 1535 fuisset
1419 1498 1504 1540 iter,

86 1583 166 1619 quo
198 1581 276 1606 nec
309 1574 445 1606 orator
467 1568 710 1606 Hannibalis
742 1582 820 1606 nec
853 1570 1061 1619 transfuga
1094 1570 1148 1605 ad
1180 1580 1252 1605 vos
1286 1569 1397 1613 veni;
1432 1567 1547 1606 sed?

83 1653 205 1690 quum
237 1641 302 1676 ille
335 1644 404 1676 aut
433 1644 566 1676 vestra
598 1645 667 1676 aut
700 1652 772 1676 sua
805 1641 922 1689 culpa
960 1640 1154 1676 manserit
1196 1640 1307 1688 apud
1347 1640 1507 1676 hostem

84 1710 185 1762 (sua,
219 1711 251 1747 si
282 1716 434 1747 metum
466 1710 677 1755 simulavit,
712 1716 855 1754 vestra,
891 1711 923 1747 si
955 1711 1175 1759 periculum
1209 1716 1269 1746 est
1297 1711 1408 1758 apud
1435 1722 1506 1746 vos

83 1793 177 1818 vera
200 1778 495 1831 referentibus),
530 1793 622 1829 ego,
657 1794 709 1817 ne
728 1781 982 1830 ignoraretis,
1009 1793 1099 1818 esse
1122 1781 1277 1829 aliquas
1302 1786 1343 1816 et
1369 1780 1506 1816 salutis

83 1857 123 1888 et
154 1851 266 1900 pacis
299 1851 413 1888 vobis
446 1851 729 1895 condiciones,
764 1863 837 1900 pro
864 1857 1021 1888 vetusto
1046 1850 1238 1899 hospitio,
1273 1851 1386 1898 quod
1411 1850 1507 1886 mihi

83 1922 291 1959 vobiscum
323 1927 396 1966 est,
431 1923 486 1958 ad
519 1934 591 1959 vos
625 1923 728 1959 veni.
798 1922 946 1959 Vestra
985 1927 1120 1958 autem
1161 1932 1284 1958 causa
1324 1933 1389 1957 me
1431 1919 1548 1958 nec3

58 1993 196 2030 -ullius
228 1992 388 2029 alterius
421 1992 544 2040 loqui,
578 2005 667 2040 quae
700 1993 845 2040 loquor
877 1994 988 2041 apud
1020 2005 1105 2037 vos,
1139 1992 1200 2028 vel
1234 2003 1283 2027 ea
1310 1990 1412 2027 fides
1438 1990 1499 2034 sit,

83 2064 196 2111 quod
212 2074 359 2111 neque,
384 2064 481 2099 dum
503 2064 645 2100 vestris
663 2063 809 2099 viribus
834 2063 1045 2108 restitistis,
1064 2075 1211 2112 neque,
1240 2062 1337 2098 dum
1356 2061 1501 2097 auxilia

84 2134 134 2170 ab
152 2134 348 2170 Romanis
367 2134 571 2182 sperastis,
590 2133 703 2183 pacis
721 2146 899 2182 unquam
919 2133 1029 2182 apud
1047 2144 1118 2169 vos
1136 2132 1389 2168 mentionem
1408 2131 1501 2167 feci.

83 2203 303 2252 Postquam
335 2216 412 2241 nec
445 2204 495 2240 ab
529 2204 725 2240 Romanis
758 2204 872 2240 vobis
905 2204 984 2240 ulla
1023 2210 1084 2240 est
1123 2215 1215 2251 spes
1254 2214 1331 2239 nec
1372 2202 1549 2239 vestra4

86 2285 157 2311 vos
188 2274 270 2310 iam
303 2280 371 2310 aut
402 2286 514 2310 arma
538 2280 607 2310 aut
629 2274 780 2310 moenia
806 2275 901 2311 satis
927 2273 1168 2317 defendunt,
1202 2285 1347 2321 pacem
1376 2272 1502 2308 affero

94 2345 148 2381 ad
179 2357 251 2382 vos
283 2345 412 2393 magis
444 2345 717 2381 necessariam
750 2356 872 2392 quam
907 2356 1076 2393 aequam.
1127 2343 1248 2381 Cuius
1281 2343 1337 2379 ita
1375 2342 1508 2390 aliqua
1523 2342 1548 2380 ἶ)

89 2427 181 2464 spes
213 2421 286 2460 est,
322 2415 353 2453 si
379 2428 482 2460 eam,
517 2416 866 2464 quemadmodum
891 2420 933 2451 ut
960 2414 1085 2451 victor
1109 2414 1184 2451 fert
1201 2413 1421 2457 Hannibal,
1453 2413 1509 2449 sic

92 2497 163 2522 vos
196 2491 239 2522 ut
269 2486 361 2523 victi
393 2486 581 2530 audietis,
616 2492 656 2522 et
687 2497 772 2521 non
804 2486 859 2530 id,
896 2486 1009 2533 quod
1031 2485 1232 2529 amittitur,
1267 2485 1307 2520 in
1339 2485 1506 2526 damno,

91 2567 213 2603 quum
238 2556 376 2593 omnia
402 2555 563 2593 victoris
588 2556 679 2600 sint,
715 2557 801 2600 sed,
838 2556 1030 2604 quicquid
1053 2555 1299 2603 relinquitur,
1325 2565 1398 2602 pro
1424 2565 1508 2589 mu-

91 2637 187 2662 nere
219 2626 391 2663 habituri
423 2627 531 2663 estis.
611 2625 763 2662 Urbem
795 2625 931 2669 vobis,
965 2637 1086 2674 quam
1127 2638 1174 2661 ex
1214 2637 1363 2672 magna
1396 2629 1509 2672 parte
1524 2623 1548 2660 εἰ

1604 1353 1648 1397 13
