1789 2955
273 79 349 114 172
649 74 766 108 Liber
790 72 980 108 XXVIII.
1031 74 1091 119 (A.
1117 87 1152 109 u.
1179 87 1208 110 c.
1234 77 1329 121 549.)

269 202 331 247 sit,
365 201 591 250 relinquere
622 200 783 238 Italiam
815 213 943 250 paraS,
981 215 1059 238 non
1092 202 1188 250 quia
1227 202 1286 239 rei
1318 202 1490 252 publicae
1523 204 1564 241 id
1594 205 1704 252 utile,

198 275 246 310 21
270 274 337 311 sod
371 274 465 323 quia
496 273 573 310 tibi
604 273 778 322 amplum
811 275 850 309 et
881 273 1098 321 gloriosum
1131 286 1266 311 censes
1305 288 1406 321 esse,
1439 275 1541 313 sicut
1574 290 1707 326 quum,

268 346 476 396 provincia
508 349 547 381 et
577 344 755 381 exercitu
787 344 939 392 relicto,
971 345 1055 382 sine
1081 345 1180 394 lege,
1212 345 1296 382 sine
1328 350 1488 384 senatus
1520 349 1702 388 consulto

268 417 422 455 duabus
453 416 622 454 navibus
653 416 795 466 populi
826 416 1000 454 Romani
1035 417 1250 466 imperator
1280 418 1479 455 fortunam
1499 420 1702 469 publicam

267 493 306 526 et
324 489 572 526 maiestatem
588 488 759 537 imperii,
791 501 878 537 quae
910 491 995 525 tum
1028 489 1068 525 111
1100 492 1169 525 tuo
1196 489 1329 539 capite
1360 491 1705 540 periclitabantur,

193 562 244 597 22
266 561 511 599 commisisti.
570 560 657 608 Ego
675 560 721 598 P.
742 559 973 597 Cornelium
1008 560 1065 597 rei
1095 561 1268 610 publicae
1292 562 1498 612 nobisque,
1529 577 1608 601 non
1626 564 1704 609 sibi

268 634 347 683 ipsi
380 633 567 682 privatim
600 635 775 669 creatum
808 632 1006 670 consulem
1037 633 1230 679 existimo,
1264 633 1542 684 exercitusque
1559 635 1608 672 ad
1640 649 1705 674 cu-

267 705 436 743 stodiam
467 704 580 741 urbis
622 708 742 753 atque
779 704 914 741 Italiae
961 704 1132 753 scriptos
1177 718 1278 751 esse,
1324 718 1403 742 non
1450 719 1548 755 quos
1593 707 1705 756 regio

266 790 374 813 more
406 789 476 826 per
501 775 729 825 superbiam
756 777 951 823 consules,
982 789 1058 826 quo
1075 780 1274 813 terrarum
1291 777 1429 823 velint,
1459 778 1702 817 traiiciant.“

118 843 177 892 43
380 847 511 895 Quum
530 848 710 885 oratione
736 848 786 885 ad
811 851 969 898 tempus
1001 852 1141 898 parata
1157 848 1320 893 Fabius,
1351 853 1433 886 tum
1467 851 1706 889 auctoritate

266 924 305 957 ct
336 921 562 957 inveterata
591 919 817 970 prudentiae
848 920 953 957 fama
980 932 1103 967 quum
1135 934 1318 970 magnam
1349 925 1503 971 partem
1535 927 1706 970 senatus,

265 996 304 1029 et
335 992 509 1029 seniores
541 992 723 1039 maxime,
755 992 953 1038 movisset,
979 992 1194 1042 pluresque
1228 993 1437 1030 consilium
1466 995 1570 1032 senis
1587 1008 1705 1043 quam

222 1065 441 1102 aanimum
490 1064 754 1101 adolescentis
786 1064 957 1100 ferocem
1004 1063 1234 1112 laudarent,
1277 1063 1412 1114 Scipio
1458 1065 1516 1103 ita
1546 1066 1704 1104 locutus

267 1136 414 1173 fertur:
449 1136 528 1186 „Et
559 1136 643 1185 ipse
675 1135 724 1182 Q.
758 1135 910 1172 Fabius
941 1136 1141 1185 principio
1188 1137 1400 1183 orationis,
1447 1140 1582 1186 patres
1614 1151 1703 1176 con-

267 1208 418 1258 scripti,
450 1208 788 1257 commemoravit,
820 1207 860 1244 in
893 1208 1092 1245 sententia
1123 1221 1194 1245 sua
1225 1222 1339 1258 posse
1372 1209 1703 1248 obtrectationem

223 1281 487 1329 3suspectam
521 1294 623 1325 esse3
672 1280 783 1316 cuius
816 1293 887 1327 ego
934 1279 994 1315 rei
1041 1293 1118 1317 non
1160 1284 1240 1317 tam
1272 1281 1357 1330 ipse
1390 1282 1517 1318 ausim
1548 1286 1704 1320 tantum

265 1353 395 1390 virum
428 1352 670 1398 insimulare,
702 1365 820 1401 quam
859 1364 905 1388 ea
937 1352 1131 1400 suspicio.
1178 1352 1279 1390 vitio
1327 1354 1520 1391 orationis
1552 1369 1601 1392 an
1633 1355 1704 1402 rei,

222 1424 370 1461 4haud
419 1438 512 1461 sane
559 1427 730 1473 purgata
769 1426 839 1461 est.
904 1421 971 1460 Sic
1019 1424 1121 1460 enim
1163 1425 1334 1463 honores
1367 1439 1457 1462 suos
1489 1429 1527 1463 et
1560 1427 1704 1464 famam

266 1510 398 1533 rerum
440 1500 640 1545 gestarum
689 1495 835 1532 extulit
879 1495 1016 1532 verbis
1062 1496 1112 1533 ad
1159 1497 1493 1545 exstinguendum
1540 1498 1703 1537 invidiae

266 1569 427 1615 crimen,
458 1572 650 1617 tanquam
682 1567 781 1604 mihi
814 1566 863 1604 ab
912 1566 1046 1605 infimo
1093 1581 1253 1618 quoque
1284 1570 1505 1618 periculum
1538 1570 1609 1617 sit,
1654 1584 1704 1608 ne

263 1653 415 1677 mecum
465 1640 686 1687 aemuletur,
733 1643 772 1676 et
818 1653 896 1677 non
929 1639 978 1677 ab
1028 1653 1085 1687 eo,
1133 1641 1213 1689 qui,
1260 1641 1356 1691 quia
1402 1655 1521 1692 super
1553 1645 1704 1681 ceteros

265 1711 446 1758 excellat,
478 1725 556 1760 quo
590 1725 650 1748 me
682 1724 841 1761 quoque
873 1712 949 1749 niti
980 1725 1059 1749 non
1093 1712 1314 1762 dissimulo,
1351 1727 1412 1751 me
1445 1714 1520 1751 sibi
1554 1716 1704 1765 aequari

221 1784 242 1819 5
262 1784 373 1820 nolit.
436 1782 504 1820 Sic
537 1797 670 1821 senem
702 1797 741 1821 se
772 1785 1103 1834 perfunctumque
1135 1788 1174 1821 et
1212 1798 1272 1821 me
1305 1785 1411 1823 infra
1443 1790 1599 1824 aetatem
1630 1787 1704 1824 filii

265 1856 382 1892 etiam
415 1856 474 1892 sui
505 1855 653 1905 posuit,
686 1859 876 1905 tanquam
906 1869 984 1893 non
1019 1857 1190 1905 longius,
1229 1870 1346 1906 quam
1386 1862 1577 1907 quantum
1608 1859 1702 1896 vit-ae

263 1928 443 1964 humanae
476 1928 647 1977 spatium
673 1931 742 1974 est,
774 1928 976 1977 cupiditas
1000 1928 1139 1977 gloriae
1165 1929 1415 1976 extendatur,
1449 1930 1703 1980 maximaque

220 2002 242 2037 6
261 2013 354 2049 pars
386 2001 469 2037 eius
502 2001 541 2037 in
574 2001 801 2038 memoriam
841 2013 885 2038 ac
916 2001 1195 2050 posteritatem
1226 2002 1462 2051 promineat.
1522 2001 1701 2038 Maximo

263 2072 406 2121 cuique
436 2072 477 2109 id
510 2072 690 2110 accidere
722 2073 854 2110 animo
887 2076 1037 2109 certum
1069 2072 1210 2119 habeo,
1240 2076 1286 2110 ut
1309 2087 1350 2111 se
1377 2087 1455 2111 non
1482 2087 1570 2111 cum
1601 2087 1701 2123 prae-

262 2144 441 2182 sentibus
473 2144 601 2191 modo,
647 2145 714 2182 sed
762 2158 850 2182 cum
896 2145 1025 2182 omnis
1067 2145 1141 2181 aevi
1181 2146 1302 2182 claris
1332 2146 1431 2182 viris
1463 2151 1704 2195 comparent.

220 2217 240 2252 7
261 2216 460 2265 ‚Equidem
491 2216 599 2253 haud
632 2216 851 2263 dissimulo,
882 2230 942 2253 me
973 2220 1074 2263 tuas,
1107 2217 1153 2264 Q.
1183 2217 1300 2263 Fabi,
1332 2217 1471 2255 laudes
1497 2231 1574 2254 non
1599 2230 1701 2255 asse-

263 2288 331 2337 qui
365 2288 493 2326 solum
524 2289 649 2334 velle,
688 2288 755 2325 sed
788 2286 911 2339 (bona
942 2289 1059 2326 venia
1103 2292 1173 2326 tua
1204 2288 1413 2337 dixerim),
1462 2289 1495 2326 si
1541 2289 1701 2340 possim,

220 2361 244 2397 8
263 2360 382 2397 etiam
416 2374 667 2410 exsuperare.
713 2359 824 2396 Illud
855 2373 932 2396 neu
963 2360 1038 2397 tibi
1072 2361 1111 2397 111
1142 2374 1203 2397 me
1236 2374 1313 2397 neu
1344 2361 1442 2398 mihi
1474 2361 1512 2398 in
1538 2361 1701 2399 minori-

264 2432 337 2469 bus
370 2435 465 2468 natu
511 2433 634 2469 animi
682 2431 745 2476 sit,
791 2436 836 2468 ut
866 2431 1038 2469 nolimus
1084 2446 1318 2482 quemquam
1361 2433 1489 2470 nostri
1533 2433 1699 2470 similem

263 2503 429 2540 evadere
461 2503 608 2550 civem,
641 2503 682 2540 id
700 2503 804 2540 enim
822 2516 898 2540 non
928 2516 1062 2540 eorum
1081 2504 1209 2549 modo,
1243 2504 1389 2553 quibus
1421 2503 1696 2553 inviderimus‚

261 2574 330 2611 sed
362 2576 419 2612 rei
450 2575 625 2624 publicae
658 2579 698 2612 et
727 2588 840 2625 paene
872 2575 1000 2612 omnis
1031 2576 1189 2623 generis
1220 2576 1384 2614 humani
1416 2576 1700 2613 detrimentum
