1768 2943
754 97 800 127 XI

71 213 261 244 necessario
293 213 442 256 cogeret)
482 213 522 246 11
557 214 715 244 habebat.
750 213 842 244 ferox
961 213 1161 244 immodicus
1193 215 1301 255 primo
1334 216 1481 258 (Interp.

70 270 170 314 mut.)
198 271 240 305 12
261 270 502 314 (compellabat
519 272 775 313 premendoque
793 272 998 314 superiorem
1022 273 1131 303 Gron.
1164 273 1196 303 P
1210 275 1483 314 praemendorum

70 330 294 372 superiorum,
333 332 446 362 Drak.
485 331 814 373 premendorumque
852 331 1060 372 superiorum
1099 335 1188 369 arte,
1232 342 1306 373 quae
1344 344 1375 374 p.
1415 332 1483 371 ars)

70 389 164 427 XIII,
205 388 222 422 1
254 389 461 432 (Romanum
499 391 579 421 add.
613 391 729 426 Pauly
762 391 783 420 l.
818 388 857 431 l.)
898 387 900 433 Ι
942 389 1218 432 (indignitatibus
1257 401 1295 422 ac
1329 391 1482 422 cladibus

75 447 190 479 Weiss.
224 447 328 480 Codd.
361 459 425 479 om.
452 459 501 480 ac.
529 449 642 480 Drak.
676 447 912 490 cladibusque)
943 448 964 481 4
999 448 1154 487 monitos,
1190 455 1225 479 ut
1251 449 1352 480 etiam
1379 455 1481 491 atque

68 507 168 538 etiam
200 507 366 548 promissa
395 506 523 549 (Gron.
551 508 717 548 Repetitae
747 507 894 538 actionis
919 508 1132 550 significatio
1159 511 1244 548 apta
1271 512 1323 539 est
1347 510 1397 539 ad
1421 510 1481 539 ad·
1507 535 1515 542 .

69 565 298 604 monitionem,
325 567 645 604 considerationem,
672 566 813 603 similia,
841 577 909 596 non
936 568 985 597 ad
1004 567 1261 607 promissorum
1288 568 1392 598 rebus
1410 578 1482 598 con-

59 624 312 666 firmationem.
356 625 478 666 Neque
516 625 616 656 etiam
654 631 755 666 atque
788 625 889 655 etiam
922 635 1076 667 unquam
1109 630 1161 656 est
1191 626 1224 656 in
1260 625 1332 656 dies
1365 626 1481 666 magis.

71 682 134 714 Cic.
161 684 210 713 ad
225 683 323 714 Fam.
361 684 418 721 Vl,
445 687 491 718 22
516 684 735 724 apertissime
760 694 835 714 cum
854 684 1024 715 Lambino
1043 686 1263 715 scribendum
1282 688 1349 718 est:
1377 684 1483 714 nihilo

68 741 206 772 meliora
236 747 312 773 sunt
344 753 430 773 nunc
463 749 564 784 atque
596 743 697 775 etiam
733 744 838 774 multo
870 743 1118 783 desperatiora;
1155 744 1222 774 zbd.
1250 743 1353 780 XVI,
1388 746 1409 776 7
1434 744 1485 773 sic

67 795 401 841 interpungendum:
430 802 531 839 Cura,
558 807 593 833 ut
619 802 741 839 valeas,
769 801 870 832 etiam
896 806 997 842 atque
1022 800 1149 843 etiam.)
1175 801 1197 835 5
1221 801 1272 843 (P
1293 802 1354 832 sed
1387 802 1483 832 Puni-

67 869 141 890 cum
179 859 366 891 abhorrens
398 861 441 891 ab
476 861 672 892 Latinorum
706 860 878 891 nominum
911 870 972 900 pro
1005 861 1141 892 Casino.
1208 861 1481 900 Suppleverunt,

34 961 37 965 y
63 922 242 959 praeeunte
267 929 310 949 ex
329 923 437 959 parte
467 920 586 957 Gron.,
614 919 750 959 Haupt.
778 922 812 949 et
839 918 973 960 Weiss.)
999 919 1019 952 6
1044 918 1266 961 (Callifanum
1289 919 1482 950 Allifanum-

68 987 132 1018 que
157 977 230 1018 Mg.
260 977 337 1008 Em.
364 980 434 1012 292
459 989 477 1009 e
502 979 544 1010 P:
573 979 731 1009 alifanum
759 977 1015 1019 allifanumque;
1043 979 1157 1009 Drak.
1185 978 1368 1009 Allifanum
1389 978 1482 1009 Cala-

68 1034 255 1078 tinumque)
293 1036 385 1075 XIV,
426 1036 443 1069 1
477 1036 535 1080 (Ut
569 1048 661 1075 vero,
701 1041 882 1077 postquam
916 1037 1030 1068 Alsch.
1065 1048 1082 1067 e
1107 1038 1151 1067 P:
1191 1042 1226 1068 ut
1258 1047 1338 1067 vero
1370 1047 1480 1078 quam.

67 1096 179 1126 Drak.
213 1095 255 1127 Ut
288 1105 369 1126 vero
400 1095 443 1126 ad
469 1095 559 1126 Vult.
678 1094 959 1137 exurebaturque)
992 1095 1013 1128 4
1045 1095 1145 1137 (Lov.
1178 1099 1210 1134 4,
1246 1096 1292 1126 M
1311 1107 1354 1130 m,
1382 1099 1413 1130 2.
1455 1097 1487 1126 P

66 1159 253 1195 spectatum
280 1160 330 1185 est
357 1155 431 1185 hoc.
472 1155 516 1185 In
542 1160 592 1186 est
609 1156 703 1198 sort.
732 1154 860 1185 scilicet
887 1154 997 1197 latet.)
1026 1152 1029 1197 Ι
1058 1153 1109 1196 (ut
1136 1156 1215 1186 add.
1244 1157 1364 1192 Gron.‚
1393 1154 1481 1197 mg.)

67 1214 87 1246 6
112 1218 234 1254 praeter
260 1223 360 1254 quam
387 1223 500 1254 nuper
526 1224 619 1244 oram
647 1214 694 1244 illi
720 1213 863 1244 Punicas
888 1212 971 1254 (Ed.
1000 1214 1102 1244 Frob.
1133 1217 1222 1247 1531
1250 1218 1284 1244 et
1299 1214 1413 1245 Drak.
1454 1215 1485 1245 P

66 1277 288 1314 praeterquam
321 1282 383 1313 per
414 1282 507 1303 oram
539 1272 586 1303 illi
613 1282 706 1304 suam
734 1272 887 1303 Punicas.
930 1272 1001 1303 Sed
1024 1283 1085 1314 per
1110 1277 1144 1303 et
1168 1283 1262 1304 suam
1289 1277 1374 1304 nata
1400 1278 1484 1304 sunt

67 1332 158 1362 male
190 1333 226 1362 in
257 1342 365 1362 unam
399 1342 512 1362 vocem
544 1333 730 1363 contractis
761 1333 899 1362 duabus
924 1336 1049 1372 praeter
1075 1331 1202 1374 quam.)
1241 1331 1262 1365 8
1288 1342 1352 1362 nos
1380 1343 1480 1373 quam

66 1387 162 1433 (Lov.
197 1389 232 1433 4)
272 1390 315 1423 14
347 1388 454 1434 (arma
488 1390 602 1431 capias
637 1396 771 1431 oportet
802 1390 876 1431 Mg.
904 1390 983 1421 Em.
1010 1394 1089 1424 292.
1142 1392 1175 1421 P
1201 1391 1321 1422 armari
1356 1391 1479 1432 capias.

67 1449 179 1479 Drak.
212 1449 332 1480 armari
365 1450 480 1491 copias
513 1460 567 1491 op.
595 1449 796 1481 Descendas
822 1454 892 1489 pro
924 1449 1140 1481 deducendas
1167 1451 1241 1491 Alg.
1270 1453 1303 1480 et
1327 1448 1480 1485 Heerw.)

69 1507 111 1541 15
138 1508 256 1540 ducem
283 1519 300 1539 e
325 1509 408 1540 coni.
435 1510 543 1540 Gron.
570 1508 767 1551 (probabili
783 1519 885 1546 sane;
912 1510 974 1539 sed
992 1513 1118 1547 tamen,
1145 1511 1178 1540 sz'
1198 1520 1272 1539 eam
1293 1509 1479 1551 sequimur,

66 1568 168 1598 etiam
195 1569 246 1606 ll,
273 1570 328 1606 41,
355 1570 377 1601 6
401 1568 619 1598 scribendum
646 1567 715 1598 erit
739 1567 857 1599 ducem
879 1572 948 1608 pro
975 1567 1089 1609 duce.)
1114 1569 1187 1606 XV,
1215 1568 1236 1600 2
1254 1566 1398 1610 (summa
1416 1578 1480 1608 ope

65 1626 160 1667 petiti
186 1627 300 1657 Alsch.
329 1626 361 1657 P
382 1636 511 1657 summa
536 1627 688 1667 oppetiti.
716 1627 829 1657 Drak.
857 1637 1071 1668 summopere
1097 1627 1180 1670 pet.)
1207 1626 1228 1660 5
1242 1627 1427 1667 prospexit
1443 1638 1482 1657 ac

67 1696 125 1726 per
157 1685 372 1716 occasionem
405 1685 504 1728 (vidit
536 1686 792 1725 suppleverunt
821 1686 916 1716 codd.
944 1697 1037 1724 rece„
1070 1692 1102 1718 et
1135 1688 1215 1717 add.
1243 1686 1317 1727 Mg.
1360 1687 1392 1719 P
1421 1695 1481 1726 per

65 1742 291 1787 occasionem)
331 1745 349 1778 7
381 1744 470 1788 (ipsa
501 1755 576 1776 eum
617 1744 734 1776 {Veisa
771 1745 873 1775 Codd.
907 1749 941 1775 et
974 1745 1083 1776 Drak.
1118 1744 1243 1787 ipsum)
1277 1744 1320 1778 10
1352 1743 1481 1786 (rursus

66 1804 202 1834 notavit
231 1805 260 1834 I.
290 1804 335 1834 H.
378 1803 484 1843 Voss.)
526 1804 566 1836 11
602 1802 659 1846 (ab
686 1803 846 1835 Sinuessa
878 1805 985 1834 Gron.
1026 1804 1059 1834 P
1087 1803 1325 1835 adminuissea.
1365 1804 1478 1834 Drak.

65 1861 244 1905 inmunit‘o)
281 1863 373 1901 XVI,
417 1863 438 1896 4
471 1862 589 1905 (silvas
627 1862 744 1894 Weiss.
777 1873 838 1904 per
869 1863 1022 1893 horridas
1054 1863 1129 1904 Mg.
1163 1863 1241 1893 Em.
1274 1866 1343 1897 293
1377 1874 1409 1893 n.
1454 1863 1485 1893 P

65 1921 393 1962 perhorridassituas.
434 1922 547 1954 Drak.
575 1928 761 1963 stagnaque
787 1922 987 1963 perhorrida
1013 1922 1093 1964 situ)
1118 1922 1140 1956 8
1158 1921 1271 1966 (nocte
1296 1921 1413 1952 I‘Vez'ss.
1455 1922 1486 1951 P

65 1980 179 2011 datum
212 1989 247 2012 ut
278 1982 395 2023 primis
427 1982 576 2013 tenebris
609 1986 744 2012 noctem
778 1981 812 2012 id
843 1991 923 2012 arm.
968 1982 1081 2012 Drak.
1116 1987 1149 2012 ut
1182 1981 1299 2022 primis
1332 1980 1481 2012 tenebris

65 2040 184 2071 noctis.
242 2041 323 2071 Duo
348 2043 456 2072 verba
481 2052 524 2072 ex
549 2040 721 2084 inferiore
747 2041 816 2071 loco
844 2044 997 2071 retracta
1023 2045 1114 2072 sunt.
1172 2041 1305 2071 Primis
1331 2040 1482 2071 tenebris

66 2101 133 2130 iter
164 2103 318 2140 coeptum
350 2104 409 2138 est,
443 2104 534 2140 post,
573 2100 633 2131 ubi
665 2101 714 2130 ad
744 2101 882 2130 radices
913 2101 1084 2130 montium
1116 2103 1267 2137 ventum,
1301 2103 1481 2130 sarmenta

64 2158 233 2202 accensa.)
260 2159 368 2198 XVII,
395 2159 416 2192 2
442 2169 461 2190 a
487 2160 597 2200 capite
623 2158 672 2201 (P
694 2158 1017 2201 excampieacapite)
1047 2159 1049 2202 Ι
1080 2158 1137 2201 (ad
1154 2159 1267 2189 vivum
1285 2159 1328 2189 ad
1347 2158 1481 2199 imaque

65 2228 190 2249 cornua
216 2218 356 2250 veniens
383 2218 506 2249 Luclzs.
534 2229 551 2248 e
576 2218 620 2249 P:
649 2228 812 2249 cornuum
838 2218 1014 2256 aveniens;
1043 2219 1109 2261 cfr.
1138 2218 1217 2249 Em.
1245 2220 1324 2251 294.
1365 2217 1477 2248 Drak.

65 2277 108 2308 ad
135 2277 247 2308 vivum
273 2277 316 2309 ad
341 2277 477 2318 imaque
502 2287 665 2308 cornuum
693 2276 891 2319 adveniens)
918 2277 940 2311 3
958 2276 1065 2320 (circa
1089 2278 1239 2320 W'oelsfl.
1254 2282 1323 2317 pro
1344 2277 1479 2307 circum.

66 2337 98 2367 P
119 2336 279 2379 eircuma)
321 2335 324 2379 Ι
366 2336 512 2377 virgulta
547 2336 664 2368 ardere
702 2335 757 2379 (A.
787 2336 908 2375 Periz.,
948 2337 1022 2377 Mg.
1058 2337 1134 2367 Em.
1169 2334 1252 2378 293)
1286 2335 1306 2368 6
1339 2334 1479 2374 (maiore

65 2396 206 2427 tumultu
233 2398 340 2428 Gron.
369 2396 403 2430 P
426 2396 553 2427 maiore
580 2396 694 2427 multo.
722 2395 835 2426 Drak.
864 2395 992 2426 maiore
1019 2394 1124 2437 metu)
1152 2395 1278 2431 XVIII,
1306 2394 1327 2426 2
1356 2398 1481 2436 (super-

63 2453 211 2485 venisset
241 2456 350 2486 Gron.
379 2454 493 2493 Codd„
528 2455 640 2485 Drak.
668 2452 892 2496 pervenisset)
927 2454 970 2486 10
995 2452 1048 2496 (ae
1082 2453 1266 2495 respirasse
1305 2454 1348 2484 ab
1374 2453 1481 2484 conti-

65 2512 138 2543 nuis
165 2513 318 2544 cladibus
345 2514 522 2545 Luchsius.
565 2515 598 2548 P
620 2514 662 2545 ab
689 2513 857 2544 continuis
885 2513 1037 2544 cladibus
1065 2524 1102 2544 ae
1131 2522 1335 2553 resperasse.
1379 2511 1480 2542 Codd.

65 2581 156 2609 recc.,
184 2573 299 2604 Drak.
326 2573 369 2604 ab
396 2573 565 2604 continuis
592 2573 747 2604 cladibus
787 2572 981 2615 respirasse)
1020 2572 1113 2610 XIX,
1147 2571 1167 2603 :2
1194 2571 1310 2602 decem
1339 2570 1480 2601 adiectis

65 2631 288 2672 quadraginta
314 2632 427 2663 econi.
455 2632 597 2663 Luchsz'i
614 2630 710 2674 (Non
719 2637 874 2672 prorsus
901 2633 1098 2662 necessaria
1118 2629 1292 2670 mutatio.)
1319 2630 1340 2662 3
1360 2629 1481 2672 (naves
