1789 2955
490 113 604 147 Liber
629 112 797 148 XXVII.
848 113 911 156 (A.
939 112 1003 147 Ch.
1028 114 1121 155 210.)
1469 115 1520 152 67

88 246 194 288 tum,
226 241 272 288 Q.
304 240 471 278 Fulvius
503 240 670 277 Flaccus
707 243 905 289 quartum.
966 239 1165 277 Praetores
1198 239 1289 275 inde
1322 238 1447 276 creati
1478 238 1524 277 L.
1547 239 1596 275 12

91 313 285 352 Veturius
317 312 450 359 Philo,
482 311 526 348 T.
554 311 765 358 Quinctius
794 310 1014 360 Crispinus,
1042 310 1084 348 C.
1105 311 1303 348 Hostilius
1328 310 1520 355 Tubulus,

89 385 132 423 C.
155 384 466 422 Aurunculeius.
527 382 834 431 Magistratibus
866 382 906 419 in
924 395 1069 419 annum
1102 382 1257 428 creatis,
1290 381 1335 428 Q
1355 381 1521 418 Fulvius

92 457 294 494 dictatura
324 469 363 493 se
394 454 606 492 abdicavit.

201 527 394 564 Extremo
422 527 572 564 aestatis
594 526 713 563 huius
741 526 877 562 classis
894 525 1048 562 Punica
1072 525 1234 561 navium
1252 523 1522 573 quadraginta
1542 525 1591 560 13

88 612 176 637 cum
221 599 408 648 praefec‘to
439 598 672 635 Hamilcare
719 597 760 634 in
807 595 1035 634 Sardiniam
1079 596 1245 633 traiecta
1291 594 1521 632 Olbiensem

88 670 236 720 primo,
269 669 384 717 dein,
429 673 639 719 postquam
686 668 742 705 ibi
781 668 826 705 P.
857 668 1033 705 Manlius
1067 668 1194 705 Vulso
1241 670 1389 717 praetor
1433 680 1522 704 cum
1544 668 1592 704 14

87 743 269 780 exercitu
299 742 498 791 apparuit,
531 741 772 778 circumacta
809 739 901 777 inde
940 740 989 777 ad
1028 741 1199 777 alterum
1238 739 1378 776 insulae
1417 739 1520 776 latus

89 813 361 851 Caralitanum
394 826 529 861 agrum
562 813 749 858 vastavit,
782 816 821 849 et
845 825 933 848 cum
964 811 1100 861 praeda
1133 811 1258 848 omnis
1290 810 1446 859 generis
1478 811 1519 846 in

87 884 271 922 Africam
303 884 437 922 rediit.

202 955 437 993 Sacerdotes
468 956 643 993 Romani
676 969 720 992 eo
753 968 855 992 anno
899 955 1047 992 mortui
1087 955 1237 1003 aliquot
1275 954 1520 1003 suffectique.
1543 954 1590 992 15

88 1028 131 1068 C.
167 1028 365 1066 Servilius
397 1028 577 1077 pontifex
609 1028 736 1064 factus
769 1027 809 1063 in
848 1027 975 1062 locum
1007 1026 1051 1063 T.
1084 1025 1245 1063 Otacilii
1279 1025 1428 1072 Crassi,
1459 1025 1520 1062 Ti.

88 1098 346 1150 Sempronius
378 1099 440 1137 Ti.
471 1099 580 1137 filius
605 1100 767 1146 Longus
799 1111 928 1146 augur
961 1098 1104 1147 [factus
1135 1098 1176 1134 in
1207 1098 1337 1134 locum
1362 1097 1407 1135 T.
1425 1096 1519 1134 Ota-

86 1172 173 1209 cilii
191 1171 351 1222 Crassi}
399 1171 616 1208 Decemvir
644 1171 738 1207 item
756 1170 878 1207 sacris
906 1169 1099 1206 faciendis
1126 1170 1165 1205 in
1183 1170 1312 1206 locum
1329 1168 1391 1207 Ti.
1413 1167 1519 1205 Sem·
1542 1170 1589 1206 16

85 1244 220 1293 pronii
238 1243 278 1281 C.
307 1243 383 1280 filii
399 1243 532 1292 Longi
555 1242 616 1279 Ti.
636 1241 895 1290 Sempronius
912 1241 976 1278 Ti.
1001 1241 1109 1278 filius
1133 1241 1296 1290 Longus
1323 1240 1518 1278 suffectus.

84 1316 141 1353 M.
172 1315 349 1353 Marcius
381 1328 450 1351 rex
482 1327 684 1351 sacrorum
716 1316 893 1350 mortuus
926 1317 984 1351 est
1016 1317 1054 1349 et
1084 1313 1138 1350 M.
1164 1313 1357 1350 AEmilius
1383 1313 1519 1362 Papus

86 1388 284 1424 maximus
317 1387 442 1433 curio3
481 1399 608 1435 neque
650 1386 691 1422 in
730 1398 864 1422 eorum
895 1385 1024 1421 locum
1057 1385 1282 1422 sacerdotes
1324 1397 1367 1421 eo
1414 1398 1517 1421 anno

83 1459 248 1496 suffecti.

199 1529 253 1567 Et
283 1542 464 1567 censores
495 1529 559 1566 hic
590 1542 715 1566 annus
745 1529 886 1566 habuit
917 1528 962 1565 L.
991 1528 1204 1566 Veturium
1236 1527 1450 1565 Philonem
1483 1531 1521 1565 et
1543 1528 1590 1565 17

85 1602 130 1639 P.
149 1602 353 1639 Licinium
380 1600 576 1646 Crassum,
602 1601 819 1638 maximum
842 1600 1082 1649 pontificem.
1146 1598 1312 1636 Crassus
1338 1600 1519 1637 Licinius

85 1687 156 1712 nec
189 1674 327 1711 consul
359 1686 429 1710 nec
459 1676 608 1722 praetor
639 1675 730 1710 ante
768 1672 909 1718 fuerat,
948 1685 1066 1721 quam
1098 1684 1237 1708 censor
1283 1674 1342 1708 est
1372 1672 1520 1718 factus;

85 1760 133 1783 ex
179 1745 372 1782 aedilitate
418 1744 585 1794 gradum
626 1744 675 1781 ad
722 1757 925 1781 censuram
958 1743 1063 1781 fecit.
1125 1741 1204 1779 Sed
1250 1743 1292 1779 hi
1338 1756 1518 1781 censores
1539 1743 1588 1780 18

83 1830 213 1867 neque
245 1819 423 1854 senatum
453 1817 637 1865 legerunt
660 1829 787 1865 neque
813 1815 1028 1864 quicquam
1056 1814 1227 1864 publioae
1257 1814 1316 1851 rei
1334 1818 1518 1864 egerunt3

85 1902 191 1927 mors
223 1889 385 1925 diremit
402 1889 448 1926 L.
467 1888 647 1933 Veturii3
679 1888 774 1924 inde
798 1890 837 1923 et
864 1886 1046 1923 Licinius
1064 1900 1228 1923 censura
1244 1899 1284 1922 se
1302 1887 1518 1926 abdicavit.

83 1961 244 1998 AEdiles
277 1961 432 1998 curules
463 1960 509 1998 L.
544 1959 740 1998 Veturius
772 1962 811 1995 et
840 1958 888 1995 P.
917 1958 1099 1995 Licinius
1132 1957 1265 1995 Varus
1295 1958 1410 1995 ludos
1432 1959 1511 1995 Ro·
1535 1960 1583 1996 19

84 2046 222 2070 manos
254 2032 358 2069 diem
389 2045 510 2069 unum
543 2032 835 2076 instaurarunt3
883 2030 1018 2067 aediles
1049 2030 1199 2079 plebeii
1233 2029 1278 2077 Q.
1313 2029 1449 2067 Catius
1482 2034 1520 2067 et

64 2098 130 2141 'L.
163 2103 330 2141 Porcius
362 2103 528 2141 Licinus
570 2117 618 2139 ex
658 2101 883 2139 multaticio
931 2105 1097 2150 argento
1143 2102 1257 2150 signa
1302 2114 1423 2139 aenea
1468 2102 1519 2139 ad

85 2174 242 2212 Cereris
273 2174 434 2222 dedere,
474 2177 513 2211 et
550 2174 666 2211 ludos
711 2187 783 2223 pro
815 2174 1004 2223 temporis
1049 2173 1134 2211 eius
1175 2173 1288 2222 copia
1319 2173 1519 2221 magnifici

83 2250 301 2296 apparatus
331 2246 521 2284 fecerunt.

197 2317 320 2355 Exitu
336 2318 430 2355 anni
446 2318 563 2355 huius
581 2317 623 2355 C.
641 2317 789 2354 Laelius
811 2317 966 2366 legatus
994 2315 1194 2365 Scipionis
1220 2316 1285 2352 die
1312 2319 1454 2364 quarto
1480 2319 1518 2353 et

83 2389 297 2438 tricesimo,
317 2402 433 2439 quam
459 2403 481 2427 a
505 2389 734 2427 Tarracone
764 2389 966 2438 profectus
984 2391 1080 2433 erat,
1106 2387 1274 2424 Romam
1297 2388 1424 2433 venit;
1466 2388 1517 2424 is-

84 2473 160 2510 que
179 2473 266 2497 cum
284 2461 442 2509 agmine
454 2461 698 2511 captivorum
718 2460 918 2508 ingressus
930 2460 1071 2497 urbem
1089 2471 1273 2507 magnum
1285 2471 1518 2495 concursum

84 2532 290 2569 hominum
320 2532 425 2569 fecit.
456 2532 623 2570 Postero
641 2532 707 2569 die
725 2532 767 2569 in
784 2535 961 2569 senatum
980 2530 1232 2568 introductus
1248 2533 1403 2579 captain
1417 2530 1511 2567 Car·
1530 2531 1553 2567 2

83 2602 298 2652 thaginem,
331 2607 452 2653 caput
473 2604 693 2653 Hispaniae,
708 2617 787 2640 uno
814 2603 889 2649 die,
918 2606 1177 2652 receptasque
1204 2601 1361 2651 aliquot
1386 2602 1517 2647 urbes,

85 2686 173 2724 quae
196 2675 443 2721 defecissent,
464 2687 665 2723 novasque
689 2675 728 2711 in
754 2675 985 2711 societatem
1003 2674 1176 2711 adscitas
1201 2673 1398 2722 exposuit.
1460 2673 1522 2710 Ex
1541 2674 1564 2710 3

1205 2753 1244 2785 5*
