1789 2955
234 59 313 97 150
608 55 723 90 Liber
747 54 937 89 XXVIII.
987 56 1048 98 (A.
1075 67 1109 89 u.
1136 67 1165 90 c.
1192 57 1285 99 548.)

231 183 419 220 destituti
449 182 569 220 duces
609 183 687 220 iam
719 195 789 220 sua
821 182 901 232 ipsi
932 182 1109 230 insignia
1154 184 1194 219 et
1222 196 1294 232 pro
1340 195 1443 220 vana
1488 183 1664 232 imagine

230 255 399 305 imperii,
430 254 536 304 quod
554 258 750 303 gererent,
781 268 916 292 veram
948 254 1173 303 iustamque
1207 254 1353 291 moxin
1385 268 1425 291 se
1455 267 1662 293 versuram

189 328 468 377 3potestatem
500 325 727 363 horrebant.
789 325 984 375 Stupente
1032 326 1088 362 ita
1129 325 1337 372 seditione,
1377 339 1497 375 quum
1528 326 1664 363 vivere

230 399 373 449 primo,
405 412 497 436 mox
529 397 647 434 etiam
678 398 766 434 vale
793 410 813 434 e
845 396 1076 447 Scipionem
1118 397 1217 433 certi
1257 400 1437 434 auctores
1468 397 1665 444 afferrent,

189 469 214 505 4
231 470 388 508 tribuni
404 469 578 506 militum
595 472 746 518 septem
757 469 807 506 ab
825 469 913 518 ipso
928 467 1118 518 Scipione
1130 469 1239 505 missi
1251 472 1578 518 supervenerunt.
1597 469 1665 506 Ad

232 555 400 592 quorum
431 541 606 590 primum
624 541 836 579 adventum
855 541 1081 590 exasperati
1099 541 1242 587 animi;
1268 554 1371 586 mox,
1391 541 1489 590 ipsis
1506 541 1665 590 placido

231 627 412 651 sermone
443 612 783 662 permulcentibus
814 615 946 658 notos,
996 626 1084 649 cum
1116 613 1261 662 quibus
1293 613 1495 662 congressi
1542 617 1668 659 erant,

187 682 345 723 5leniti
378 688 479 721 sunt.
542 683 843 721 Circumeuntes
875 685 978 721 enim
1023 685 1198 721 tentoria
1237 685 1383 734 primo,
1431 684 1577 721 deinde
1624 685 1666 722 in

231 756 443 807 principiis
460 756 740 805 praetorioque,
756 756 826 793 ubi
853 769 1053 793 sermones
1077 756 1182 793 inter
1205 770 1245 793 se
1263 756 1475 793 serentium
1495 756 1666 794 circulos

231 829 436 874 vidissent,
470 827 790 876 alloquebantur,
821 831 1102 877 percontantes
1134 828 1280 876 magiS,
1327 841 1414 877 quae
1446 841 1566 865 causa
1596 829 1667 866 irae

233 899 648 947 consternationisque
696 899 839 936 subitae
886 900 1004 945 foret,
1061 913 1179 949 quam
1230 900 1378 936 factum
1424 903 1669 937 accusantes.

190 970 212 1006 6
233 971 369 1020 Vulgo
401 970 642 1020 stipendium
675 984 754 1007 non
786 971 921 1007 datum
954 971 1005 1008 ad
1046 971 1152 1008 diem
1182 972 1424 1020 iactabatur,
1458 975 1515 1018 et,
1547 985 1668 1021 quum

234 1044 369 1081 eodem
401 1047 591 1092 tempore,
636 1056 713 1092 quo
753 1043 882 1080 scelus
913 1043 1267 1092 Iliturgitanorum
1300 1044 1534 1091 exstitisset,
1579 1048 1670 1094 post

235 1116 403 1153 duorum
450 1115 736 1164 imperatorum
790 1115 1038 1165 duorumque
1084 1116 1332 1152 exercituum
1382 1119 1554 1164 stragem
1599 1129 1670 1153 sua

233 1187 383 1224 virtute
416 1186 622 1223 defensum
653 1200 797 1224 nomen
814 1187 1040 1224 Romanum
1072 1201 1117 1224 ac
1142 1191 1299 1225 retenta
1317 1188 1525 1237 provincia
1557 1191 1670 1233 esset,

234 1258 519 1307 Iliturgitanos
550 1271 708 1307 poenam
739 1272 854 1296 noxae
886 1260 1071 1296 meritam
1103 1260 1262 1309 habere,
1303 1260 1386 1297 suis
1417 1263 1524 1297 recte
1555 1260 1671 1297 factis

191 1331 211 1365 7
233 1331 401 1379 gratiam
434 1330 504 1379 qui
537 1331 727 1377 exsolvat,
759 1344 837 1367 non
870 1344 965 1368 esse.
1010 1331 1129 1368 Talia
1156 1335 1369 1380 querentes
1401 1345 1514 1380 aequa
1546 1345 1672 1378 orare,

234 1415 355 1451 seque
373 1415 419 1438 ea
435 1401 632 1439 relaturos
658 1402 707 1439 ad
725 1403 1016 1451 imperatorem,
1043 1403 1360 1452 respondebant3
1392 1404 1536 1452 laetari,
1563 1403 1670 1453 quod

234 1474 338 1511 nihil
369 1473 527 1510 tristius
568 1486 639 1510 nec
687 1474 952 1511 insanabilius
985 1478 1104 1520 esset3
1145 1478 1184 1511 et
1215 1475 1259 1512 P.
1294 1473 1521 1524 Scipionem
1554 1475 1670 1512 deum

236 1545 487 1594 benignitate
518 1549 557 1581 et
587 1558 670 1581 rem
701 1545 905 1594 publicam
938 1559 1021 1582 esse
1053 1547 1194 1594 gratiae
1226 1547 1456 1584 referendae.

190 1618 215 1653 8
349 1616 592 1666 Scipionem,
609 1616 727 1654 bellis
745 1621 959 1664 assuetum,
977 1618 1028 1655 ad
1045 1618 1287 1655 seditionum
1306 1618 1500 1667 procellas
1516 1619 1670 1669 rudem,

237 1688 453 1726 sollicitum
485 1687 659 1725 habebat
689 1702 763 1735 res,
794 1703 842 1726 ne
889 1693 957 1727 aut
988 1691 1186 1727 exercitus
1232 1690 1432 1739 peccando
1478 1693 1546 1726 aut
1586 1690 1673 1740 ipse

195 1761 216 1797 9
236 1761 441 1810 puniendo
467 1759 626 1797 modum
652 1760 871 1798 excederet.
916 1761 966 1798 In
984 1761 1209 1811 praesentia,
1242 1765 1287 1798 ut
1303 1763 1497 1811 coepisset,
1528 1761 1673 1798 leniter

238 1833 303 1880 agi
333 1832 485 1881 placuit
517 1835 565 1878 et,
599 1832 728 1869 missis
761 1833 867 1870 circa
898 1833 1183 1883 stipendiarias
1208 1834 1388 1871 civitates
1409 1833 1670 1879 exactoribus,

168 1905 219 1941 10
237 1903 431 1952 stipendii
462 1917 570 1952 spem
588 1905 855 1954 propinquam
875 1905 1025 1950 facere;
1060 1908 1099 1942 et
1116 1906 1289 1943 edictum
1307 1905 1473 1943 subinde
1490 1905 1671 1954 proposi-

238 1978 334 2020 tum,
352 1979 396 2011 ut
412 1975 462 2011 ad
487 1975 732 2025 stipendium
758 1976 972 2025 petendum
997 1977 1258 2014 convenirent
1275 1977 1571 2026 Carthaginem,
1604 1990 1674 2013 seu

171 2047 217 2082 11
240 2047 407 2095 carptim
432 2058 512 2093 per
543 2051 675 2096 partes
708 2062 776 2085 seu
794 2048 971 2085 universi
989 2048 1164 2086 mallent.
1212 2048 1485 2098 Tranquillam
1509 2048 1670 2086 seditio-

240 2131 329 2155 nem
362 2118 439 2154 iam
471 2131 542 2167 per
573 2132 613 2156 se
644 2120 968 2168 languescentem
1005 2120 1215 2169 repentina
1247 2121 1360 2170 quies
1390 2120 1672 2158 rebellantium

241 2189 518 2238 Hispanorum
549 2190 664 2236 fecit;
696 2191 899 2228 redierant
930 2191 1036 2228 enim
1081 2192 1121 2228 in
1153 2192 1261 2237 fines,
1309 2192 1454 2229 omisso
1502 2192 1673 2241 inceptO,

241 2260 488 2298 Mandonius
521 2265 559 2297 et
590 2260 793 2308 Indibilis,
833 2267 1044 2312 postquam
1085 2263 1220 2301 vivere
1252 2262 1479 2312 Scipionem
1511 2264 1674 2300 allatum

173 2334 222 2369 12
241 2336 320 2377 est,
351 2345 424 2369 nec
457 2333 537 2369 iam
570 2336 656 2370 erat
686 2338 754 2370 aut
786 2334 885 2371 civis
918 2338 985 2371 aut
1016 2338 1215 2383 externus,
1264 2349 1352 2372 cum
1391 2349 1469 2385 quo
1500 2336 1674 2373 furorem

170 2404 219 2440 13
238 2417 352 2441 suum
369 2404 657 2442 consociarent.
677 2402 821 2441 Omnia
837 2406 1214 2455 circumspectantes
1228 2407 1394 2444 consilia
1410 2406 1512 2443 nihil
1528 2406 1674 2456 reliqui

242 2475 449 2513 habebant
478 2479 624 2525 praeter
656 2488 734 2512 non
771 2477 1016 2513 tutissimum
1048 2491 1070 2514 a
1101 2478 1216 2515 malis
1248 2478 1426 2515 consiliis
1457 2482 1673 2528 receptum,

243 2551 289 2584 ut
319 2547 573 2596 imperatoris
603 2547 667 2584 vel
698 2548 811 2585 iustae
844 2548 912 2584 irae
942 2549 1007 2585 vel
1045 2562 1123 2586 non
1162 2549 1419 2599 desperandae
1451 2550 1674 2587 clementiae

242 2632 328 2656 sese
354 2619 667 2656 committerent:
700 2619 819 2656 etiam
843 2619 1025 2657 hostibus
1058 2633 1145 2657 eum
1174 2621 1384 2668 ignovisse,
1415 2634 1501 2658 cum
1526 2621 1674 2670 quibus
