1789 2955
242 99 293 136 10
631 93 748 128 Liber
772 91 918 127 XXVI.
966 93 1025 136 (A.
1051 103 1084 126 u.
1112 104 1139 127 c.
1166 92 1260 137 543.)

237 221 463 271 proconsul,
491 220 570 266 cui,
596 220 750 268 collega
767 232 815 256 ex
839 219 1002 256 vulnere
1029 231 1148 268 aegro,
1175 219 1482 268 digrediundum
1499 220 1669 259 Romam

238 297 334 339 erat,
352 307 371 329 e
387 292 520 329 tribus
539 291 775 329 exercitibus
794 291 918 327 milite
947 291 1082 335 electo,
1107 290 1156 327 ad
1173 291 1397 340 quindecim
1416 291 1544 329 millia
1559 291 1669 341 pedi-

169 367 222 403 10
240 369 335 410 tum,
365 364 476 401 mille
493 363 646 412 equites
664 362 910 399 Vulturnum
929 362 1114 401 traducit.
1146 362 1247 400 Inde
1264 376 1384 412 quum
1400 363 1670 401 Hannibalem

240 436 387 473 Latina
416 436 481 472 via
511 435 659 472 iturum
689 435 784 471 satis
817 434 1082 483 comperisset,
1113 433 1199 483 ipse
1229 447 1300 483 per
1326 434 1474 483 Appiae
1505 435 1670 472 munici-

237 508 303 557 pia
335 520 501 557 quaeque
531 511 698 556 propter
731 519 816 544 eam
846 505 951 543 viam
984 509 1093 551 sunt,
1135 504 1304 551 Setiam,
1350 505 1512 552 Coram,
1552 506 1671 544 Lavi-

175 581 219 617 11
243 579 351 615 nium
382 578 589 628 praemisit,
619 583 664 615 ut
695 581 934 615 commeatus
965 581 1127 626 paratos
1158 580 1197 613 et
1223 577 1263 613 in
1286 577 1454 615 urbibus
1479 577 1674 615 haberent

239 654 277 688 et
309 665 357 687 ex
388 651 496 698 agris
529 650 654 687 deviis
687 651 726 686 in
758 650 862 686 viam
894 649 1142 698 proferrent,
1183 648 1450 699 praesidiaque
1483 650 1524 685 in
1554 649 1673 687 urbes

239 722 531 768 contraherent,
562 725 607 758 ut
637 734 707 757 sua
739 721 882 769 cuique
913 734 975 757 res
1006 720 1167 769 publica
1199 721 1240 757 in
1271 734 1390 758 manu
1421 724 1532 759 esset.

127 789 153 837 9
356 793 572 839 Hannibal,
605 806 682 842 quo
711 793 773 829 die
792 792 1039 828 Vulturnum
1065 795 1123 829 est
1138 795 1421 840 transgressus,
1452 791 1557 828 haud
1582 805 1671 841 pro-

199 866 222 901 2
242 865 304 901 cul
329 878 351 901 a.
377 865 538 901 flumine
555 869 685 901 castra
711 865 864 913 posuit3
892 869 1052 913 postero
1081 864 1146 901 die
1170 869 1315 913 praeter
1333 863 1448 901 Cales
1476 864 1514 900 in
1533 877 1672 912 agrum

242 935 463 973 Sidicinum
494 937 686 986 pervenit.
747 936 813 973 Ibi
845 936 947 972 diem
979 949 1102 972 unum
1134 935 1364 984 populando
1396 939 1571 972 moratus
1602 948 1674 984 per

239 1007 481 1045 Suessanum
526 1007 832 1057 Allifanumque
878 1011 916 1044 et
963 1006 1190 1044 Casinatem
1237 1020 1375 1055 agrum
1421 1007 1487 1044 via
1526 1007 1675 1044 Latina

239 1081 358 1118 ducit.
421 1080 504 1117 Sub
539 1080 683 1117 Casino
716 1080 881 1116 biduum
914 1079 1057 1116 stativa
1089 1078 1225 1115 habita
1257 1084 1296 1115 et
1327 1079 1474 1128 passim
1506 1078 1672 1127 popula-

200 1152 370 1189 3tiones
401 1153 527 1189 factae.
586 1152 687 1188 Inde
718 1155 862 1201 praeter
893 1151 1164 1186 Interamnam
1188 1150 1477 1199 Aquinumque
1510 1150 1551 1186 in
1579 1150 1673 1186 Fre-

237 1224 441 1273 gellanum
474 1237 613 1271 agrum
646 1223 696 1260 ad
737 1223 864 1259 Lirim
907 1222 1073 1259 fluvium
1112 1225 1285 1268 ventum,
1332 1222 1402 1259 ubi
1444 1221 1674 1258 intercisum

195 1296 398 1344 4pontem
444 1309 466 1332 a
507 1295 759 1342 Fregellanis
804 1293 986 1331 morandi
1032 1293 1188 1330 itineris
1234 1306 1352 1330 causa
1398 1293 1561 1330 invenit.
1621 1292 1676 1329 Et

236 1366 425 1403 Fulvium
466 1366 693 1403 Vulturnus
730 1370 914 1403 tenuerat
961 1366 1098 1411 amum,
1143 1365 1312 1402 navibus
1343 1365 1401 1414 ab
1443 1365 1676 1402 Hannibale

235 1438 422 1484 incensis,
468 1441 573 1475 rates
615 1438 665 1475 ad
703 1437 982 1474 traiiciendum
1030 1437 1248 1474 exercitum
1288 1437 1327 1473 in
1361 1450 1505 1485 magna
1537 1436 1676 1486 inopia

197 1509 220 1546 5
239 1510 416 1546 materiae
449 1523 552 1558 aegre
583 1512 888 1559 comparantem.
949 1509 1135 1546 Traiecto
1173 1509 1329 1546 ratibus
1362 1509 1551 1554 exercitu,
1581 1508 1675 1545 reli-

237 1594 356 1629 quum
389 1581 535 1618 Fulvio
568 1580 798 1630 expeditum
829 1582 918 1619 iter.
951 1570 1031 1617 non
1060 1593 1131 1630 per
1163 1580 1281 1617 urbes
1306 1580 1436 1626 modo,
1467 1579 1536 1617 sed
1569 1580 1676 1616 circa

235 1653 341 1689 viam
369 1653 561 1701 expositis
587 1652 758 1700 benigne
793 1652 1091 1697 commeatibus,
1123 1655 1226 1697 erat3
1267 1652 1498 1700 alacresque
1530 1652 1676 1688 milites

236 1724 339 1761 alius
371 1724 506 1772 alium,
538 1728 583 1760 ut
614 1724 780 1761 adderet
817 1723 996 1772 gradum,
1028 1737 1177 1761 memor
1223 1723 1274 1760 ad
1305 1723 1595 1760 defendendam
1626 1723 1677 1760 iri

192 1795 426 1844 Spatriam,
472 1794 750 1833 hortabantur.
812 1795 979 1832 Romam
1039 1795 1301 1843 Fregellanus
1348 1796 1522 1841 nuntius,
1571 1795 1676 1832 diem

237 1870 474 1916 noctemque
508 1867 653 1904 itinere
685 1867 927 1913 continuato,
961 1867 1161 1917 ingentem
1187 1867 1323 1904 attulit
1344 1871 1549 1906 terrorem.
1596 1866 1675 1903 Tu-

242 1939 493 1982 multuosius,
512 1951 629 1987 quam
657 1938 823 1975 allatum
849 1942 946 1984 erat,
965 1941 1246 1987 propayatum
1272 1939 1456 1976 discursu
1474 1938 1676 1975 hominum

205 2010 522 2058 7affingentium
552 2023 656 2047 vana
693 2010 845 2047 auditis
884 2015 1009 2047 totam
1055 2011 1194 2047 urbem
1227 2011 1412 2049 concitat.
1488 2010 1676 2047 Ploratus

243 2082 453 2118 mulierum
485 2094 564 2118 non
597 2094 644 2117 ex
684 2082 855 2130 privatis
887 2082 1014 2119 solum
1054 2082 1236 2119 domibus
1269 2081 1566 2127 exaudiebatur,
1608 2081 1678 2118 sed

241 2152 420 2201 undique
452 2157 642 2189 matronae
686 2153 723 2188 in
769 2153 972 2201 publicum
1013 2152 1144 2190 effusae
1191 2154 1299 2191 circa
1345 2153 1461 2191 deum
1509 2153 1677 2191 delubra

201 2225 226 2260 8
244 2224 483 2270 discurrunt,
501 2224 681 2261 crinibus
700 2225 825 2273 passis
843 2238 930 2261 aras
947 2228 1162 2271 verrentes,
1186 2225 1292 2262 nixae
1310 2225 1491 2274 genibus,
1514 2225 1678 2274 supinas

242 2309 381 2333 manus
414 2296 465 2333 ad
496 2296 635 2332 caelum
669 2308 713 2332 ac
757 2296 849 2332 deos
888 2297 1098 2333 tendentes
1146 2302 1404 2346 orantesque,
1449 2301 1494 2334 ut
1538 2296 1678 2334 urbem

242 2368 465 2405 Romanam
497 2381 517 2403 e
549 2367 734 2403 manibus
775 2367 950 2404 hostium
984 2368 1184 2417 eriperent
1214 2374 1440 2417 matresque
1476 2368 1678 2404 Romanas

205 2440 227 2475 9
247 2442 287 2476 et
318 2439 464 2477 liberos
497 2452 641 2488 parvos
668 2438 884 2475 inviolatos
917 2444 1131 2477 servarent.
1179 2439 1350 2477 Senatus
1376 2439 1678 2488 magistratibus

241 2511 282 2548 in
313 2512 398 2547 foro
430 2515 575 2559 praesto
608 2514 678 2556 est,
709 2510 743 2546 si
773 2511 870 2559 quid
903 2511 1108 2548 consulere
1153 2511 1290 2548 velint.
1350 2511 1439 2547 Alii
1477 2511 1679 2560 accipiunt

243 2582 412 2631 imperia
443 2582 735 2630 disceduntque
767 2581 817 2618 ad
849 2595 939 2618 suas
968 2582 1137 2631 quisque
1168 2582 1389 2619 officiorum
1421 2587 1576 2632 partes;
1608 2581 1678 2619 alii

244 2653 413 2690 offerunt
451 2667 504 2699 se,
551 2653 584 2689 si
624 2666 701 2702 quo
741 2666 834 2690 usus
866 2666 994 2702 operae
1027 2654 1089 2691 sit.
1164 2653 1360 2690 Praesidia
1407 2654 1449 2690 in
1487 2666 1588 2699 arce,
1636 2653 1677 2689 in
