1768 2943
517 95 623 125 Liber
654 95 764 125 XXII.
793 93 846 137 (A.
876 94 937 125 ch.
970 94 1065 137 217.)
1442 97 1493 136 71

79 227 159 262 iam
191 226 269 262 huc
300 223 566 274 progressus?
598 225 789 269 Tantum,
823 236 910 273 pro,
945 226 1242 274 degeneramus
1267 240 1290 263 a
1317 228 1497 276 patribus
1513 227 1537 265 (5

78 296 238 341 nostris,
272 301 327 340 ut,
360 301 504 345 praeter
535 307 657 344 quam
681 307 794 331 oram
817 295 871 331 illi
894 295 1067 332 Punicas
1092 298 1227 344 vagari
1251 298 1400 334 classes
1426 299 1496 334 de-

78 367 204 404 decus
236 378 326 403 esse
357 366 512 415 imperii
545 367 604 403 sui
637 365 836 410 duxerint,
870 378 960 402 eam
992 378 1100 402 nunc
1133 367 1296 414 plenam
1322 368 1497 404 hostium

77 436 424 485 Numidarumque
456 448 504 474 ac
536 436 770 472 Maurorum
811 435 892 472 iam
931 436 1080 472 factam
1117 436 1353 474 videamus?
1417 439 1494 484 Qui
1516 436 1537 476 7

77 508 205 544 modo
230 507 454 556 Saguntum
471 505 700 556 oppugnari
722 506 981 555 indignando
1006 519 1092 543 non
1117 507 1303 544 homines
1327 513 1495 552 tantum,

77 579 152 615 sed
170 577 326 614 foedera
343 582 382 613 et
400 578 503 614 deos
521 577 740 621 ciebamus,
760 578 1028 613 scandentem
1045 577 1197 614 moenia
1214 579 1411 615 Romanae
1429 591 1497 615 co-

77 649 197 686 loniae
229 648 503 685 Hannibalem
535 647 631 684 lenti
664 653 907 697 spectamus.
956 648 1105 685 Fumus
1134 661 1182 685 ex
1205 648 1406 685 incendiis
1430 647 1536 687 vil-S

76 720 203 756 larum
235 731 505 768 agrorumque
530 718 572 754 in
598 718 739 755 oculos
766 722 887 767 atque
913 731 985 755 ora
1009 719 1118 755 venit
1128 731 1136 763 ;
1171 724 1354 768 strepunt
1380 732 1497 756 aures

77 790 318 826 clamoribus
342 789 586 838 plorantium
601 788 830 833 sociorum,
865 789 1010 838 saepius
1039 795 1221 826 nostram
1248 803 1369 838 quam
1397 791 1497 827 deo-

75 871 162 896 rum
193 860 469 897 invoeantium
501 871 642 909 opem;
676 871 752 896 nos
785 859 849 896 hic
872 871 1066 908 pecorum
1088 861 1217 896 modo
1242 873 1314 909 per
1337 861 1496 898 aestivos

77 931 199 967 saltus
233 930 454 979 deviasque
487 931 609 967 calles
642 930 860 967 exercitum
893 930 1090 975 ducimus,
1135 931 1290 967 conditi
1323 931 1496 968 nubibus

77 1001 276 1050 silvisque.
325 1001 365 1038 Si
398 1002 476 1038 hoc
508 1002 636 1038 modo
668 1002 929 1050 peragrando
962 1001 1175 1038 cacumina
1207 1001 1412 1050 saltusque
1439 999 1537 1040 M.9

76 1071 216 1108 Furius
247 1072 428 1121 recipere
460 1085 483 1108 a
517 1072 643 1109 Gallis
675 1072 815 1108 urbem
839 1071 1044 1117 voluisset,
1078 1084 1159 1120 quo
1184 1072 1248 1108 hic
1271 1084 1400 1109 novus
1420 1071 1497 1108 Ca-

76 1142 219 1187 millus,
244 1143 364 1180 nobis
382 1143 558 1180 dictator
574 1143 716 1180 unicus
734 1142 775 1179 in
792 1144 912 1179 rebus
931 1142 1084 1179 affectis
1110 1142 1313 1190 quaesitus,
1340 1142 1495 1179 Italiam

77 1213 128 1249 ab
145 1212 376 1250 Hannibale
402 1226 647 1263 recuperare
680 1220 808 1262 parat,
836 1213 1046 1250 Gallorum
1064 1214 1196 1249 Roma
1221 1218 1341 1258 esset,
1375 1226 1497 1262 quam
1515 1211 1568 1252 10

75 1295 216 1320 vereor
248 1296 313 1329 ne,
347 1284 404 1321 sic
436 1283 719 1321 cunctantibus
746 1284 880 1329 nobis,
905 1283 1126 1320 Hannibali
1151 1296 1199 1320 ac
1215 1285 1351 1321 Poenis
1376 1284 1496 1321 toties

76 1354 321 1391 servaverint
350 1354 525 1391 maiores
557 1354 698 1391 nostri.
747 1355 830 1391 Sed
861 1355 918 1390 vir
949 1368 997 1392 ac
1030 1368 1122 1391 vere
1154 1356 1379 1400 Romanus,
1414 1367 1495 1403 quo
1514 1354 1563 1393 11

75 1424 143 1460 die
175 1417 417 1462 dictatorem
460 1438 552 1462 eum
585 1439 634 1462 ex
665 1425 905 1462 auctoritate
943 1432 1101 1474 patrum
1133 1425 1324 1474 iussuque
1357 1426 1497 1474 populi

76 1494 228 1532 dictum
246 1495 373 1533 Veios
406 1497 568 1533 allatum
601 1501 674 1541 est,
708 1509 831 1544 quum
859 1501 967 1533 esset
991 1496 1087 1533 satis
1112 1497 1236 1532 altum
1259 1495 1494 1539 Ianiculum,

74 1565 142 1602 ubi
174 1567 324 1604 sedens
357 1572 637 1616 prospectaret
668 1568 840 1612 hostem,
876 1566 1092 1603 descendit
1122 1567 1164 1602 in
1189 1578 1347 1614 aequum
1375 1571 1497 1614 atque

74 1636 141 1672 illo
173 1636 264 1685 ipso
292 1637 360 1674 die
382 1638 519 1673 media
550 1637 592 1674 in
623 1639 734 1683 urbe,
769 1650 849 1686 qua
873 1649 981 1674 nunc
1007 1638 1126 1673 busta
1144 1636 1301 1673 Gallica
1325 1642 1430 1681 sunt,
1457 1642 1497 1673 et

73 1711 240 1754 postero
274 1707 341 1743 die
374 1707 471 1744 citra
504 1707 661 1744 Gabios
694 1708 842 1744 cecidit
870 1707 1079 1744 Gallorum
1112 1708 1309 1756 legiones.
1360 1705 1496 1753 Quid?
1515 1705 1567 1746 12

74 1781 169 1824 post
200 1777 347 1814 multos
380 1790 511 1815 annos
545 1790 667 1826 quum
700 1780 755 1815 ad
786 1779 977 1816 Furculas
1002 1778 1211 1815 Caudinas
1240 1778 1291 1814 ab
1316 1777 1495 1814 Samnite

73 1847 191 1884 hoste
224 1847 297 1884 sub
336 1847 472 1896 iugum
512 1849 622 1885 missi
654 1861 803 1894 sumus,
848 1854 977 1885 utrum
1019 1849 1187 1885 tandem
1226 1847 1272 1885 L.
1314 1848 1496 1897 Papirius

73 1916 224 1954 Cursor
253 1918 524 1967 iugavSamnii
554 1920 839 1968 perlustrando
865 1932 917 1956 an
939 1919 1151 1956 Luceriam
1174 1919 1401 1968 premendo
1424 1919 1495 1955 ob—

73 1987 332 2037 sidendoque
365 1994 405 2025 et
436 1990 680 2027 lacessendo
706 1991 898 2028 victorem
922 1991 1082 2027 hostem
1107 1990 1322 2039 depulsum
1344 1990 1395 2026 ab
1414 1990 1496 2025 Ro-

70 2058 202 2095 manis
234 2059 453 2096 cervicibus
485 2060 621 2110 iugum
654 2062 830 2110 superbo
848 2061 1016 2098 Samniti
1047 2058 1265 2110 imposuit?
1297 2060 1428 2096 Modo
1448 2057 1563 2099 C.13

71 2128 235 2166 Lutatio
267 2142 357 2178 quae
390 2130 468 2167 alia
499 2143 562 2168 res
596 2144 715 2179 quam
750 2132 934 2169 celeritas
963 2131 1171 2169 victoriam
1211 2130 1339 2174 dedit,
1381 2131 1494 2179 quod

71 2206 238 2249 postero
258 2201 338 2246 die,
364 2213 485 2249 quam
503 2201 663 2238 hostem
681 2202 791 2248 vidit,
812 2203 980 2239 classem
1003 2215 1168 2251 gravem
1185 2201 1494 2246 commeatibus,

72 2271 311 2320 impeditam
333 2277 493 2308 suomet
515 2272 645 2321 ipsam
663 2273 930 2309 instrumento
949 2278 1070 2321 atque
1088 2278 1299 2322 apparatu,
1326 2284 1493 2321 oppres-

72 2339 146 2379 sit?
178 2342 351 2379 Stultitia
382 2347 444 2379 est
476 2343 664 2380 sedendo
694 2349 763 2380 aut
794 2344 898 2380 votis
927 2342 1121 2380 debellari
1153 2344 1320 2380 credere
1352 2355 1489 2392 posse.
1509 2340 1562 2380 14

70 2413 194 2449 Arma
226 2413 364 2462 capias
389 2418 552 2462 oportet
576 2418 616 2450 et
643 2414 874 2451 descendas
899 2414 940 2451 in
964 2426 1123 2462 aequum
1148 2418 1188 2449 et
1211 2414 1266 2449 vir
1291 2425 1382 2450 curn
1409 2412 1493 2449 viro

70 2483 361 2531 congrediaris.
409 2484 615 2520 Audendo
634 2490 756 2532 atque
774 2486 940 2534 agendo
964 2497 1027 2521 res
1045 2485 1232 2520 Romana
1251 2484 1384 2527 crevit,
1409 2495 1494 2519 non

70 2553 131 2590 his
164 2553 355 2602 segnibus
388 2553 579 2598 consiliis,
614 2567 703 2602 quae
726 2555 857 2592 timidi
883 2559 1000 2592 cauta
1023 2559 1210 2591 vocant.»
1263 2554 1362 2591 Haec
1388 2554 1496 2590 velut
1512 2552 1565 2592 15

72 2624 328 2661 contionanti
345 2623 526 2661 Minucio
546 2624 946 2662 circumfundebatur
966 2626 1216 2662 tribunorum
1234 2624 1494 2673 equitumque
