1768 2943
563 108 666 138 Liber
692 108 785 138 XXI.
813 107 869 150 (A,
897 108 959 139 Ch.
987 106 1082 151 218.)
1494 110 1519 150 9

111 245 162 284 et,
195 239 238 275 id
265 239 318 275 de
343 250 424 286 quo
448 238 578 275 verbis
600 238 896 286 ambigebatur,
929 243 1017 275 uter
1041 239 1216 287 populus
1241 239 1375 276 foedus
1397 240 1525 289 rupis-

111 316 183 355 set,
217 314 384 346 eventus
416 309 508 345 belli
532 308 638 344 velut
663 320 800 356 aequus
824 308 958 352 iudex,
993 309 1104 345 unde
1126 309 1186 345 ius
1212 311 1357 354 stabat,
1392 311 1429 346 ei
1446 310 1525 347 vic—

110 380 253 418 toriam
290 379 419 416 dedit.
483 378 719 427 Carthagini
757 391 866 415 nunc
899 378 1105 415 Hannibal
1143 379 1282 417 vineas
1315 386 1523 429 turresque
1540 379 1593 420 10

110 451 319 494 admovet;
360 448 617 497 Carthaginis
656 450 807 485 moenia
841 450 968 497 quatit
1000 449 1138 485 ariete.
1201 450 1369 498 Sagunti
1402 451 1525 487 ruinae

110 520 247 572 (falsus
279 520 433 557 utinam
465 524 577 555 vates
610 519 698 569 sim)
731 520 880 556 nostris
910 520 1108 569 capitibus
1133 520 1327 565 incident,
1363 532 1526 569 suscep-

109 597 272 639 tumque
306 602 397 627 cum
421 590 654 638 Saguntinis
682 590 829 626 bellum
854 590 1088 626 habendum
1113 603 1204 627 cum
1229 590 1426 626 Romanis
1452 596 1525 627 est.

109 661 318 698 Dedemus
341 672 440 709 ergo
464 658 765 696 Hannibalem?
790 661 898 697 dicet
923 661 1078 708 aliquis.
1128 661 1221 698 Scio
1244 673 1378 697 meam
1396 661 1524 696 levem
1540 659 1589 698 11

110 744 199 768 esse
230 732 273 768 in
304 743 355 767 eo
389 731 671 767 auctoritatem
703 736 869 779 propter
891 737 1082 780 paternas
1107 731 1353 775 inimicitias;
1389 732 1463 767 sed
1486 737 1526 767 et

109 801 382 838 Hamilcarem
417 813 468 837 eo
500 801 653 850 perisse
692 801 848 838 laetatus
882 813 988 846 sum,
1029 803 1161 849 quod,
1201 802 1233 838 si
1266 802 1330 837 ille
1362 802 1525 846 viveret,

109 872 257 909 bellum
288 873 369 908 iam
402 872 642 908 haberemus
668 883 758 907 cum
784 872 995 916 Romanis,
1030 877 1070 908 et
1094 872 1201 908 hunc
1224 872 1411 908 iuvenem
1438 877 1526 908 tan-

110 955 231 991 quam
255 942 398 979 furiam
416 942 630 990 facemque
647 942 763 979 huius
781 943 873 978 belli
893 942 963 978 odi
981 954 1029 978 ac
1047 943 1250 985 detest0r;
1273 954 1350 978 nec
1369 943 1525 978 deden·
1542 941 1593 981 12

110 1014 207 1049 dum
234 1014 364 1050 solum
385 1015 440 1050 ad
458 1014 660 1062 piaculum
677 1013 781 1061 rupti
800 1013 980 1058 foederis,
1006 1014 1093 1057 sed,
1121 1013 1152 1049 si
1170 1025 1292 1049 nemo
1312 1013 1525 1061 deposcat,

111 1083 396 1120 devehendum
419 1084 462 1121 in
484 1084 643 1120 ultimas
666 1084 787 1119 maris
811 1088 1085 1131 terrarumque
1111 1095 1216 1127 oras,
1252 1083 1527 1131 ablegandum

110 1166 175 1199 eo,
209 1155 319 1190 unde
351 1166 429 1191 nec
464 1155 518 1191 ad
549 1166 627 1191 nos
659 1166 812 1190 nomen
845 1154 1035 1202 famaque
1069 1154 1154 1190 eius
1183 1154 1370 1190 accidere
1394 1165 1527 1201 neque

109 1225 173 1260 ille
196 1225 410 1261 sollicitare
436 1226 582 1273 quietae
607 1225 776 1261 civitatis
801 1229 948 1261 statum
973 1225 1114 1272 possit.
1164 1224 1254 1272 Ego
1279 1224 1334 1259 ita
1359 1235 1523 1267 censeo,
1542 1222 1593 1262 13

110 1295 267 1343 legatos
291 1296 494 1345 extemplo
519 1296 694 1332 Romam
718 1295 954 1339 mittendos,
980 1295 1046 1342 qui
1073 1295 1230 1331 senatui
1256 1294 1507 1331 satisfaciant
1517 1305 1525 1338 ;

111 1365 224 1410 alios,
258 1366 325 1413 qui
354 1365 575 1402 Hannibali
608 1366 807 1410 nuntient,
841 1371 884 1401 ut
915 1366 1134 1401 exercitum
1166 1366 1217 1401 ab
1243 1366 1425 1413 Sagunto
1459 1365 1528 1401 ab·

110 1436 246 1480 ducat,
271 1436 484 1485 ipsumque
501 1436 777 1473 Hannibalem
795 1448 844 1472 ex
862 1436 1017 1472 foedere
1036 1435 1232 1472 Romanis
1251 1436 1427 1479 dedant;
1452 1441 1528 1471 ter-

109 1506 206 1542 tiam
223 1506 471 1555 legationem
492 1508 622 1543 adres
635 1506 869 1555 Saguntinis
882 1507 1119 1543 reddendas
1135 1507 1355 1542 decerno.»
1394 1506 1529 1551 Quum
1644 1501 1669 1544 ΙΙ

110 1576 263 1614 Hanno
295 1583 539 1626 perorasset,
572 1577 724 1614 nemini
760 1577 940 1613 omnium
973 1582 1127 1613 certare
1154 1576 1339 1613 oratione
1363 1588 1455 1612 cum
1479 1588 1529 1612 eo

109 1659 280 1684 necesse
312 1647 404 1692 fuit;
439 1649 547 1684 adeo
570 1660 700 1696 prope
726 1647 858 1684 omnis
882 1652 1047 1684 senatus
1072 1647 1314 1683 Hannibalis
1340 1652 1438 1691 erat,
1472 1647 1531 1682 in-

111 1717 332 1766 festiusque
364 1719 543 1754 locutum
575 1719 800 1766 arguebant
816 1717 1067 1754 Hannonem
1099 1729 1220 1765 quam
1238 1717 1427 1753 Flaccum
1450 1717 1531 1752 Va-

110 1788 263 1833 lerium,
288 1789 466 1837 legatum
482 1789 727 1825 Romanum.
779 1789 1037 1837 Responsum
1055 1788 1152 1824 inde
1171 1787 1313 1835 legatis
1332 1787 1528 1824 Romanis
1542 1786 1567 1826 2

111 1863 190 1904 est,
223 1859 372 1895 bellum
407 1864 538 1895 ortum
571 1860 621 1895 ab
655 1859 910 1907 Saguntinis,
951 1871 1037 1895 non
1070 1859 1120 1894 ab
1153 1857 1386 1894 Hannibale
1419 1869 1529 1901 esse;

113 1929 309 1978 populum
340 1930 572 1966 Romanum
608 1929 755 1966 iniuste
795 1929 950 1973 facere,
995 1929 1028 1965 si
1060 1928 1308 1976 Saguntinos
1348 1928 1531 1964 vetustis-

115 1999 224 2037 simae
258 1999 652 2049 Carthaginiensium
684 2000 869 2036 societati
901 2003 1126 2048 praeponat.

229 2069 337 2107 Dum
353 2071 529 2108 Romani
547 2062 705 2119 tempus
725 2075 859 2106 terunt
875 2070 1146 2118 legationibus
1172 2069 1392 2113 mittendis,
1418 2068 1530 2104 Han-
1545 2068 1569 2105 :5

114 2141 237 2185 nibal,
262 2141 356 2189 quia
380 2141 532 2178 sessum
553 2141 720 2178 militem
746 2141 895 2190 prceliis
920 2140 1193 2189 operibusque
1218 2140 1407 2183 habebat,
1433 2151 1530 2188 pau-

115 2221 254 2247 corum
283 2211 330 2248 iis
348 2211 504 2248 dierum
527 2211 703 2259 quietem
728 2211 855 2255 dedit,
881 2210 1122 2248 stationibus
1148 2210 1203 2245 ad
1226 2209 1455 2246 custodiam
1478 2209 1532 2244 vi-

113 2293 280 2317 nearum
303 2282 554 2330 aliorumque
573 2293 744 2330 operum
762 2281 984 2330 dispositis.
1034 2280 1196 2316 InterIm
1215 2280 1373 2316 animos
1392 2291 1530 2316 eorum

113 2362 221 2388 nunc
243 2351 301 2388 ira
324 2352 366 2388 in
385 2352 524 2388 hostes
543 2351 806 2396 stimulando,
831 2364 940 2388 nunc
959 2363 1032 2399 spe
1050 2350 1305 2398 praemiorum
1324 2350 1530 2393 accendit;

113 2426 157 2457 ut
178 2433 273 2458 vero
298 2434 372 2471 pro
401 2422 595 2459 contione
618 2423 799 2471 praedam
817 2427 946 2470 captae
964 2422 1071 2458 urbis
1089 2421 1214 2457 edixit
1244 2421 1410 2457 militum
1430 2420 1529 2464 fore,
1544 2419 1571 2458 4

115 2491 222 2528 adeo
241 2492 402 2529 accensi
420 2504 563 2528 omnes
582 2497 687 2537 sunt,
722 2498 776 2537 ut,
804 2492 835 2529 si
854 2493 1056 2540 extemplo
1076 2492 1235 2540 signum
1254 2492 1393 2527 datum
1412 2495 1531 2534 esset,

115 2562 223 2598 nulla
253 2563 290 2598 vi
322 2562 452 2599 resisti
484 2562 687 2598 videretur
719 2575 855 2611 posse.
904 2562 1116 2611 Saguntini
1152 2567 1192 2597 ut
1224 2574 1247 2597 a
1272 2560 1421 2609 proeliis
1446 2559 1571 2608 qui-T)

117 2635 221 2667 etem
244 2632 469 2669 habuerant
491 2644 569 2669 nec
593 2633 842 2670 lacessentes
866 2645 942 2669 nec
968 2632 1142 2668 lacessiti
1168 2643 1239 2678 per
1259 2631 1412 2678 aliquot
1430 2631 1530 2674 dies,
