1789 2955
262 102 343 139 210
650 98 764 132 Liber
790 97 935 133 XXIX.
991 100 1055 142 (A.
1081 111 1114 134 u.
1141 110 1172 133 c.
1198 101 1292 143 550.)

260 226 399 264 classis
430 226 547 264 modo
583 227 934 275 prospectantibus
966 240 985 263 0
1016 230 1147 275 terra,
1180 226 1250 263 sed
1279 230 1388 264 terra
1419 227 1538 264 etiam
1569 229 1694 266 omnis

123 295 173 344 2Ί
263 300 368 335 circa
423 299 572 335 referta
623 297 741 334 turba
794 298 1018 346 spectaculo
1086 298 1369 346 navigantibus
1427 302 1523 337 erat.
1612 300 1694 337 Ubi

257 371 403 416 illuxit,
435 369 583 419 Scipio,
616 383 635 405 e
667 369 855 418 praetoria
893 383 993 407 nave
1025 369 1185 407 silentio
1218 383 1289 419 per
1321 383 1542 419 praeconem
1575 372 1693 419 facto,

213 443 234 477 2
259 442 383 489 ,Divi
416 441 624 491 divaeque‘·
676 441 819 490 inquit,
871 442 965 490 „qui
1013 441 1137 478 maria
1181 444 1391 490 terrasque
1430 443 1574 489 colitis,
1623 456 1693 481 vos

257 527 400 562 precor
432 526 658 563 quaesoque,
688 513 760 559 uti,
793 525 880 561 quae
906 513 947 549 in
972 526 1058 549 meo
1087 513 1255 563 imperio
1280 517 1392 561 gesta
1416 517 1518 560 sunt,
1551 527 1693 563 gerun-

259 590 325 623 tur
356 590 524 635 postque
570 587 774 634 gerentur,
821 598 866 622 ea
911 584 1029 627 mihi,
1075 585 1224 634 populo
1270 585 1458 635 plebique
1490 585 1692 633 Romanae,

257 658 374 695 sociis
414 658 644 706 nominique
675 656 841 702 Latino,
888 656 956 705 qui
986 656 1125 705 populi
1158 655 1330 693 Romani
1377 657 1523 706 quique
1569 671 1693 694 meam

258 733 425 776 sectam,
465 729 677 778 imperium
717 728 1016 778 auspiciumque
1062 733 1187 775 terra,
1249 730 1350 766 mari
1399 729 1693 779 [amnibus]que

210 801 233 837 3
252 804 486 850 sequuntur,
518 801 618 837 bene
650 805 913 846 verruncent,
956 813 1079 849 eaque
1110 813 1179 837 vos
1226 801 1356 838 omnia
1403 802 1503 838 bene
1535 800 1692 847 iuvetis,

256 874 370 911 bonis
388 873 571 910 auctibus
589 873 757 918 auxitis3
789 873 918 909 salvos
938 872 1248 921 incolumesque,
1269 873 1388 909 victis
1403 872 1691 922 perduellibus,

255 945 445 990 victores,
485 945 623 994 spoliis
663 944 888 990 decoratos,
934 943 1070 993 praeda
1111 947 1274 981 onustos
1318 944 1692 994 triumphantesque

255 1031 407 1054 mecum
441 1017 578 1054 domos
610 1017 776 1054 reduces
809 1017 979 1062 sistatis3
1027 1015 1280 1053 inimicorum
1310 1016 1564 1065 hostiumque
1594 1016 1690 1053 ulci-

212 1089 237 1124 4
258 1089 491 1127 scendorum
519 1089 673 1138 copiam
695 1088 856 1133 faxitis3
888 1101 1056 1137 quaeque
1078 1088 1251 1137 populus
1270 1087 1617 1138 Carthaginiensis
1650 1089 1691 1126 in

257 1161 458 1198 civitatem
492 1164 669 1198 nostram
700 1161 831 1197 facere
864 1159 1026 1196 molitus
1058 1163 1134 1206 est,
1181 1173 1226 1197 ea
1255 1163 1300 1196 ut
1332 1160 1431 1197 mihi
1462 1161 1691 1210 populoque

254 1232 435 1270 Romano
469 1233 512 1269 in
544 1233 746 1270 civitatem
764 1231 1153 1279 Carthaginiensium
1180 1232 1361 1281 exempla
1393 1231 1538 1269 edendi
1568 1232 1690 1269 facul-

210 1303 232 1339 5
252 1307 375 1341 tatem
393 1304 530 1341 110115.ιι
582 1303 808 1341 Secundum
827 1303 898 1340 has
915 1316 1051 1352 preces
1069 1303 1193 1339 cruda
1215 1307 1306 1341 exta
1323 1316 1424 1341 caesa
1439 1304 1612 1350 victima,
1629 1303 1690 1340 uti

258 1389 341 1412 mos
373 1380 443 1421 est,
475 1377 516 1413 in
547 1390 655 1413 mare
685 1375 854 1425 proiecit
878 1375 1054 1424 tubaque
1080 1375 1236 1423 signum
1261 1375 1373 1412 dedit
1402 1375 1692 1425 proficiscendi.

211 1448 233 1483 6
253 1447 386 1484 Vento
419 1448 593 1485 secundo
628 1448 852 1485 vehementi
884 1448 979 1484 satis
1010 1447 1183 1497 profecti
1215 1447 1400 1485 celeriter
1428 1461 1446 1484 e
1475 1452 1690 1498 conspectu

251 1523 370 1556 terrae
389 1520 513 1557 ablati
531 1524 642 1565 sunt;
661 1523 698 1557 et
715 1533 736 1556 a
754 1519 919 1556 meridie
937 1519 1085 1555 nebula
1109 1519 1270 1568 excepit
1288 1520 1355 1565 ita,
1380 1520 1447 1556 vix
1465 1523 1510 1556 ut
1527 1534 1689 1558 concur-

213 1592 235 1626 7
256 1605 321 1628 sus
340 1592 498 1629 navium
527 1592 633 1628 inter
657 1605 697 1628 se
713 1592 905 1637 vitarent,
936 1591 1064 1628 lenior
1085 1595 1226 1628 ventus
1244 1591 1286 1627 in
1305 1592 1386 1628 alto
1403 1591 1541 1629 factus.
1587 1592 1688 1630 Noc-

251 1667 331 1699 tem
364 1663 640 1712 insequentem
660 1663 796 1701 eadem
824 1663 950 1712 caligo
970 1663 1163 1709 obtinuit3
1196 1664 1279 1700 sole
1306 1668 1392 1700 orto
1418 1667 1476 1700 est
1502 1663 1689 1711 discussa,

205 1734 230 1770 8
251 1739 289 1771 et
320 1735 460 1772 addita
490 1736 550 1772 vis
582 1739 712 1772 vento.
759 1735 848 1772 Iam
878 1738 1026 1771 terram
1054 1734 1282 1773 cernebant.
1329 1735 1451 1772 Haud
1477 1737 1533 1773 ita
1561 1737 1687 1774 multo

252 1811 342 1856 post
359 1808 605 1855 gubernator
622 1805 803 1856 Scipioni
831 1807 897 1852 ait,
925 1819 1003 1843 non
1028 1806 1118 1856 plus
1147 1808 1322 1856 quinque
1347 1807 1477 1844 millia
1502 1821 1689 1857 passuum

254 1879 435 1915 Africam
454 1880 610 1924 abesse;
641 1878 835 1915 Mercurii
858 1878 1181 1927 promuntorium
1208 1892 1248 1915 50
1280 1892 1461 1925 cernere3
1493 1881 1526 1916 si
1554 1879 1690 1917 iubeat

208 1951 230 1987 9
251 1963 296 1987 eo
329 1950 460 1998 dirigi,
495 1950 572 1987 iam
607 1951 648 1987 in
680 1954 800 2000 portu
831 1951 914 1987 fore
947 1963 1100 1987 omnem
1133 1950 1310 1987 classem.
1373 1950 1526 2000 Scipio,
1569 1956 1614 1988 ut
1645 1953 1688 1990 in

248 2026 463 2071 conspectu
479 2025 587 2058 terra
604 2022 689 2068 fuit,
714 2025 900 2071 precatus
919 2021 1024 2070 deos,
1058 2021 1118 2058 uti
1140 2021 1245 2059 bono
1270 2023 1328 2059 rei
1346 2023 1519 2072 publicae
1537 2037 1687 2074 suoque

247 2092 430 2129 Africam
477 2093 644 2139 viderit,
679 2094 773 2131 dare
804 2095 894 2131 vela
925 2097 964 2130 et
995 2093 1117 2130 alium
1151 2093 1254 2130 infra
1285 2095 1455 2132 navibus
1487 2109 1687 2133 accessum

180 2165 228 2201 10
247 2167 382 2213 petere
414 2164 538 2201 iubet.
600 2165 733 2203 Vento
766 2165 903 2203 eodem
935 2165 1183 2211 ferebantur,
1228 2169 1402 2203 ceterum
1434 2167 1580 2205 nebula
1611 2168 1684 2206 sub

249 2235 354 2273 idem
372 2236 495 2273 ferme
512 2240 680 2286 tempus,
699 2251 777 2286 quo
795 2237 939 2286 pridie,
967 2240 1106 2275 exorta
1123 2241 1376 2287 conspectum
1393 2242 1511 2276 terrae
1529 2240 1685 2288 ademit,

177 2309 283 2346 llet
330 2311 472 2345 ventus
505 2312 707 2358 premente
753 2309 899 2346 nebula
946 2309 1102 2346 cecidit.
1162 2310 1253 2348 Nox
1293 2310 1438 2348 deinde
1469 2312 1684 2350 incertiora

247 2380 379 2417 omnia
404 2380 516 2426 fecit,
550 2381 683 2429 itaque
702 2393 878 2427 ancoras,
908 2394 956 2417 ne
984 2384 1054 2418 aut
1078 2382 1183 2419 inter
1199 2396 1240 2419 se
1257 2387 1540 2420 concurrerent
1563 2397 1682 2421 naves

179 2452 224 2487 12
245 2456 314 2488 aut
343 2456 463 2488 terrae
496 2452 753 2497 inferrentur,
785 2452 925 2489 iecere.
973 2453 1056 2490 Ubi
1086 2454 1234 2500 illuxit,
1264 2458 1405 2505 ventus
1435 2455 1539 2492 idem
1571 2469 1682 2493 coor-

243 2526 329 2568 tus,
361 2524 505 2560 nebula
537 2523 715 2570 disiecta,
761 2524 918 2573 aperuit
963 2525 1094 2562 omnia
1133 2526 1284 2563 Africae
1330 2527 1460 2564 litora.
1535 2526 1682 2577 Scipio,

246 2595 353 2643 quod
386 2599 487 2632 esset
518 2595 741 2644 proximum
774 2597 1104 2645 promuntorium,
1143 2602 1413 2646 percontatus,
1445 2612 1567 2648 quum
1583 2599 1680 2636 Pul-

244 2665 329 2702 chri
362 2667 681 2715 promuntorium
714 2667 756 2704 id
783 2669 917 2706 vocari
942 2668 1128 2715 audisset,
1165 2669 1329 2716 „Placet
1354 2672 1494 2709 omen“
1528 2671 1678 2721 inquit,
