1768 2943
227 94 282 136 58
648 94 751 124 Liber
777 94 887 125 XXII.
931 95 984 137 (A.
1012 104 1042 125 u.
1070 104 1096 125 e.
1125 93 1218 137 537.)

228 225 382 272 aliquot
413 225 578 273 spicula,
612 225 652 261 in
676 225 862 261 Sardinia
890 230 1023 260 autem
1051 225 1092 261 in
1117 237 1230 261 muro
1258 225 1518 262 circumeunti
1545 227 1641 275 vigi-

226 296 298 331 lias
331 295 454 343 equiti
486 295 722 343 scipionem,
757 307 875 343 quem
899 307 1020 331 manu
1049 300 1246 340 tenuerat,
1278 296 1435 341 arsisse,
1464 301 1504 332 et
1525 296 1642 333 litora

187 364 375 403 Ocrebris
407 365 566 414 ignibus
600 365 770 410 fulsisse,
810 370 850 401 et
889 370 1002 401 scuta
1033 366 1116 402 duo
1150 366 1347 414 sanguine
1379 366 1562 410 sudasse,
1603 373 1642 402 et

227 436 371 472 milites
397 436 596 483 quosdam
621 435 723 471 ictos
750 435 992 480 fulminibus,
1020 442 1060 472 et
1083 435 1178 472 solis
1204 436 1342 471 orbem
1360 435 1484 472 minui
1501 436 1640 481 visum,

228 511 267 541 et
290 506 492 542 Praeneste
521 506 710 541 ardentes
734 505 890 554 lapides
915 506 1013 542 caelo
1040 506 1248 550 cecidisse,
1274 511 1315 541 et
1337 506 1454 554 Arpis
1481 518 1642 554 parmas

162 574 215 615 10
227 576 269 612 in
294 576 392 612 caelo
417 576 521 612 visas
545 581 877 624 pugnantemque
901 588 989 612 cum
1007 576 1102 612 luna
1119 576 1259 620 solem,
1286 581 1325 612 et
1343 574 1521 624 Capenae
1540 577 1642 613 duas

226 646 398 682 interdiu
432 647 546 681 lunas
580 651 701 690 ortas,
736 652 776 682 et
807 658 932 694 aquas
958 645 1133 682 Caeretes
1158 647 1355 694 sanguine
1381 646 1523 682 mixtas
1546 646 1642 682 flux-

225 717 304 752 isse
338 716 574 764 fontemque
605 716 734 764 ipsum
768 716 952 753 Herculis
986 716 1158 753 cruentis
1196 728 1384 752 manasse
1416 728 1641 764 respersum

227 786 406 830 maculis,
441 792 481 822 et
503 786 611 822 Antii
636 787 879 823 metentibus
912 791 1100 823 cruentas
1127 787 1168 822 in
1193 788 1356 823 corbem
1380 787 1511 835 spicas
1540 787 1643 824 ceci-

159 855 207 894 11
227 856 349 900 disse,
377 862 415 892 et
433 856 597 892 Faleriis
622 857 760 893 caelum
787 857 884 893 findi
903 857 1010 892 velut
1028 868 1178 904 magno
1197 857 1304 892 hiatu
1323 857 1463 901 visum,
1482 869 1642 905 quaque

226 926 411 974 patuerit,
430 927 575 974 ingens
593 927 727 963 lumen
747 927 962 970 effulsisse;
999 932 1127 963 sortes
1146 938 1217 963 sua
1235 932 1381 975 sponte
1399 932 1640 972 attenuatas,

227 1009 429 1044 unamque
454 997 652 1033 excidisse
676 998 731 1033 ita
749 998 955 1046 scriptam:
997 996 1186 1033 «Mavors
1210 997 1331 1033 telum
1356 1009 1469 1033 suum
1494 1009 1643 1034 concu—

159 1066 211 1106 12
225 1067 312 1111 tit»,
346 1072 386 1102 et
418 1079 489 1115 per
519 1067 629 1103 idem
662 1073 820 1116 tempus
845 1068 986 1104 Romae
1014 1068 1172 1116 signum
1196 1066 1336 1104 Martis
1353 1068 1486 1116 Appia
1509 1067 1572 1104 via
1595 1079 1642 1105 ac

227 1137 437 1174 simulacra
471 1138 653 1186 luporum
688 1139 871 1181 sudasse,
907 1142 946 1173 et
969 1136 1120 1186 Capuae
1153 1138 1329 1186 speciem
1355 1137 1439 1174 caeli
1463 1138 1642 1175 ardentis

159 1206 211 1246 13
227 1207 348 1244 fuisse
381 1208 566 1255 lunaeque
588 1208 691 1243 inter
713 1208 880 1244 imbrem
904 1208 1101 1244 cadentis.
1149 1208 1251 1244 Inde
1275 1208 1496 1244 minoribus
1521 1208 1641 1244 etiam

227 1278 335 1314 dictu
359 1278 555 1326 prodigiis
580 1278 681 1314 fides
709 1278 863 1314 habita:
899 1290 1041 1326 capras
1066 1279 1222 1315 lanatas
1240 1279 1482 1326 quibusdam
1500 1278 1641 1323 factas,

159 1347 211 1387 14
227 1353 266 1384 et
286 1348 478 1397 gallinam
509 1349 551 1384 in
574 1360 739 1393 marem,
763 1349 911 1397 gallum
935 1349 976 1384 in
1000 1348 1190 1384 feminam
1216 1361 1305 1385 sese
1327 1348 1505 1385 vertisse.
1553 1348 1641 1394 His,

226 1419 328 1455 sicut
359 1424 474 1455 erant
500 1419 697 1462 nuntiata,
724 1419 917 1467 expositis
943 1419 1254 1467 auctoribusque
1279 1419 1319 1455 in
1344 1419 1493 1456 curiam
1518 1419 1642 1456 intro-

159 1488 211 1529 15
226 1489 370 1534 ductis,
405 1489 547 1526 consul
565 1490 616 1525 de
634 1489 830 1538 religione
848 1496 983 1538 patres
1002 1489 1213 1526 consuluit.
1262 1489 1492 1534 Decretum,
1527 1496 1569 1526 ut
1593 1503 1641 1526 ea

225 1560 413 1609 prodigia
436 1560 579 1609 partim
602 1560 820 1596 maioribus
848 1560 1002 1605 hostiis,
1028 1560 1171 1609 partim
1194 1560 1434 1596 lactentibus
1452 1572 1641 1608 procura-

225 1636 372 1675 rentur,
414 1636 454 1666 et
492 1631 547 1666 uti
580 1630 820 1678 supplicatio
853 1643 924 1679 per
956 1631 1130 1666 triduum
1164 1631 1218 1666 ad
1251 1630 1388 1666 omnia
1420 1630 1642 1678 pulvinaria

158 1700 209 1740 16
225 1702 457 1745 haberetur;
492 1706 639 1744 cetera,
674 1713 794 1748 quum
821 1701 1037 1737 decemviri
1060 1701 1182 1737 libros
1205 1700 1487 1749 inspexissent,
1522 1706 1564 1736 ut
1586 1701 1641 1737 ita

225 1771 378 1816 fierent,
390 1772 736 1819 quemadmodum
751 1771 863 1807 cordi
878 1783 967 1808 esse
981 1771 1081 1808 divis
1092 1785 1109 1806 e
1118 1771 1360 1808 carminibus
1372 1771 1640 1819 profarentur.

156 1840 207 1880 17
224 1841 553 1878 Decemvirorum
581 1841 737 1877 monitu
762 1842 968 1878 decretum
987 1847 1060 1886 est,
1086 1841 1169 1878 Iovi
1194 1842 1364 1890 primum
1389 1842 1542 1877 donum
1569 1841 1640 1877 ful-

226 1924 319 1948 men
343 1924 506 1947 aureum
531 1912 674 1960 pondo
693 1912 986 1960 quinquaginta
1004 1911 1127 1955 fieret,
1154 1916 1190 1947 et
1204 1911 1351 1947 Iunoni
1368 1910 1640 1959 Minervaeque

226 1995 273 2018 ex
306 1988 475 2031 argento
510 1983 621 2019 dona
665 1983 868 2027 darentur,
910 1988 949 2018 et
986 1981 1131 2018 Iunoni
1170 1982 1318 2030 reginae
1357 1982 1397 2017 in
1437 1982 1639 2018 Aventino

224 2052 450 2101 Iunonique
483 2052 654 2100 Sospitae
693 2052 860 2088 Lanuvii
900 2052 1118 2089 maioribus
1158 2052 1299 2088 hostiis
1339 2051 1638 2096 sacrificaretur,

156 2121 208 2162 18
225 2129 499 2171 matronaeque
517 2123 691 2171 pecunia
709 2123 868 2167 collata,
888 2128 1081 2170 quantum
1100 2122 1284 2159 conferre
1303 2123 1446 2170 cuique
1460 2134 1640 2159 commo-

225 2195 320 2230 dum
355 2199 473 2237 esset,
508 2194 662 2229 donum
696 2193 840 2229 Iunoni
873 2193 1022 2241 reginae
1046 2194 1087 2229 in
1105 2193 1346 2230 Aventinum
1372 2192 1532 2237 ferrent,
1561 2193 1639 2229 lec-

225 2264 526 2312 tisterniumque
560 2263 683 2308 fieret,
718 2269 758 2299 et
790 2269 831 2299 ut
862 2263 1055 2300 libertinae
1088 2269 1128 2299 et
1159 2264 1268 2312 ipsae,
1313 2263 1422 2298 unde
1456 2263 1638 2299 Feroniae

224 2335 377 2371 donum
421 2335 595 2378 daretur,
639 2335 852 2382 pecuniam
885 2345 959 2382 pro
994 2333 1248 2370 facultatibus
1281 2334 1360 2369 suis
1393 2332 1636 2370 conferrent.

156 2404 207 2443 19
224 2404 320 2441 Haec
355 2405 420 2440 ubi
461 2404 580 2449 facta,
626 2405 840 2441 decemviri
874 2404 1018 2440 Ardeae
1050 2404 1090 2440 in
1125 2403 1213 2440 foro
1247 2403 1465 2440 maioribus
1498 2403 1638 2439 hostiis

224 2475 509 2511 sacrificarunt.
556 2475 768 2511 Postremo
801 2474 1017 2510 Decembri
1048 2474 1127 2510 iam
1161 2486 1300 2510 mense
1334 2474 1388 2510 ad
1421 2474 1550 2510 aedem
1567 2473 1638 2510 Sa-

222 2545 325 2581 turni
350 2545 491 2581 Romae
514 2545 764 2581 immolatum
789 2550 862 2588 est,
896 2543 1263 2592 lectisterniumque
1290 2544 1528 2592 imperatum
1547 2541 1636 2594 ([et]

152 2613 209 2653 20
223 2627 313 2650 eum
345 2615 490 2652 lectum
524 2620 733 2652 senatores
766 2612 1003 2665 straverunt)
1037 2620 1077 2651 et
1099 2613 1323 2651 convivium
1347 2614 1563 2662 publicum,
1590 2626 1636 2650 ac
