1768 2943
532 100 636 131 Liber
661 100 789 131 xxm.
834 98 888 142 (A.
916 100 977 130 Ch.
1005 99 1100 142 216.)
1440 100 1522 141 119

103 232 316 282 praefectus
349 232 540 280 equitum,
574 230 907 280 intemperantius
941 232 1136 267 cedentes
1169 237 1330 267 secutus
1363 231 1524 268 cecidit.

102 303 165 339 Ab
197 303 296 338 urbe
330 303 611 351 oppugnanda
634 302 804 338 Poenum
836 302 1088 338 absterruere
1121 306 1343 349 conspecta
1375 302 1525 338 moenia
1541 299 1594 340 10

107 373 425 421 haudquaquam
457 378 645 421 prompta
678 372 945 421 oppugnanti.

221 443 324 479 Inde
357 442 540 492 Capuam
580 443 704 479 flectit
740 443 826 487 iter,
868 441 1134 478 luxuriantem
1173 442 1296 490 longa
1337 441 1527 479 felicitate
1591 437 1619 481 2

105 518 227 561 atque
244 513 499 563 indulgentia
517 514 701 558 sortunae,
720 513 894 549 maxime
913 518 1050 549 tamen
1067 512 1170 549 inter
1189 518 1377 560 corrupta
1391 512 1528 549 omnia

104 584 266 621 licentia
298 584 426 633 plebis
452 584 539 621 sine
563 585 690 620 modo
715 584 940 619 libertatem
968 583 1205 620 exercentis.
1270 583 1464 619 Senatum
1489 581 1568 622 et?

105 655 180 692 sibi
205 660 245 691 et
269 655 378 703 plebi
405 654 626 691 obnoxium
643 653 838 690 Pacuvius
858 653 1045 690 Calavius
1065 653 1228 698 fecerat,
1254 653 1401 690 nobilis
1419 653 1530 690 idem

106 737 154 762 ac
185 725 392 774 popularis
425 724 563 768 homo,
599 729 775 761 ceterum
794 718 914 760 malis
940 724 1091 760 artibus
1116 730 1288 760 nanctus
1315 736 1429 772 opes.
1493 721 1572 762 1s3

106 807 227 844 quum
260 807 311 832 eo
345 795 449 832 forte
482 807 606 839 anno,
641 807 721 843 quo
754 807 817 832 res
850 795 955 830 male
979 799 1096 842 gesta
1122 795 1177 830 ad
1205 794 1532 831 Trasumennum

107 871 180 910 est,
220 865 263 902 in
303 877 460 902 summo
500 866 736 914 magistratu
775 870 895 909 esset,
934 865 1014 900 iam
1048 864 1117 900 diu
1149 864 1340 900 infestam
1373 865 1532 901 senatui

106 937 269 985 plebem
300 941 410 972 ratus
442 948 514 984 per
547 936 807 973 occasionem
832 935 1014 971 novandi
1039 947 1103 971 res
1128 947 1321 983 magnum
1345 948 1533 972 ausuram

107 1006 277 1051 facinus,
322 1011 376 1050 ut,
421 1006 452 1042 si
490 1006 530 1042 in
571 1018 620 1042 ea
658 1007 748 1042 loca
782 1005 988 1042 Hannibal
1030 1017 1121 1042 cum
1160 1005 1312 1041 victore
1356 1006 1533 1043 exercitu

106 1077 295 1121 venisset,
329 1076 531 1112 trucidato
557 1081 701 1113 senatu
725 1077 904 1112 traderet
929 1075 1112 1124 Capuam
1137 1076 1286 1120 Poenis,
1324 1073 1577 1124 improbus4

108 1147 247 1191 homo,
279 1146 353 1183 sed
375 1158 460 1182 non
485 1147 540 1182 ad
565 1152 787 1183 extremum
811 1146 1006 1195 perditus,
1035 1158 1157 1194 quum
1181 1146 1318 1182 mallet
1341 1146 1534 1183 incolumi

108 1230 228 1266 quam
261 1229 402 1254 eversa
432 1230 475 1253 re
507 1217 668 1266 publica
701 1217 917 1261 dominari,
951 1217 1101 1253 nullam
1124 1222 1259 1253 autem
1288 1217 1535 1253 incolumem

108 1301 199 1325 esse
223 1288 408 1325 orbatam
432 1287 595 1336 publico
620 1287 791 1324 consilio
817 1288 1014 1332 crederet,
1041 1288 1242 1324 rationem
1267 1287 1367 1332 iniit,
1395 1300 1475 1335 qua
1494 1294 1533 1323 et

106 1365 292 1396 senatum
324 1362 500 1395 servaret
532 1363 572 1394 et
599 1359 822 1395 obnoxium
846 1359 920 1395 sibi
946 1370 993 1394 ac
1019 1358 1126 1407 plebi
1152 1358 1316 1395 faceret.
1367 1358 1530 1395 Vocato
1548 1355 1574 1396 5

106 1435 264 1474 senatu,
284 1440 407 1477 quum
424 1428 498 1465 sibi
516 1428 760 1466 defectionis
779 1430 829 1465 ab
849 1429 1045 1465 Romanis
1064 1428 1277 1465 consilium
1297 1428 1536 1478 placiturum

105 1501 215 1537 nullo
233 1500 375 1544 modo,
409 1499 486 1536 nisi
512 1499 788 1536 necessarium
818 1499 969 1545 fuisset,
1006 1499 1196 1547 praefatus
1225 1504 1345 1544 esset,
1382 1497 1573 1549 quippess

107 1570 175 1619 qui
213 1570 362 1607 liberos
395 1582 444 1606 ex
476 1571 581 1618 App.
616 1569 776 1606 Claudii
809 1570 888 1606 filia
921 1570 1090 1606 haberet
1121 1569 1324 1618 filiamque
1358 1571 1536 1607 Romam

108 1646 280 1689 nuptum
303 1639 367 1678 M.
392 1640 506 1677 Livio
532 1641 736 1685 dedisset;
771 1646 950 1677 ceterum
976 1640 1171 1676 maiorem
1194 1642 1319 1677 multo
1345 1653 1429 1677 rem
1453 1653 1537 1677 ma-

108 1712 252 1761 gisque
284 1711 509 1747 timendam
531 1710 701 1755 instare;
735 1723 821 1747 non
846 1711 954 1747 enim
977 1723 1049 1759 per
1075 1711 1351 1747 defectionem
1378 1712 1432 1747 ad
1459 1712 1534 1748 tol·
1550 1708 1572 1749 7

111 1782 279 1818 lendum
304 1794 352 1818 ex
376 1781 535 1818 civitate
561 1787 748 1818 senatum
773 1782 935 1830 plebem
961 1786 1159 1829 spectare,
1185 1782 1260 1818 sed
1284 1794 1356 1831 per
1381 1782 1537 1818 caedem

111 1857 276 1889 senatus
319 1863 488 1889 vacuam
521 1864 604 1888 rem
637 1852 839 1900 publicam
872 1853 1032 1888 tradere
1066 1851 1287 1889 Hannibali
1320 1865 1368 1889 ac
1401 1852 1537 1889 Poenis

109 1921 229 1965 velle;
263 1933 314 1958 eo
343 1934 386 1958 se
412 1922 591 1971 periculo
619 1935 743 1971 posse
770 1922 940 1959 liberare
965 1935 1050 1967 eos,
1081 1923 1113 1959 si
1137 1924 1371 1972 permittant
1399 1923 1473 1959 sibi
1498 1920 1577 1961 et8

110 1992 374 2029 certaminum
398 1993 439 2029 in
463 2005 506 2029 re
531 1994 692 2042 publica
716 1993 828 2029 obliti
847 1994 1029 2038 credant,
1059 2015 1110 2019 —
1144 2006 1266 2041 quum
1285 2005 1429 2030 omnes
1447 1992 1538 2030 victi

109 2067 219 2098 metu
251 2063 540 2111 permitterent,
579 2063 830 2100 «Claudam»
866 2063 996 2111 inquit
1033 2063 1098 2100 «in
1131 2064 1241 2101 curia
1263 2076 1336 2100 vos
1362 2069 1414 2108 et,
1448 2069 1536 2101 tan·
1555 2061 1581 2102 9

113 2144 233 2180 quam
258 2138 298 2169 et
314 2133 402 2181 ipse
420 2134 586 2182 cogitati
606 2134 798 2171 facinoris
815 2134 1032 2183 particeps,
1061 2135 1335 2183 approbando
1354 2133 1537 2176 consilia,

113 2203 257 2251 quibus
289 2203 560 2252 nequicquam
593 2205 842 2249 adversarer,
875 2205 979 2241 viam
1006 2205 1124 2242 saluti
1149 2210 1289 2242 vestrae
1320 2204 1537 2241 inveniam.

111 2272 159 2309 In
183 2273 262 2310 hoc
286 2273 423 2319 fidem,
450 2287 572 2322 quam
596 2275 711 2312 vultis
735 2275 824 2324 ipsi,
852 2275 1063 2324 accipite.»
1117 2275 1219 2311 Fide
1237 2276 1335 2311 data
1353 2286 1540 2323 egressus
1559 2272 1612 2313 10

114 2344 248 2380 claudi
281 2344 432 2381 curiam
464 2345 588 2390 iubet,
622 2345 936 2394 praesidiumque
963 2346 1004 2382 in
1030 2346 1229 2382 vestibulo
1253 2345 1452 2393 relinquit,
1488 2357 1539 2380 ne

115 2414 202 2462 quis
226 2414 340 2451 adire
365 2415 516 2452 curiam
541 2415 695 2453 iniussu
719 2428 793 2453 suo
818 2429 921 2452 neve
944 2416 1043 2453 inde
1069 2417 1210 2465 egredi
1235 2416 1377 2466 possit.
1436 2415 1543 2451 Tum
1607 2411 1636 2456 3

114 2489 262 2521 vocato
287 2486 342 2521 ad
367 2486 602 2522 contionem
628 2486 797 2535 populo,
831 2486 983 2532 «Quod
1006 2499 1139 2535 saepe»
1170 2486 1300 2535 inquit
1330 2485 1538 2534 «optastis,

116 2553 329 2603 Campani,
360 2561 403 2592 ut
431 2556 615 2605 supplicii
644 2557 831 2593 sumendi
859 2557 975 2594 vobis
1004 2569 1052 2593 ex
1076 2557 1265 2606 improbo
1290 2568 1338 2592 ac
1363 2557 1541 2593 detesta-

115 2624 183 2660 bili
209 2630 352 2662 senatu
375 2631 558 2675 potestas
582 2633 701 2672 esset,
729 2640 819 2664 earn
837 2639 922 2665 non
942 2639 1013 2676 per
1031 2628 1241 2664 tumultum
1260 2631 1541 2675 expugnantes
1557 2624 1583 2665 2
