1768 2943
517 103 622 133 Liber
647 102 757 133 xxn.
819 101 872 144 (A.
902 102 964 133 Ch.
991 101 1085 144 217.)
1456 104 1509 144 79

91 245 194 270 esse.
243 232 404 269 Miranti
436 232 594 270 Bostari
626 233 977 281 percontantique,
1018 234 1229 280 quodnam
1261 234 1303 270 id
1336 235 1509 271 subitum
1524 232 1577 272 12

91 309 212 340 tantae
245 303 300 339 rei
333 304 489 340 donum
521 308 662 352 posset
694 314 797 347 esse,
827 302 1055 339 «Obsides»
1083 303 1211 351 inquit
1240 305 1303 340 «in
1329 305 1507 341 civitates
1527 303 1579 343 13

90 374 261 411 remitte.
324 374 372 410 Id
405 379 445 410 et
475 373 658 422 privatim
690 374 938 422 parentibus,
973 385 1143 421 quorum
1175 375 1392 411 maximum
1423 388 1509 411 mo-

90 450 270 481 mentum
287 445 328 481 in
347 444 571 481 civitatibus
595 450 656 480 est
679 444 771 488 suis,
807 449 847 480 et
870 444 1030 492 publice
1055 445 1215 493 populis
1239 452 1398 493 gratum
1423 446 1508 482 erit.

90 515 186 551 Vult
225 515 299 551 sibi
340 514 511 563 quisque
551 515 674 559 credi,
717 521 755 550 et
795 515 932 550 habita
973 514 1074 551 fides
1106 515 1236 563 ipsam
1274 516 1509 563 plerumque
1528 514 1580 554 14

91 586 243 634 obligat
275 585 411 622 fidem.
464 585 731 622 Ministerium
763 585 1104 622 restituendorum
1137 586 1285 621 domos
1320 585 1509 622 obsidum

88 655 269 692 mihimet
301 656 485 704 deposco
518 656 617 704 ipse,
651 662 693 692 ut
726 668 851 704 opera
883 668 1047 704 quoque
1080 657 1265 704 impensa
1297 656 1509 692 consilium

89 726 277 763 adiuvem
309 738 444 762 meum
476 731 516 762 et
547 727 603 763 rei
637 732 779 776 suapte
801 732 944 763 natura
966 732 1103 775 gratae,
1128 732 1322 774 quantam
1344 727 1509 775 insuper

87 796 257 846 gratiam
289 797 456 846 possim,
490 797 717 834 adiiciam.»
774 797 942 834 Homini
974 809 1060 833 non
1094 798 1148 832 ad
1186 802 1320 833 cetera
1356 797 1508 833 Punica
1527 795 1580 835 15

87 868 251 916 ingenia
269 868 417 904 callido
442 873 485 904 ut
507 868 717 916 persuasit,
743 873 865 904 nocte
884 869 986 904 clam
1004 880 1242 916 progressus
1261 869 1314 904 ad
1333 868 1508 904 hostium

89 938 298 983 stationes,
340 939 551 975 conventis
591 939 835 987 quibusdam
867 938 1122 975 auxiliaribus
1156 938 1350 987 Hispanis
1384 944 1424 974 et
1455 939 1507 974 ab

88 1007 149 1044 his
171 1009 226 1044 ad
248 1009 482 1058 Scipionem
514 1011 746 1058 perductus,
781 1010 879 1058 quid
912 1009 1084 1053 afferret,
1119 1009 1330 1058 expromit,
1365 1014 1405 1044 et
1427 1009 1507 1045 fide
1526 1007 1576 1048 16

88 1083 259 1127 accepta
291 1080 470 1127 dataque
503 1092 551 1116 ac
583 1080 675 1117 loco
709 1086 749 1117 et
780 1086 964 1129 tempore
998 1080 1219 1116 constituto
1253 1081 1307 1115 ad
1340 1080 1507 1116 obsides

88 1149 326 1194 tradendos,
361 1150 584 1199 Saguntum
626 1151 743 1188 redit.
806 1151 925 1187 Diem
964 1150 1247 1198 insequentem
1286 1150 1510 1198 absumpsit

88 1231 179 1255 cum
201 1218 372 1257 Bostare
395 1222 600 1259 mandatis
633 1222 687 1258 ad
712 1234 797 1258 rem
821 1223 1026 1270 agendam
1050 1221 1313 1270 accipiendis.
1362 1220 1508 1257 Dimis-
1526 1218 1576 1259 17

88 1301 168 1334 sus,
201 1302 324 1338 quum
350 1304 393 1328 se
416 1297 539 1329 nocte
556 1293 715 1337 iturum,
734 1297 777 1328 ut
794 1292 1003 1329 custodias
1021 1292 1198 1329 hostium
1216 1291 1382 1336 falleret,
1408 1303 1506 1328 con-

87 1360 292 1406 stituisset,
326 1363 380 1398 ad
403 1363 674 1412 compositam
699 1375 789 1400 cum
821 1363 868 1400 iis
896 1364 1038 1400 horam
1064 1362 1245 1399 excitatis
1269 1362 1507 1398 custodibus

87 1443 303 1480 puerorum
335 1433 555 1481 profectus,
588 1434 707 1470 veluti
740 1435 903 1483 ignarus
935 1434 976 1470 in
998 1438 1246 1482 praeparatas
1269 1445 1342 1469 sua
1365 1432 1507 1468 fraude

86 1502 256 1539 insidias
288 1503 411 1540 ducit.
459 1503 505 1540 In
529 1510 660 1541 castra
685 1506 872 1541 Romana
896 1504 1099 1553 perducti;
1134 1510 1269 1540 cetera
1293 1503 1431 1540 omnia
1455 1504 1508 1539 de
1526 1502 1577 1542 18

86 1573 311 1610 reddendis
335 1575 559 1619 obsidibus,
595 1576 695 1612 sicut
712 1587 802 1611 cum
820 1574 991 1612 Bostare
1009 1576 1271 1612 constitutum
1293 1579 1392 1617 erat,
1417 1579 1507 1610 acta

87 1656 158 1692 per
176 1645 352 1681 eundem
371 1645 570 1690 ordinem,
590 1658 671 1694 quo
690 1646 721 1682 si
741 1645 1135 1694 Carthaginiensium
1153 1645 1319 1681 nomine
1338 1644 1395 1680 sic
1412 1657 1507 1692 age-

86 1719 206 1750 retur.
269 1714 402 1751 Maior
439 1716 646 1764 aliquanto
680 1717 959 1752 Romanorum
991 1716 1120 1764 gratia
1154 1715 1226 1751 fuit
1257 1715 1298 1751 in
1331 1727 1372 1750 re
1405 1715 1503 1763 pari,
1524 1713 1575 1753 19

87 1797 209 1833 quam
252 1791 405 1833 quanta
451 1786 581 1823 futura
615 1786 1011 1835 Carthaginiensium
1056 1786 1197 1822 fuerat.
1261 1786 1355 1822 Illos
1399 1786 1506 1821 enim

85 1867 228 1904 graves
246 1857 516 1905 superbosque
532 1858 573 1894 in
591 1858 710 1894 rebus
729 1857 920 1893 secundis
939 1862 1127 1905 expertos
1151 1857 1313 1893 fortuna
1331 1862 1370 1892 et
1388 1856 1506 1892 timor

85 1926 291 1975 mitigasse
309 1926 434 1963 videri
458 1933 637 1976 poterat;
671 1929 881 1965 Romanus
905 1927 1034 1976 primo
1058 1928 1249 1972 adventu,
1274 1927 1506 1976 incognitus
1522 1925 1578 1966 20

85 2002 193 2042 ante,
228 1998 278 2033 ab
310 2009 353 2034 re
386 1998 572 2035 clementi
605 1999 838 2046 liberalique
870 1998 1026 2034 initium
1058 1998 1222 2042 fecerat,
1264 2003 1304 2034 et
1336 1998 1503 2042 Abelux,

85 2067 141 2103 vir
172 2069 365 2116 prudens,
399 2069 509 2105 haud
542 2070 685 2107 frustra
712 2070 923 2105 videbatur
956 2069 1091 2106 socios
1124 2075 1316 2105 mutasse.
1364 2068 1506 2116 Itaque
1521 2067 1572 2107 21

84 2138 238 2186 ingenti
271 2150 475 2176 consensu
506 2140 780 2177 defectionem
807 2152 950 2176 omnes
976 2145 1179 2188 spectare;
1214 2152 1406 2187 armaque
1440 2152 1505 2175 ex-

85 2210 237 2259 templo
262 2215 373 2246 mota
399 2210 544 2255 forent,
579 2211 619 2247 ni
643 2211 784 2255 hiems,
818 2223 907 2258 quae
925 2212 1136 2247 Romanos
1161 2222 1325 2259 quoque
1350 2216 1390 2246 et
1409 2209 1505 2246 Car-

85 2279 361 2328 thaginienses
394 2281 624 2317 concedere
656 2282 697 2317 in
730 2287 837 2318 tecta
869 2281 1016 2330 coegit,
1050 2281 1345 2317 intervenisset.

202 2349 301 2387 Haec
334 2351 374 2388 in
407 2351 606 2400 Hispania
640 2350 837 2403 [quoque]
872 2353 1053 2388 secunda
1087 2352 1381 2388 aestatePunici
1409 2351 1501 2387 belli
1563 2346 1625 2391 23

84 2426 212 2468 gesta,
232 2433 354 2469 quum
371 2422 412 2458 in
429 2421 543 2458 Italia
560 2423 722 2470 paulum
739 2423 933 2459 intervalli
952 2422 1135 2459 cladibus
1149 2421 1345 2458 Romanis
1364 2422 1503 2458 sollers

85 2492 290 2528 cunctatio
322 2492 435 2528 Fabii
469 2492 649 2537 fecisset;
683 2505 773 2541 quae
805 2499 848 2529 ut
879 2493 1152 2529 Hannibalem
1185 2504 1272 2528 non
1304 2491 1540 2531 mediocri2

85 2562 298 2598 sollicitum
315 2574 410 2599 cura
432 2563 622 2608 habebat,
654 2564 823 2600 tandem
846 2575 937 2599 eum
962 2563 1109 2599 militiae
1134 2563 1367 2611 magistrum
1392 2563 1503 2599 dele-

85 2631 192 2679 gisse
216 2632 426 2670 Romanos
459 2638 706 2678 cernentem,
740 2634 807 2681 qui
838 2634 986 2670 bellum
1019 2634 1189 2677 ratione,
1223 2648 1308 2672 non
1342 2634 1503 2670 fortuna
