1789 2955
596 117 700 147 Liber
727 117 834 147 xxv.
874 115 927 159 (A.
956 117 1019 147 Ch.
1046 115 1141 158 212.)
1485 118 1566 158 271

152 249 324 286 mirandi
349 249 579 285 Graecarum
605 249 747 285 artium
773 261 898 297 opera
922 249 1174 296 licentiaeque
1198 248 1313 284 huius
1338 260 1452 284 sacra
1477 260 1570 297 pro-

153 320 329 368 fanaque
363 320 499 355 omnia
527 319 646 367 vulgo
672 319 875 367 spoliandi
901 319 1049 355 factum
1075 323 1147 362 est,
1183 330 1271 366 quae
1296 323 1504 367 postremo
1530 319 1569 354 in

153 391 362 426 Romanos
388 390 504 433 deos,
539 389 731 437 templum
755 390 797 425 id
822 390 954 438 ipsum
978 389 1161 437 primum,
1191 389 1303 436 quod
1329 401 1351 423 a
1376 388 1568 424 Marcello

153 460 295 496 eximie
336 465 521 496 ornatum
562 464 635 504 est,
675 460 801 496 vertit.
881 459 1127 496 Visebantur
1171 458 1278 494 enim
1311 459 1362 494 ab
1396 456 1610 497 externis3

152 531 206 566 ad
238 535 397 579 portam
431 529 640 578 Capenam
675 530 867 566 dedicata
901 542 923 565 a
956 529 1012 565 M.
1040 529 1233 565 Marcello
1267 530 1416 577 templa
1449 541 1569 578 prop-

151 606 210 636 ter
252 600 489 637 excellentia
530 600 614 636 eius
653 600 814 648 generis
854 604 1107 643 ornamenta,
1149 611 1318 646 quorum
1352 599 1569 648 perexigua

151 683 243 719 pars
277 676 499 720 comparet.

268 741 518 789 Legationes
559 742 739 777 omnium
779 740 903 776 ferme
942 740 1159 776 civitatium
1199 740 1341 777 Siciliae
1381 740 1434 776 ad
1477 738 1610 778 eum4

151 812 463 848 conveniebant.
542 811 690 860 Dispar
729 817 772 846 ut
809 822 932 847 causa
964 822 1115 854 earum,
1156 811 1211 846 ita
1245 810 1435 847 condicio
1470 816 1567 846 erat.

151 881 230 927 Qui
263 887 357 917 ante
383 886 524 930 captas
549 882 768 930 Syracusas
793 886 861 917 aut
885 893 970 917 non
994 880 1250 917 desciverant
1273 886 1342 916 aut
1364 882 1569 917 redierant

149 952 189 988 in
222 952 452 996 amicitiam,
493 958 535 988 ut
573 953 671 989 socii
705 952 845 988 fideles
879 952 1034 999 accepti
1069 951 1262 998 cultique;
1304 964 1406 999 quos
1438 957 1568 988 metus

148 1027 242 1071 post
280 1028 421 1071 captas
460 1023 678 1071 Syracusas
720 1022 949 1066 dediderat,
999 1027 1041 1058 ut
1080 1022 1171 1058 victi
1212 1034 1235 1057 a
1275 1022 1424 1058 victore
1458 1022 1568 1070 leges

148 1098 406 1142 acceperunt.
476 1093 603 1129 Erant
640 1099 777 1129 tamen
817 1093 925 1128 haud
965 1104 1097 1140 parvae
1130 1092 1305 1140 reliquiae
1338 1092 1429 1128 belli
1463 1090 1609 1131 eirca5

149 1164 414 1212 Agrigentum
438 1164 647 1207 Romanis,
678 1164 885 1212 Epicydes
911 1168 950 1199 et
975 1162 1142 1206 Hanno,
1174 1163 1300 1198 duces
1325 1162 1466 1210 reliqui
1491 1163 1568 1211 pri-

149 1235 228 1271 oris
267 1234 373 1278 belli,
417 1239 457 1270 et
489 1234 626 1270 tertius
659 1246 788 1270 novus
821 1235 871 1270 ab
905 1233 1136 1270 Hannibale
1169 1234 1210 1269 in
1243 1233 1376 1269 locum
1410 1233 1568 1282 Hippo-

149 1305 266 1341 cratis
289 1304 447 1349 missus,
475 1304 813 1354 Libyphoenicum
835 1305 996 1353 generis
1014 1304 1331 1353 Hippacritanus
1350 1301 1567 1354 (Muttinen

147 1375 364 1423 populares
397 1375 627 1425 vocabant),
661 1376 717 1411 vir
748 1376 918 1424 impiger
951 1382 991 1411 et
1018 1375 1091 1411 sub
1117 1374 1348 1411 Hannibale
1372 1374 1565 1423 magistro

148 1457 290 1482 omnes
323 1445 415 1481 belli
448 1451 553 1482 artes
586 1447 771 1483 edoctu-s.
847 1445 952 1482 Huic
984 1446 1035 1482 ab
1069 1445 1253 1494 Epicyde
1286 1450 1325 1481 et
1358 1443 1606 1484 Hannoness

145 1514 332 1552 Numidae
365 1516 449 1552 dati
481 1517 705 1561 auxiliares,
739 1528 829 1553 cum
862 1516 1005 1565 quibus
1037 1516 1093 1552 ita
1125 1521 1367 1565 pervagatus
1400 1521 1462 1551 est
1493 1516 1566 1552 ho-

146 1586 263 1622 stium
297 1598 430 1635 agros,
464 1587 519 1623 ita
551 1587 686 1623 socios
720 1587 773 1623 ad
805 1587 1043 1623 retinendos
1070 1587 1111 1622 in
1135 1586 1216 1622 fide
1241 1587 1399 1622 animos
1425 1598 1565 1622 eorum

146 1655 318 1693 serendo
350 1657 389 1693 in
423 1662 606 1706 tempore
639 1657 783 1705 cuique
816 1657 1003 1693 auxilium
1036 1657 1147 1700 adiit,
1182 1662 1224 1692 ut
1249 1657 1357 1693 brevi
1381 1656 1603 1705 tempore7

145 1732 272 1762 totam
312 1727 487 1763 Siciliam
525 1728 709 1776 impleret
747 1728 924 1764 nominis
965 1728 1037 1772 sui,
1077 1739 1153 1763 nec
1194 1739 1288 1775 spes
1328 1726 1406 1763 alia
1437 1727 1565 1763 maior

145 1798 256 1845 apud
289 1797 471 1834 faventes
504 1798 623 1834 rebus
648 1797 1044 1847 Carthaginiensium
1074 1803 1194 1834 esset.
1257 1797 1397 1846 Itaque
1421 1797 1604 1837 inclusi8

146 1868 200 1903 ad
239 1868 283 1903 id
310 1873 469 1916 tempus
501 1869 702 1905 moenibus
734 1869 942 1918 Agrigenti
975 1870 1057 1905 dux
1088 1869 1237 1905 Poenus
1271 1869 1564 1917 Syracusanus—

146 1950 237 1986 que,
271 1950 355 1975 non
389 1939 559 1976 consilio
593 1939 774 1976 Muttinis
808 1952 928 1987 quam
962 1940 1110 1976 fiducia
1142 1940 1270 1988 magis
1305 1940 1390 1976 ausi
1424 1940 1564 1988 egredi

146 2015 256 2045 extra
288 2021 424 2046 muros
457 2010 511 2046 ad
544 2008 751 2046 Himeram
784 2023 945 2047 amnem
978 2016 1202 2059 posuerunt
1229 2015 1374 2047 castra.
1439 2009 1604 2057 Quod9

146 2080 212 2115 ubi
252 2080 448 2128 perlatum
491 2081 545 2116 ad
578 2080 813 2117 Marcellum
845 2086 918 2125 est,
959 2082 1162 2129 extemplo
1196 2082 1337 2129 copias
1370 2081 1495 2117 movit
1526 2085 1566 2116 et

146 2151 197 2186 ab
236 2150 353 2186 hoste
395 2155 584 2198 quattuor
623 2151 748 2187 ferme
786 2152 949 2187 millium
981 2152 1190 2188 intervallo
1224 2152 1425 2196 consedit,
1467 2152 1564 2199 quid

146 2226 314 2268 agerent
337 2226 589 2269 pararentve,
616 2227 932 2270 exspectaturus.
991 2223 1073 2259 Sed
1098 2223 1248 2259 nullum
1272 2234 1406 2270 neque
1431 2223 1563 2259 locum
1582 2220 1636 2261 10

145 2303 278 2339 neque
311 2297 469 2340 tempus
503 2292 750 2328 cunctationi
784 2293 1005 2330 consiliove
1039 2295 1154 2330 dedit
1186 2294 1392 2337 Muttines,
1436 2298 1563 2329 trans-

145 2373 306 2409 gressus
346 2374 507 2398 amnem
540 2374 587 2399 ac
621 2362 861 2399 stationibus
895 2363 1069 2400 hostium
1103 2377 1192 2401 cum
1225 2364 1380 2412 ingenti
1413 2368 1563 2399 terrore

146 2444 193 2469 ac
226 2433 393 2469 tumultu
425 2433 620 2469 invectus.
682 2433 852 2469 Postero
885 2433 952 2469 die
985 2447 1114 2483 prope
1147 2435 1252 2471 iusto
1285 2434 1427 2483 proelio
1454 2432 1631 2472 com-ll

145 2503 245 2550 pulit
275 2503 414 2540 hostes
438 2503 542 2539 intra
566 2503 829 2540 munimenta.
892 2503 994 2540 Inde
1017 2510 1231 2541 revocatus
1254 2505 1457 2540 seditione
1482 2503 1564 2540 Nu-

146 2572 344 2609 midarum
384 2574 424 2610 in
463 2574 602 2610 castris
636 2573 755 2618 sacta,
797 2586 918 2621 quum
951 2575 1119 2611 trecenti
1153 2574 1276 2610 ferme
1309 2585 1449 2609 eorum
1482 2572 1564 2609 He-

146 2643 320 2679 racleam
337 2643 519 2680 Minoam
545 2644 859 2689 concessissent,
889 2646 942 2680 ad
960 2644 1207 2692 mitigandos
1225 2644 1563 2691 revocandosque
