1789 2955
523 113 628 143 Liber
658 113 780 143 xxrv.
832 111 886 155 (A.
909 113 972 143 Ch.
991 112 1087 154 214.)
1434 113 1516 155 193

98 244 300 292 principes
324 243 535 292 regionum
559 244 665 280 urbis
684 244 890 292 dispositis
908 245 1152 292 adiungitur.
1199 245 1245 280 In
1263 244 1398 282 Insula
1415 246 1518 282 inter

100 318 234 350 cetera
256 314 552 351 Adranodorus
574 314 771 362 praesidiis
793 314 969 350 firmarat
990 315 1135 350 horrea
1157 315 1330 362 publica.
1384 315 1518 353 Locus
1536 312 1589 353 12

100 396 198 420 saxo
232 384 431 431 quadrato
465 389 612 432 saeptus
644 389 766 431 atque
799 384 900 420 arcis
932 385 974 420 in
995 385 1164 420 modum
1188 386 1388 422 emunitus
1411 387 1519 435 capi-

99 460 161 493 tur
193 455 244 490 ab
276 454 494 498 iuventute,
530 466 618 502 quae
650 454 840 503 praesidio
874 455 958 491 eius
984 455 1061 491 loci
1084 455 1274 491 attributa
1300 462 1397 501 erat,
1431 457 1520 493 mit-

101 530 269 573 tuntque
313 525 477 561 nuntios
515 525 555 560 in
600 525 887 569 Achradinam,
931 525 1076 561 horrea
1115 525 1439 574 frumentumque
1479 528 1519 563 in

100 601 266 632 senatus
297 600 500 644 potestate
533 607 637 631 esse.

218 665 328 702 Luce
371 665 499 714 prima
539 667 712 714 populus
755 666 899 710 omnis,
949 671 1125 702 armatus
1170 666 1427 715 inermisque,
1476 668 1517 704 in
1581 661 1642 704 22

100 736 376 773 Achradinam
415 737 470 772 ad
503 736 651 772 curiam
685 737 887 773 convenit.
962 736 1019 771 Ibi
1053 748 1126 784 pro
1161 735 1405 774 Concordiae
1437 750 1519 782 ara,

102 818 192 854 quae
219 806 260 842 in
290 818 340 842 eo
372 806 447 843 sita
476 807 568 843 loco
600 812 697 851 erat,
729 819 777 843 ex
806 807 1053 855 principibus
1083 818 1186 843 unus
1215 809 1381 844 nomine
1404 808 1522 856 Poly-

103 889 213 914 aenus
246 877 481 914 contionem
506 883 546 913 et
568 878 733 913 liberam
761 882 801 914 et
821 879 1077 914 moderatam
1100 877 1251 914 habuit.
1315 879 1520 915 Servitutis
1538 874 1563 914 *2

90 946 342 997 formidines
368 947 713 995 indignitatesque
744 948 928 984 homines
952 953 1141 996 expertos
1164 949 1357 985 adversus
1381 955 1522 985 notum

101 1018 251 1054 malum
282 1018 455 1055 irritatos
488 1031 578 1055 esse
589 1030 598 1062 ;
632 1019 839 1054 discordia
873 1018 994 1054 civilis
1028 1030 1127 1066 quas
1157 1018 1347 1066 importet
1369 1019 1520 1062 clades,

102 1088 265 1125 audisse
302 1089 431 1137 magis
469 1102 493 1124 a
531 1089 710 1137 patribus
743 1089 1020 1137 Syracusanos
1060 1101 1182 1136 quam
1214 1089 1326 1137 ipsos
1358 1089 1520 1125 vidisse.

102 1160 224 1195 Arma
256 1160 368 1207 quod
395 1159 564 1208 impigre
587 1159 780 1207 ceperint,
814 1160 1001 1203 laudare;
1036 1159 1164 1207 magis
1187 1160 1456 1201 laudaturum,
1492 1155 1564 1196 siss

102 1241 187 1265 non
219 1234 380 1265 utantur
412 1229 487 1266 nisi
520 1230 657 1265 ultima
689 1230 932 1266 necessitate
955 1230 1099 1266 coacti.
1162 1230 1208 1265 In
1231 1230 1446 1278 praesentia
1469 1226 1565 1266 le-4

102 1305 222 1348 gatos
254 1301 309 1335 ad
332 1300 648 1336 Adranodorum
681 1301 782 1336 mitti
814 1301 988 1349 placere,
1024 1300 1089 1348 qui
1123 1300 1378 1344 denuntient,
1413 1306 1455 1336 ut
1484 1301 1525 1337 in

103 1375 307 1418 potestate
336 1376 500 1407 senatus
530 1383 577 1407 ac
600 1371 739 1419 populi
762 1371 823 1415 sit,
848 1376 986 1419 portas
1007 1370 1152 1407 Insulae
1176 1370 1343 1418 aperiat,
1378 1372 1525 1407 reddat

102 1440 346 1489 praesidium.
402 1440 442 1476 Si
464 1441 629 1476 tutelam
652 1441 772 1477 alieni
794 1441 908 1489 regni
932 1453 1047 1477 suum
1068 1453 1237 1489 regnum
1260 1441 1354 1477 velit
1376 1441 1523 1486 facere,
1540 1437 1566 1477 5

104 1512 280 1547 eundern
314 1523 358 1547 se
390 1522 570 1554 censere,
604 1511 730 1546 multo
763 1511 893 1548 acrius
926 1512 977 1547 ab
1008 1512 1284 1548 Adranodoro
1319 1523 1440 1559 quam
1473 1512 1524 1548 ab

104 1580 356 1630 Hieronymo
389 1575 515 1629 repeti
548 1581 787 1617 libertatem.
852 1582 913 1617 Ab
947 1582 1023 1617 hac
1052 1582 1246 1617 contione
1269 1582 1391 1630 legati
1414 1580 1565 1619 missili

104 1657 209 1688 sunt.
273 1652 445 1688 Senatus
477 1651 574 1687 inde
607 1652 745 1687 haberi
779 1658 935 1700 coeptus
958 1657 1031 1695 est,
1066 1652 1179 1699 quod
1202 1652 1304 1688 sicut
1325 1658 1524 1701 regnante

105 1721 286 1758 Hierone
319 1727 523 1758 manserat
554 1722 757 1770 publicum
791 1722 1015 1766 consilium,
1049 1722 1103 1758 ita
1129 1727 1222 1770 post
1245 1728 1416 1759 mortem
1439 1723 1524 1759 eius

104 1798 199 1828 ante
231 1804 322 1828 eam
355 1793 463 1829 diem
498 1793 604 1829 nulla
637 1793 689 1828 de
722 1804 764 1828 re
796 1804 930 1840 neque
959 1793 1172 1829 convocati
1195 1805 1329 1840 neque
1352 1793 1525 1829 consulti

106 1862 276 1899 fuerant.
340 1862 396 1899 Ut
433 1868 595 1899 ventum
634 1863 688 1898 ad
721 1863 1038 1898 Adranodorum
1082 1868 1156 1907 est,
1197 1864 1327 1912 ipsum
1361 1860 1564 1911 quidem'l'

105 1934 295 1970 movebat
326 1939 367 1970 et
398 1933 539 1970 civium
573 1944 797 1969 consensus
830 1939 871 1968 et
902 1945 1024 1981 quum
1057 1933 1144 1969 aliae
1177 1939 1387 1982 occupatae
1419 1935 1526 1970 urbis

105 2009 254 2054 partes,
289 2009 371 2040 tum
403 2016 496 2052 pars
527 2003 673 2040 Insulae
705 2004 765 2040 vel
797 2004 1064 2040 munitissima
1096 2004 1259 2052 prodita
1288 2010 1409 2052 atque
1432 2005 1526 2040 alie-

105 2079 221 2118 nata;
266 2075 340 2110 sed
379 2079 592 2110 evocatum
630 2086 721 2110 eum
761 2075 811 2110 ab
851 2074 993 2123 legatis
1026 2074 1248 2110 Damarata
1292 2087 1402 2119 uxor,
1448 2072 1566 2112 filiaS

106 2143 311 2189 Hieronis,
341 2144 480 2180 inflata
510 2145 643 2180 adhuc
673 2144 792 2192 regiis
825 2145 969 2181 animis
992 2156 1039 2181 ac
1062 2145 1243 2181 muliebri
1267 2145 1418 2194 spiritu,
1455 2146 1527 2181 ad-

107 2219 247 2250 monet
286 2226 393 2262 saepe
433 2220 633 2263 usurpatae
666 2214 851 2263 Dionysii
885 2215 1043 2263 tyranni
1076 2215 1199 2259 vocis,
1241 2228 1321 2263 qua
1352 2213 1567 2264 pedibus9

106 2289 289 2328 tractum,
322 2296 408 2320 non
439 2285 685 2321 insidentem
718 2297 824 2332 equo
854 2286 1078 2334 relinquere
1100 2286 1358 2334 tyrannidem
1382 2286 1526 2321 dixerit

108 2355 278 2392 debere:
303 2354 419 2391 facile
438 2367 527 2391 esse
540 2361 764 2400 momento,
784 2368 864 2403 quo
879 2357 966 2404 quis
978 2357 1083 2401 velit,
1103 2357 1251 2393 cedere
1263 2356 1526 2404 possessione

109 2437 267 2474 magnae
301 2425 490 2469 sortunae;
525 2425 658 2462 facere
687 2431 727 2462 et
748 2439 890 2474 parare
914 2439 1003 2463 eam
1027 2427 1190 2464 difficile
1214 2432 1334 2474 atque
1357 2427 1526 2461 arduum

109 2507 213 2532 esse.
276 2496 456 2544 Spatium
483 2501 658 2532 sumeret
679 2498 733 2532 ad
757 2498 1071 2534 consultandum
1099 2498 1150 2533 ab
1173 2497 1334 2545 legatis;
1369 2508 1419 2532 eo
1444 2494 1599 2534 ute-10

108 2571 214 2601 retur
235 2566 290 2601 ad
312 2567 583 2603 arcessendos
607 2579 655 2603 ex
676 2567 888 2603 Leontinis
912 2568 1069 2611 milites,
1094 2567 1238 2615 quibus
1262 2566 1293 2601 si
1311 2566 1529 2614 pecuniam

110 2636 263 2684 regiam
285 2637 483 2685 pollicitus
505 2642 625 2680 esset,
660 2638 797 2673 omnia
820 2638 859 2673 in
884 2643 1088 2685 potestate
1111 2637 1196 2672 eius
1220 2636 1363 2672 sutura.
1428 2635 1526 2673 Haec
1545 2634 1594 2674 11

182 2701 281 2727 Livius
303 2710 337 2727 ex
359 2710 415 2728 rec.
436 2701 588 2735 Madvigii.
628 2701 676 2726 ΙΙΙ.
1202 2703 1245 2736 13
