1789 2955
507 84 622 119 Liber
647 83 793 119 XXVI.
844 85 906 128 (A.
933 83 998 119 Oh.
1024 85 1120 128 211.)
1481 88 1533 126 25

99 212 224 250 citum
262 211 478 249 successori
509 211 728 257 iussissent,
760 211 866 260 quod
905 211 986 249 nisi
1027 214 1211 248 manente
1253 211 1294 248 in
1325 211 1535 260 provincia

100 283 208 321 bello
232 296 312 320 non
336 283 628 330 decerneretur,
655 296 742 320 eum
766 282 880 331 quasi
907 282 1107 320 debellato
1130 283 1390 332 triumphare,
1412 296 1533 332 quum

99 355 295 392 exercitus
318 355 430 392 testis
454 354 588 392 meriti
612 357 732 403 atque
750 354 940 391 immeriti
956 355 1152 403 triumphi
1171 354 1336 401 abesset,
1360 355 1533 391 medium

96 426 236 474 visum,
266 429 311 463 ut
342 440 463 464 ovans
494 427 632 463 urbem
666 426 797 462 iniret.
857 425 1031 463 Tribuni
1063 426 1194 475 plebis
1221 439 1269 462 ex
1296 427 1534 463 auctoritate
1553 429 1574 465 5

96 501 256 535 senatus
287 497 338 535 ad
369 498 562 547 populum
592 498 784 545 tulerunt,
816 502 859 534 ut
889 497 943 535 M.
962 497 1169 543 Marcello,
1201 510 1278 546 quo
1303 497 1368 535 die
1394 498 1533 535 urbem

96 581 218 606 ovans
249 569 380 616 iniret,
416 569 629 618 imperium
662 572 776 607 esset.
837 569 978 606 Pridie
1012 583 1129 618 quam
1161 570 1297 606 urbem
1329 570 1460 616 iniret,
1493 570 1574 607 inss

96 643 227 678 monte
252 639 414 678 Albano
438 641 720 691 triumphavit3
748 641 841 678 inde
865 654 987 678 ovans
1012 642 1178 678 multam
1202 654 1283 691 prae
1301 655 1341 678 se
1358 641 1533 691 praedam

95 712 136 749 in
161 712 302 749 urbem
326 712 477 750 intulit.
520 712 618 749 Cum
645 713 858 750 simulacro
883 716 1089 762 captarum
1114 712 1402 760 Syracusarum
1426 717 1531 751 cata·
1550 715 1571 749 7

93 784 216 833 pultae
240 784 491 833 ballistaeque
517 787 556 821 et
584 784 664 821 alia
689 785 821 822 omnia
846 785 1113 821 instrumenta
1136 784 1232 821 belli
1258 785 1340 822 lata
1358 785 1531 834 etpacis

95 855 294 892 diuturnae
311 856 511 905 regiaeque
529 856 745 905 opulentiae
764 859 1006 902 ornamenta,
1032 856 1189 904 argenti
1214 857 1382 905 aerisque
1399 856 1529 894 fabre·
1549 857 1574 894 8

91 926 190 964 facti
232 928 303 973 vis,
352 928 429 964 alia
470 928 649 977 supellex
689 928 946 977 pretiosaque
985 928 1107 965 vestis
1150 931 1188 964 et
1219 929 1346 965 multa
1376 929 1531 965 nobilia

91 999 217 1047 signa,
263 999 409 1048 quibus
452 999 557 1036 inter
598 1000 748 1048 primas
781 999 947 1037 Graeciae
988 999 1107 1037 urbes
1140 999 1346 1048 Syracusae
1379 1003 1529 1038 ornatae

90 1071 259 1110 fuerant.
321 1070 485 1108 Punicae
510 1085 666 1120 quoque
690 1071 871 1109 victoriae
897 1071 1056 1121 signum
1082 1074 1170 1108 octo
1190 1072 1300 1109 ducti
1318 1072 1530 1122 elephanti,
1548 1074 1570 1108 9

90 1145 131 1179 et
156 1155 234 1179 non
256 1142 461 1180 minimum
486 1144 594 1180 fuere
621 1144 890 1193 spectaculum
915 1157 1004 1180 cum
1032 1143 1188 1180 coronis
1220 1144 1351 1181 aureis
1382 1157 1528 1193 praece-

90 1213 228 1251 dentes
255 1213 366 1251 Sosis
393 1213 666 1263 Syracusanus
691 1218 730 1252 et
753 1214 943 1252 Moericus
960 1214 1178 1264 Hispanus,
1206 1229 1375 1264 quorum
1402 1216 1529 1253 altero
1550 1216 1601 1252 10

89 1285 190 1323 duce
214 1288 410 1323 nocturno
438 1284 654 1334 Syracusas
681 1286 889 1324 introitum
916 1289 1011 1333 erat,
1035 1287 1138 1323 alter
1155 1287 1316 1333 Nasum,
1341 1287 1528 1336 quodque

90 1357 150 1394 ibi
187 1358 366 1407 praesidii
404 1361 500 1406 erat,
545 1358 791 1408 prodiderat.
851 1358 930 1394 His
969 1358 1161 1395 ambobus
1194 1359 1333 1396 civitas
1366 1359 1458 1396 data
1491 1361 1530 1395 et
1549 1359 1596 1397 11

88 1429 291 1478 quingena
329 1429 471 1479 iugera
511 1430 612 1478 agri,
659 1429 794 1467 Sosidi
835 1430 878 1466 in
919 1443 1016 1478 agro
1049 1429 1311 1478 Syracusano,
1359 1431 1429 1480 qui
1460 1434 1529 1468 aut

88 1500 224 1548 regius
255 1505 324 1538 aut
353 1502 526 1539 hostium
557 1502 698 1550 populi
715 1501 890 1539 Romani
922 1501 1075 1550 fuisset,
1109 1505 1149 1538 et
1180 1501 1284 1540 aedes
1305 1501 1525 1550 Syracusis,

90 1572 202 1609 cuius
243 1572 368 1609 vellet
409 1586 558 1620 eorum,
604 1573 643 1610 in
684 1586 782 1622 quos
814 1573 912 1609 belli
944 1573 1029 1610 iure
1062 1574 1383 1612 animadversum
1415 1577 1527 1621 esset,

88 1643 255 1681 Moerico
287 1644 572 1694 Hispanisque,
604 1645 674 1694 qui
706 1658 793 1681 cum
834 1658 878 1682 eo
918 1645 1173 1691 transierant,
1219 1645 1316 1682 urbs
1353 1658 1527 1695 agerque
1548 1645 1597 1681 12

89 1715 130 1752 in
149 1714 291 1753 Sicilia
315 1729 363 1753 ex
387 1717 448 1763 iis,
480 1717 549 1765 qui
575 1731 598 1753 a
624 1717 773 1766 populo
792 1716 975 1753 Romano
1008 1716 1257 1763 defecissent,
1288 1717 1395 1754 iussa
1426 1717 1526 1754 dari.

87 1786 139 1824 Id
162 1787 217 1824 M.
243 1787 430 1825 Cornelio
455 1788 696 1834 mandatum,
719 1791 776 1833 ut,
804 1787 874 1824 ubi
904 1788 937 1824 ei
964 1788 1182 1835 videretur,
1208 1788 1346 1825 urbem
1371 1802 1526 1837 agrum·
1548 1788 1598 1826 13

88 1872 165 1908 que
190 1859 246 1897 eis
270 1860 506 1908 assignaret.
551 1859 600 1896 In
632 1859 772 1897 eodem
804 1874 901 1908 agro
919 1859 1135 1909 Belligeni,
1167 1874 1237 1909 per
1269 1873 1384 1908 quem
1415 1860 1525 1897 illec-

85 1933 150 1967 tus
183 1930 234 1967 ad
264 1931 544 1969 transitionem
575 1931 767 1968 Moericus
799 1934 896 1978 erat,
944 1933 1238 1981 quadringenta
1268 1932 1407 1980 iugera
1438 1932 1525 1980 agri

87 2001 256 2039 decreta.

200 2073 301 2111 Post
329 2074 614 2123 profectionem
647 2088 695 2112 ex
721 2074 863 2112 Sicilia
880 2075 1067 2113 Marcelli
1085 2075 1240 2113 Punica
1265 2075 1405 2113 classis
1433 2079 1522 2113 octo
1544 2075 1596 2112 14

86 2145 216 2182 millia
247 2145 439 2195 peditum,
484 2147 563 2184 tria
593 2146 859 2185 Numidarum
892 2148 1070 2196 equitum
1102 2148 1296 2197 exposuit.
1356 2147 1426 2185 Ad
1458 2161 1523 2185 eos

85 2216 319 2265 Murgentia
350 2220 389 2254 et
419 2218 630 2266 Ergetium
660 2220 783 2256 urbes
815 2219 1009 2265 defecere.
1070 2218 1225 2257 Secutae
1261 2219 1524 2256 defectionem

86 2301 222 2326 earum
262 2289 399 2338 Hybla
441 2292 480 2326 et
519 2289 692 2327 Macella
734 2293 772 2327 et
810 2290 1072 2339 ignobiliores
1112 2291 1291 2341 quaedam
1331 2291 1438 2336 aliae;
1486 2293 1525 2327 et
1544 2289 1595 2327 15

85 2359 272 2399 Numidae
302 2361 491 2410 praefecto
522 2362 697 2398 Muttine
727 2362 822 2410 vagi
852 2375 923 2411 per
952 2365 1077 2400 totam
1109 2361 1287 2400 Siciliam
1327 2362 1523 2399 sociorum

85 2432 228 2481 populi
250 2431 424 2470 Romani
451 2446 568 2482 agros
594 2433 773 2470 urebant.
834 2432 964 2483 Super
990 2434 1072 2470 haec
1100 2434 1302 2471 exercitus
1318 2434 1521 2471 Romanus
1541 2434 1593 2472 16

85 2502 225 2553 iratus,
258 2505 404 2553 partim
435 2505 542 2554 quod
575 2518 661 2542 curn
693 2506 936 2554 imperatore
967 2518 1047 2542 non
1075 2506 1263 2544 devectus
1290 2519 1336 2542 ex
1360 2505 1521 2556 provin-

87 2574 149 2612 cia
173 2577 287 2622 esset,
319 2576 467 2624 partim
493 2576 600 2626 quod
627 2577 667 2613 in
693 2577 856 2626 oppidis
880 2577 1091 2614 hibernare
1115 2578 1230 2615 vetiti
1253 2580 1378 2624 erant,
1409 2577 1521 2626 segni

86 2645 359 2695 fungebantur
389 2647 545 2695 militia,
569 2648 773 2698 magisque
800 2649 856 2686 eis
887 2652 1027 2685 auctor
1057 2649 1106 2685 ad
1138 2649 1376 2686 seditionem
1402 2662 1521 2698 quam
