<?xml version="1.0" encoding="UTF-8"?>
<!DOCTYPE html PUBLIC "-//W3C//DTD XHTML 1.0 Transitional//EN"
    "http://www.w3.org/TR/xhtml1/DTD/xhtml1-transitional.dtd">
<html xmlns="http://www.w3.org/1999/xhtml" xml:lang="en" lang="en">
 <head>
  <title>
</title>
<meta http-equiv="Content-Type" content="text/html;charset=utf-8" />
  <meta name='ocr-system' content='tesseract 3.04.00' />
  <meta name='ocr-capabilities' content='ocr_page ocr_carea ocr_par ocr_line ocrx_word'/>
</head>
<body>
  <div class='ocr_page' id='page_1' title='image "./historiarumroman02livyuoft_0059.png"; bbox 0 0 1768 2943; ppageno 0'>
   <div class='ocr_carea' id='block_1_1' title="bbox 548 120 1525 166">
    <p class='ocr_par' dir='ltr' id='par_1_1' title="bbox 548 120 1525 166">
     <span class='ocr_line' id='line_1_1' title="bbox 548 120 1525 166; baseline 0.015 -15"><span class='ocrx_word' id='word_1_1' title='bbox 548 121 653 151; x_wconf 72' lang='lat' dir='ltr'>Liber</span> <span class='ocrx_word' id='word_1_2' title='bbox 678 121 770 152; x_wconf 82' lang='lat' dir='ltr'>XXI.</span> <span class='ocrx_word' id='word_1_3' title='bbox 821 120 876 162; x_wconf 88' lang='lat' dir='ltr'>(A.</span> <span class='ocrx_word' id='word_1_4' title='bbox 906 122 969 152; x_wconf 68' lang='lat' dir='ltr'>oh.</span> <span class='ocrx_word' id='word_1_5' title='bbox 996 121 1092 164; x_wconf 73' lang='lat'>218.)</span> <span class='ocrx_word' id='word_1_6' title='bbox 1474 126 1525 166; x_wconf 74' lang='grc'>19</span> 
     </span>
    </p>
   </div>
   <div class='ocr_carea' id='block_1_2' title="bbox 97 251 1649 2640">
    <p class='ocr_par' dir='ltr' id='par_1_2' title="bbox 104 251 1527 583">
     <span class='ocr_line' id='line_1_2' title="bbox 107 251 1527 304; baseline 0.001 -13"><span class='ocrx_word' id='word_1_7' title='bbox 107 254 212 303; x_wconf 89' lang='lat' dir='ltr'>quia,</span> <span class='ocrx_word' id='word_1_8' title='bbox 261 264 341 301; x_wconf 92' lang='lat' dir='ltr'>qua</span> <span class='ocrx_word' id='word_1_9' title='bbox 382 256 497 301; x_wconf 88' lang='lat' dir='ltr'>parte</span> <span class='ocrx_word' id='word_1_10' title='bbox 539 251 631 288; x_wconf 89' lang='lat' dir='ltr'>belli</span> <span class='ocrx_word' id='word_1_11' title='bbox 673 252 864 296; x_wconf 89' lang='lat' dir='ltr'>vicerant,</span> <span class='ocrx_word' id='word_1_12' title='bbox 909 265 958 289; x_wconf 93' lang='lat' dir='ltr'>ea</span> <span class='ocrx_word' id='word_1_13' title='bbox 1000 258 1084 289; x_wconf 89' lang='lat' dir='ltr'>tum</span> <span class='ocrx_word' id='word_1_14' title='bbox 1127 266 1289 302; x_wconf 91' lang='lat' dir='ltr'>quoque</span> <span class='ocrx_word' id='word_1_15' title='bbox 1332 267 1416 291; x_wconf 86' lang='lat' dir='ltr'>rem</span> <span class='ocrx_word' id='word_1_16' title='bbox 1457 269 1527 304; x_wconf 88' lang='lat' dir='ltr'>ge-</span> 
     </span>
     <span class='ocr_line' id='line_1_3' title="bbox 107 322 1525 373; baseline 0.001 -12"><span class='ocrx_word' id='word_1_17' title='bbox 107 331 237 361; x_wconf 90' lang='lat' dir='ltr'>sturos</span> <span class='ocrx_word' id='word_1_18' title='bbox 269 323 480 360; x_wconf 89' lang='lat' dir='ltr'>Romanos</span> <span class='ocrx_word' id='word_1_19' title='bbox 522 322 632 359; x_wconf 90' lang='lat' dir='ltr'>credi</span> <span class='ocrx_word' id='word_1_20' title='bbox 665 328 838 371; x_wconf 88' lang='lat' dir='ltr'>poterat,</span> <span class='ocrx_word' id='word_1_21' title='bbox 872 323 1167 372; x_wconf 89' lang='lat' dir='ltr'>quinquaginta</span> <span class='ocrx_word' id='word_1_22' title='bbox 1200 325 1525 373; x_wconf 80' lang='lat' dir='ltr'><strong>quinqueremes,</strong></span> 
     </span>
     <span class='ocr_line' id='line_1_4' title="bbox 107 393 1526 445; baseline 0.001 -14"><span class='ocrx_word' id='word_1_23' title='bbox 107 394 382 442; x_wconf 81' lang='lat' dir='ltr'>quadriremes</span> <span class='ocrx_word' id='word_1_24' title='bbox 415 394 518 438; x_wconf 88' lang='lat' dir='ltr'>duae,</span> <span class='ocrx_word' id='word_1_25' title='bbox 553 394 733 429; x_wconf 77' lang='lat' dir='ltr'>triremes</span> <span class='ocrx_word' id='word_1_26' title='bbox 766 393 963 441; x_wconf 89' lang='lat' dir='ltr'>quinque;</span> <span class='ocrx_word' id='word_1_27' title='bbox 999 395 1073 430; x_wconf 89' lang='lat' dir='ltr'>sed</span> <span class='ocrx_word' id='word_1_28' title='bbox 1105 400 1210 443; x_wconf 89' lang='lat' dir='ltr'>aptae</span> <span class='ocrx_word' id='word_1_29' title='bbox 1242 395 1526 445; x_wconf 79' lang='lat' dir='ltr'>instructaeque</span> 
     </span>
     <span class='ocr_line' id='line_1_5' title="bbox 105 463 1526 513; baseline 0.001 -12"><span class='ocrx_word' id='word_1_30' title='bbox 105 464 272 513; x_wconf 89' lang='lat' dir='ltr'>remigio</span> <span class='ocrx_word' id='word_1_31' title='bbox 320 463 482 512; x_wconf 88' lang='lat' dir='ltr'>triginta</span> <span class='ocrx_word' id='word_1_32' title='bbox 529 468 570 499; x_wconf 84' lang='lat' dir='ltr'>et</span> <span class='ocrx_word' id='word_1_33' title='bbox 616 464 707 500; x_wconf 88' lang='lat' dir='ltr'>duae</span> <span class='ocrx_word' id='word_1_34' title='bbox 751 464 1063 512; x_wconf 82' lang='lat' dir='ltr'>quinqueremes</span> <span class='ocrx_word' id='word_1_35' title='bbox 1107 471 1222 502; x_wconf 87' lang='lat' dir='ltr'>erant</span> <span class='ocrx_word' id='word_1_36' title='bbox 1265 471 1303 502; x_wconf 89' lang='lat' dir='ltr'>et</span> <span class='ocrx_word' id='word_1_37' title='bbox 1347 467 1526 504; x_wconf 87' lang='lat' dir='ltr'>triremes</span> 
     </span>
     <span class='ocr_line' id='line_1_6' title="bbox 104 535 294 583; baseline 0 -12"><span class='ocrx_word' id='word_1_38' title='bbox 104 535 294 583; x_wconf 87' lang='lat' dir='ltr'>quinque.</span> 
     </span>
    </p>

    <p class='ocr_par' dir='ltr' id='par_1_3' title="bbox 98 604 1568 1576">
     <span class='ocr_line' id='line_1_7' title="bbox 220 604 1568 654; baseline 0.003 -13"><span class='ocrx_word' id='word_1_39' title='bbox 220 606 283 642; x_wconf 91' lang='lat' dir='ltr'>Ab</span> <span class='ocrx_word' id='word_1_40' title='bbox 316 604 502 642; x_wconf 86' lang='lat' dir='ltr'>Gadibus</span> <span class='ocrx_word' id='word_1_41' title='bbox 535 604 825 654; x_wconf 83' lang='lat' dir='ltr'>Carthaginem</span> <span class='ocrx_word' id='word_1_42' title='bbox 867 607 921 642; x_wconf 88' lang='lat' dir='ltr'>ad</span> <span class='ocrx_word' id='word_1_43' title='bbox 954 606 1123 643; x_wconf 91' lang='lat' dir='ltr'>hiberna</span> <span class='ocrx_word' id='word_1_44' title='bbox 1157 608 1353 645; x_wconf 88' lang='lat' dir='ltr'>exercitus</span> <span class='ocrx_word' id='word_1_45' title='bbox 1386 608 1568 652; x_wconf 77' lang='lat' dir='ltr'>rediit;5</span> 
     </span>
     <span class='ocr_line' id='line_1_8' title="bbox 104 675 1525 725; baseline 0.002 -12"><span class='ocrx_word' id='word_1_46' title='bbox 104 683 224 725; x_wconf 85' lang='lat' dir='ltr'>atque</span> <span class='ocrx_word' id='word_1_47' title='bbox 266 677 364 713; x_wconf 92' lang='lat' dir='ltr'>inde</span> <span class='ocrx_word' id='word_1_48' title='bbox 406 675 611 724; x_wconf 89' lang='lat' dir='ltr'>profectus</span> <span class='ocrx_word' id='word_1_49' title='bbox 651 682 794 725; x_wconf 83' lang='lat' dir='ltr'>praeter</span> <span class='ocrx_word' id='word_1_50' title='bbox 834 675 1017 714; x_wconf 84' lang='lat' dir='ltr'>Onusam</span> <span class='ocrx_word' id='word_1_51' title='bbox 1057 679 1197 714; x_wconf 90' lang='lat' dir='ltr'>urbem</span> <span class='ocrx_word' id='word_1_52' title='bbox 1236 681 1291 716; x_wconf 87' lang='lat' dir='ltr'>ad</span> <span class='ocrx_word' id='word_1_53' title='bbox 1331 679 1525 716; x_wconf 90' lang='lat' dir='ltr'>Hiberum</span> 
     </span>
     <span class='ocr_line' id='line_1_9' title="bbox 102 747 1565 796; baseline 0.001 -11"><span class='ocrx_word' id='word_1_54' title='bbox 102 748 300 785; x_wconf 87' lang='lat' dir='ltr'>maritima</span> <span class='ocrx_word' id='word_1_55' title='bbox 324 759 396 784; x_wconf 89' lang='lat' dir='ltr'>ora</span> <span class='ocrx_word' id='word_1_56' title='bbox 421 747 544 784; x_wconf 88' lang='lat' dir='ltr'>ducit.</span> <span class='ocrx_word' id='word_1_57' title='bbox 589 747 648 782; x_wconf 93' lang='lat' dir='ltr'>Ibi</span> <span class='ocrx_word' id='word_1_58' title='bbox 673 747 782 783; x_wconf 84' lang='lat' dir='ltr'>sama</span> <span class='ocrx_word' id='word_1_59' title='bbox 805 752 866 784; x_wconf 91' lang='lat' dir='ltr'>est</span> <span class='ocrx_word' id='word_1_60' title='bbox 889 748 930 784; x_wconf 90' lang='lat' dir='ltr'>in</span> <span class='ocrx_word' id='word_1_61' title='bbox 955 749 1089 796; x_wconf 88' lang='lat' dir='ltr'>quiete</span> <span class='ocrx_word' id='word_1_62' title='bbox 1115 750 1241 786; x_wconf 90' lang='lat' dir='ltr'>visum</span> <span class='ocrx_word' id='word_1_63' title='bbox 1265 752 1317 787; x_wconf 93' lang='lat' dir='ltr'>ab</span> <span class='ocrx_word' id='word_1_64' title='bbox 1343 763 1393 787; x_wconf 91' lang='lat' dir='ltr'>eo</span> <span class='ocrx_word' id='word_1_65' title='bbox 1418 752 1526 788; x_wconf 89' lang='lat' dir='ltr'>iuve-</span> <span class='ocrx_word' id='word_1_66' title='bbox 1541 749 1565 789; x_wconf 75' lang='lat'>(3</span> 
     </span>
     <span class='ocr_line' id='line_1_10' title="bbox 102 817 1525 867; baseline 0.001 -11"><span class='ocrx_word' id='word_1_67' title='bbox 102 831 194 856; x_wconf 91' lang='lat' dir='ltr'>nem</span> <span class='ocrx_word' id='word_1_68' title='bbox 223 818 361 855; x_wconf 89' lang='lat' dir='ltr'>divina</span> <span class='ocrx_word' id='word_1_69' title='bbox 389 817 539 867; x_wconf 89' lang='lat' dir='ltr'>specie,</span> <span class='ocrx_word' id='word_1_70' title='bbox 573 818 639 865; x_wconf 87' lang='lat' dir='ltr'>qui</span> <span class='ocrx_word' id='word_1_71' title='bbox 670 830 713 854; x_wconf 90' lang='lat' dir='ltr'>se</span> <span class='ocrx_word' id='word_1_72' title='bbox 743 819 795 854; x_wconf 88' lang='lat' dir='ltr'>ab</span> <span class='ocrx_word' id='word_1_73' title='bbox 822 818 918 855; x_wconf 90' lang='lat' dir='ltr'>Iove</span> <span class='ocrx_word' id='word_1_74' title='bbox 947 820 1101 856; x_wconf 89' lang='lat' dir='ltr'>diceret</span> <span class='ocrx_word' id='word_1_75' title='bbox 1128 821 1275 857; x_wconf 89' lang='lat' dir='ltr'>ducem</span> <span class='ocrx_word' id='word_1_76' title='bbox 1302 822 1343 857; x_wconf 92' lang='lat' dir='ltr'>in</span> <span class='ocrx_word' id='word_1_77' title='bbox 1369 822 1525 858; x_wconf 86' lang='lat' dir='ltr'>Italiam</span> 
     </span>
     <span class='ocr_line' id='line_1_11' title="bbox 103 889 1525 939; baseline 0.002 -13"><span class='ocrx_word' id='word_1_78' title='bbox 103 889 321 926; x_wconf 81' lang='lat' dir='ltr'>Hannibali</span> <span class='ocrx_word' id='word_1_79' title='bbox 352 889 538 932; x_wconf 87' lang='lat' dir='ltr'>missum;</span> <span class='ocrx_word' id='word_1_80' title='bbox 582 889 756 938; x_wconf 90' lang='lat' dir='ltr'>proinde</span> <span class='ocrx_word' id='word_1_81' title='bbox 790 896 1024 938; x_wconf 82' lang='lat' dir='ltr'>sequeretur</span> <span class='ocrx_word' id='word_1_82' title='bbox 1056 903 1190 938; x_wconf 89' lang='lat' dir='ltr'>neque</span> <span class='ocrx_word' id='word_1_83' title='bbox 1222 903 1393 939; x_wconf 88' lang='lat' dir='ltr'>usquam</span> <span class='ocrx_word' id='word_1_84' title='bbox 1426 905 1449 928; x_wconf 90' lang='lat' dir='ltr'>a</span> <span class='ocrx_word' id='word_1_85' title='bbox 1482 904 1525 929; x_wconf 89' lang='lat' dir='ltr'>se</span> 
     </span>
     <span class='ocr_line' id='line_1_12' title="bbox 101 960 1562 1012; baseline 0.001 -14"><span class='ocrx_word' id='word_1_86' title='bbox 101 961 336 998; x_wconf 87' lang='lat' dir='ltr'>deflecteret</span> <span class='ocrx_word' id='word_1_87' title='bbox 360 961 515 997; x_wconf 89' lang='lat' dir='ltr'>oculos.</span> <span class='ocrx_word' id='word_1_88' title='bbox 578 960 774 996; x_wconf 86' lang='lat' dir='ltr'>Pavidum</span> <span class='ocrx_word' id='word_1_89' title='bbox 796 961 940 1009; x_wconf 90' lang='lat' dir='ltr'>primo,</span> <span class='ocrx_word' id='word_1_90' title='bbox 975 973 1175 1009; x_wconf 83' lang='lat' dir='ltr'>nusquam</span> <span class='ocrx_word' id='word_1_91' title='bbox 1199 962 1523 1012; x_wconf 86' lang='lat' dir='ltr'>circumspicien-</span> <span class='ocrx_word' id='word_1_92' title='bbox 1542 961 1562 1000; x_wconf 79' lang='grc'>7</span> 
     </span>
     <span class='ocr_line' id='line_1_13' title="bbox 100 1030 1524 1081; baseline 0.001 -12"><span class='ocrx_word' id='word_1_93' title='bbox 100 1039 181 1069; x_wconf 90' lang='lat' dir='ltr'>tem</span> <span class='ocrx_word' id='word_1_94' title='bbox 213 1038 282 1068; x_wconf 91' lang='lat' dir='ltr'>aut</span> <span class='ocrx_word' id='word_1_95' title='bbox 312 1030 609 1080; x_wconf 83' lang='lat' dir='ltr'>respicientem,</span> <span class='ocrx_word' id='word_1_96' title='bbox 645 1037 844 1075; x_wconf 88' lang='lat' dir='ltr'>secutum;</span> <span class='ocrx_word' id='word_1_97' title='bbox 881 1032 1034 1068; x_wconf 88' lang='lat' dir='ltr'>deinde</span> <span class='ocrx_word' id='word_1_98' title='bbox 1067 1044 1162 1068; x_wconf 89' lang='lat' dir='ltr'>cura</span> <span class='ocrx_word' id='word_1_99' title='bbox 1184 1033 1337 1081; x_wconf 85' lang='lat' dir='ltr'>ingenii</span> <span class='ocrx_word' id='word_1_100' title='bbox 1360 1034 1524 1071; x_wconf 87' lang='lat' dir='ltr'>humani</span> 
     </span>
     <span class='ocr_line' id='line_1_14' title="bbox 100 1102 1525 1153; baseline 0.001 -14"><span class='ocrx_word' id='word_1_101' title='bbox 100 1115 235 1151; x_wconf 84' lang='lat' dir='ltr'>quum,</span> <span class='ocrx_word' id='word_1_102' title='bbox 260 1103 457 1151; x_wconf 87' lang='lat' dir='ltr'>quidnam</span> <span class='ocrx_word' id='word_1_103' title='bbox 480 1102 524 1138; x_wconf 90' lang='lat' dir='ltr'>id</span> <span class='ocrx_word' id='word_1_104' title='bbox 547 1108 667 1146; x_wconf 88' lang='lat' dir='ltr'>esset,</span> <span class='ocrx_word' id='word_1_105' title='bbox 694 1103 807 1150; x_wconf 90' lang='lat' dir='ltr'>quod</span> <span class='ocrx_word' id='word_1_106' title='bbox 825 1103 1026 1150; x_wconf 85' lang='lat' dir='ltr'>respicere</span> <span class='ocrx_word' id='word_1_107' title='bbox 1043 1102 1187 1140; x_wconf 89' lang='lat' dir='ltr'>vetitus</span> <span class='ocrx_word' id='word_1_108' title='bbox 1206 1110 1326 1148; x_wconf 92' lang='lat' dir='ltr'>esset,</span> <span class='ocrx_word' id='word_1_109' title='bbox 1354 1105 1525 1153; x_wconf 88' lang='lat' dir='ltr'>agitaret</span> 
     </span>
     <span class='ocr_line' id='line_1_15' title="bbox 100 1173 1561 1224; baseline -0.001 -14"><span class='ocrx_word' id='word_1_110' title='bbox 100 1175 251 1218; x_wconf 82' lang='lat' dir='ltr'>animo,</span> <span class='ocrx_word' id='word_1_111' title='bbox 295 1179 521 1221; x_wconf 90' lang='lat' dir='ltr'>temperare</span> <span class='ocrx_word' id='word_1_112' title='bbox 555 1173 681 1209; x_wconf 86' lang='lat' dir='ltr'>oculis</span> <span class='ocrx_word' id='word_1_113' title='bbox 713 1173 962 1220; x_wconf 88' lang='lat' dir='ltr'>nequivisse;</span> <span class='ocrx_word' id='word_1_114' title='bbox 1007 1179 1090 1209; x_wconf 90' lang='lat' dir='ltr'>tum</span> <span class='ocrx_word' id='word_1_115' title='bbox 1123 1174 1272 1211; x_wconf 90' lang='lat' dir='ltr'>vidisse</span> <span class='ocrx_word' id='word_1_116' title='bbox 1305 1181 1400 1224; x_wconf 91' lang='lat' dir='ltr'>post</span> <span class='ocrx_word' id='word_1_117' title='bbox 1432 1178 1561 1212; x_wconf 47' lang='lat' dir='ltr'>sese&amp;</span> 
     </span>
     <span class='ocr_line' id='line_1_16' title="bbox 100 1243 1524 1295; baseline 0.001 -14"><span class='ocrx_word' id='word_1_118' title='bbox 100 1250 330 1294; x_wconf 87' lang='lat' dir='ltr'>serpentem</span> <span class='ocrx_word' id='word_1_119' title='bbox 361 1243 461 1280; x_wconf 88' lang='lat' dir='ltr'>mira</span> <span class='ocrx_word' id='word_1_120' title='bbox 493 1244 774 1292; x_wconf 88' lang='lat' dir='ltr'>magnitudine</span> <span class='ocrx_word' id='word_1_121' title='bbox 799 1256 888 1280; x_wconf 89' lang='lat' dir='ltr'>cum</span> <span class='ocrx_word' id='word_1_122' title='bbox 913 1245 1068 1293; x_wconf 87' lang='lat' dir='ltr'>ingenti</span> <span class='ocrx_word' id='word_1_123' title='bbox 1094 1245 1283 1281; x_wconf 88' lang='lat' dir='ltr'>arborum</span> <span class='ocrx_word' id='word_1_124' title='bbox 1309 1258 1358 1282; x_wconf 89' lang='lat' dir='ltr'>ac</span> <span class='ocrx_word' id='word_1_125' title='bbox 1381 1246 1524 1295; x_wconf 85' lang='lat' dir='ltr'>virgul-</span> 
     </span>
     <span class='ocr_line' id='line_1_17' title="bbox 98 1315 1521 1364; baseline 0.001 -13"><span class='ocrx_word' id='word_1_126' title='bbox 98 1322 230 1352; x_wconf 90' lang='lat' dir='ltr'>torum</span> <span class='ocrx_word' id='word_1_127' title='bbox 256 1320 390 1364; x_wconf 88' lang='lat' dir='ltr'>strage</span> <span class='ocrx_word' id='word_1_128' title='bbox 415 1315 519 1359; x_wconf 88' lang='lat' dir='ltr'>ferri,</span> <span class='ocrx_word' id='word_1_129' title='bbox 546 1327 593 1352; x_wconf 88' lang='lat' dir='ltr'>ac</span> <span class='ocrx_word' id='word_1_130' title='bbox 619 1321 713 1364; x_wconf 92' lang='lat' dir='ltr'>post</span> <span class='ocrx_word' id='word_1_131' title='bbox 736 1315 895 1363; x_wconf 89' lang='lat' dir='ltr'>insequi</span> <span class='ocrx_word' id='word_1_132' title='bbox 922 1327 1010 1352; x_wconf 89' lang='lat' dir='ltr'>cum</span> <span class='ocrx_word' id='word_1_133' title='bbox 1037 1315 1195 1364; x_wconf 85' lang='lat' dir='ltr'>fragore</span> <span class='ocrx_word' id='word_1_134' title='bbox 1225 1316 1309 1353; x_wconf 86' lang='lat' dir='ltr'>caeli</span> <span class='ocrx_word' id='word_1_135' title='bbox 1327 1317 1521 1354; x_wconf 88' lang='lat' dir='ltr'>nimbum.</span> 
     </span>
     <span class='ocr_line' id='line_1_18' title="bbox 99 1385 1562 1435; baseline 0.001 -13"><span class='ocrx_word' id='word_1_136' title='bbox 99 1385 217 1430; x_wconf 89' lang='lat' dir='ltr'>Tum,</span> <span class='ocrx_word' id='word_1_137' title='bbox 243 1398 332 1434; x_wconf 90' lang='lat' dir='ltr'>quae</span> <span class='ocrx_word' id='word_1_138' title='bbox 358 1387 486 1423; x_wconf 90' lang='lat' dir='ltr'>moles</span> <span class='ocrx_word' id='word_1_139' title='bbox 504 1399 553 1423; x_wconf 88' lang='lat' dir='ltr'>ea</span> <span class='ocrx_word' id='word_1_140' title='bbox 571 1387 719 1434; x_wconf 88' lang='lat' dir='ltr'>quidve</span> <span class='ocrx_word' id='word_1_141' title='bbox 737 1386 911 1435; x_wconf 87' lang='lat' dir='ltr'>prodigii</span> <span class='ocrx_word' id='word_1_142' title='bbox 931 1392 1050 1431; x_wconf 90' lang='lat' dir='ltr'>esset,</span> <span class='ocrx_word' id='word_1_143' title='bbox 1079 1394 1327 1434; x_wconf 88' lang='lat' dir='ltr'>quaerentem</span> <span class='ocrx_word' id='word_1_144' title='bbox 1343 1389 1520 1433; x_wconf 84' lang='lat' dir='ltr'>audisse,</span> <span class='ocrx_word' id='word_1_145' title='bbox 1538 1388 1562 1423; x_wconf 64' lang='grc' dir='ltr'>ἓ)</span> 
     </span>
     <span class='ocr_line' id='line_1_19' title="bbox 98 1457 1524 1506; baseline 0.002 -15"><span class='ocrx_word' id='word_1_146' title='bbox 98 1457 325 1494; x_wconf 77' lang='lat' dir='ltr'>vastitatem</span> <span class='ocrx_word' id='word_1_147' title='bbox 347 1457 472 1494; x_wconf 89' lang='lat' dir='ltr'>Italiae</span> <span class='ocrx_word' id='word_1_148' title='bbox 497 1468 606 1502; x_wconf 86' lang='lat' dir='ltr'>esse;</span> <span class='ocrx_word' id='word_1_149' title='bbox 640 1463 827 1506; x_wconf 86' lang='lat' dir='ltr'>pergeret</span> <span class='ocrx_word' id='word_1_150' title='bbox 850 1469 973 1506; x_wconf 93' lang='lat' dir='ltr'>porro</span> <span class='ocrx_word' id='word_1_151' title='bbox 998 1458 1055 1494; x_wconf 89' lang='lat' dir='ltr'>ire</span> <span class='ocrx_word' id='word_1_152' title='bbox 1080 1470 1157 1494; x_wconf 88' lang='lat' dir='ltr'>nec</span> <span class='ocrx_word' id='word_1_153' title='bbox 1180 1459 1282 1494; x_wconf 90' lang='lat' dir='ltr'>ultra</span> <span class='ocrx_word' id='word_1_154' title='bbox 1305 1458 1524 1506; x_wconf 88' lang='lat' dir='ltr'>inquireret</span> 
     </span>
     <span class='ocr_line' id='line_1_20' title="bbox 99 1527 848 1576; baseline 0.001 -12"><span class='ocrx_word' id='word_1_155' title='bbox 99 1527 327 1576; x_wconf 88' lang='lat' dir='ltr'>sineretque</span> <span class='ocrx_word' id='word_1_156' title='bbox 360 1528 443 1564; x_wconf 87' lang='lat' dir='ltr'>fata</span> <span class='ocrx_word' id='word_1_157' title='bbox 475 1527 516 1563; x_wconf 92' lang='lat' dir='ltr'>in</span> <span class='ocrx_word' id='word_1_158' title='bbox 550 1529 711 1565; x_wconf 86' lang='lat' dir='ltr'>occulto</span> <span class='ocrx_word' id='word_1_159' title='bbox 745 1541 848 1565; x_wconf 89' lang='lat' dir='ltr'>esse.</span> 
     </span>
    </p>

    <p class='ocr_par' dir='ltr' id='par_1_4' title="bbox 97 1594 1649 2640">
     <span class='ocr_line' id='line_1_21' title="bbox 215 1594 1649 1649; baseline 0.003 -14"><span class='ocrx_word' id='word_1_160' title='bbox 215 1598 307 1636; x_wconf 88' lang='lat' dir='ltr'>Hoc</span> <span class='ocrx_word' id='word_1_161' title='bbox 343 1599 429 1636; x_wconf 91' lang='lat' dir='ltr'>visu</span> <span class='ocrx_word' id='word_1_162' title='bbox 462 1600 573 1636; x_wconf 87' lang='lat' dir='ltr'>laetus</span> <span class='ocrx_word' id='word_1_163' title='bbox 603 1600 799 1649; x_wconf 88' lang='lat' dir='ltr'>tripertito</span> <span class='ocrx_word' id='word_1_164' title='bbox 827 1598 1023 1636; x_wconf 84' lang='lat' dir='ltr'>Hiberum</span> <span class='ocrx_word' id='word_1_165' title='bbox 1053 1600 1194 1648; x_wconf 90' lang='lat' dir='ltr'>copias</span> <span class='ocrx_word' id='word_1_166' title='bbox 1222 1600 1390 1643; x_wconf 82' lang='lat' dir='ltr'>traiecit,</span> <span class='ocrx_word' id='word_1_167' title='bbox 1425 1612 1523 1648; x_wconf 89' lang='lat' dir='ltr'>prae-</span> <span class='ocrx_word' id='word_1_168' title='bbox 1588 1594 1649 1640; x_wconf 86' lang='grc'>23</span> 
     </span>
     <span class='ocr_line' id='line_1_22' title="bbox 98 1669 1520 1718; baseline 0.001 -13"><span class='ocrx_word' id='word_1_169' title='bbox 98 1670 241 1713; x_wconf 85' lang='lat' dir='ltr'>missis,</span> <span class='ocrx_word' id='word_1_170' title='bbox 270 1671 338 1718; x_wconf 89' lang='lat' dir='ltr'>qui</span> <span class='ocrx_word' id='word_1_171' title='bbox 362 1669 571 1706; x_wconf 88' lang='lat' dir='ltr'>Gallorum</span> <span class='ocrx_word' id='word_1_172' title='bbox 595 1671 768 1716; x_wconf 89' lang='lat' dir='ltr'>animos,</span> <span class='ocrx_word' id='word_1_173' title='bbox 793 1683 872 1718; x_wconf 87' lang='lat' dir='ltr'>qua</span> <span class='ocrx_word' id='word_1_174' title='bbox 896 1671 1174 1707; x_wconf 87' lang='lat' dir='ltr'>traducendus</span> <span class='ocrx_word' id='word_1_175' title='bbox 1198 1671 1396 1707; x_wconf 88' lang='lat' dir='ltr'>exercitus</span> <span class='ocrx_word' id='word_1_176' title='bbox 1422 1676 1520 1715; x_wconf 86' lang='lat' dir='ltr'>erat,</span> 
     </span>
     <span class='ocr_line' id='line_1_23' title="bbox 98 1740 1520 1790; baseline 0 -13"><span class='ocrx_word' id='word_1_177' title='bbox 98 1740 219 1777; x_wconf 89' lang='lat' dir='ltr'>donis</span> <span class='ocrx_word' id='word_1_178' title='bbox 243 1741 508 1777; x_wconf 87' lang='lat' dir='ltr'>conciliarent</span> <span class='ocrx_word' id='word_1_179' title='bbox 532 1741 774 1790; x_wconf 88' lang='lat' dir='ltr'>Alpiumque</span> <span class='ocrx_word' id='word_1_180' title='bbox 801 1741 990 1777; x_wconf 84' lang='lat' dir='ltr'>transitus</span> <span class='ocrx_word' id='word_1_181' title='bbox 1016 1741 1332 1790; x_wconf 88' lang='lat' dir='ltr'>specularentur.</span> <span class='ocrx_word' id='word_1_182' title='bbox 1381 1740 1520 1777; x_wconf 89' lang='lat' dir='ltr'>Nona-</span> 
     </span>
     <span class='ocr_line' id='line_1_24' title="bbox 97 1811 1520 1861; baseline -0.001 -13"><span class='ocrx_word' id='word_1_183' title='bbox 97 1812 209 1860; x_wconf 88' lang='lat' dir='ltr'>ginta</span> <span class='ocrx_word' id='word_1_184' title='bbox 236 1812 357 1848; x_wconf 81' lang='lat' dir='ltr'>millia</span> <span class='ocrx_word' id='word_1_185' title='bbox 385 1812 581 1861; x_wconf 90' lang='lat' dir='ltr'>peditum,</span> <span class='ocrx_word' id='word_1_186' title='bbox 612 1813 832 1848; x_wconf 87' lang='lat' dir='ltr'>duodecim</span> <span class='ocrx_word' id='word_1_187' title='bbox 861 1812 982 1848; x_wconf 87' lang='lat' dir='ltr'>millia</span> <span class='ocrx_word' id='word_1_188' title='bbox 1013 1812 1192 1859; x_wconf 88' lang='lat' dir='ltr'>equitum</span> <span class='ocrx_word' id='word_1_189' title='bbox 1220 1811 1416 1848; x_wconf 90' lang='lat' dir='ltr'>Hiberum</span> <span class='ocrx_word' id='word_1_190' title='bbox 1444 1817 1520 1847; x_wconf 88' lang='lat' dir='ltr'>tra-</span> 
     </span>
     <span class='ocr_line' id='line_1_25' title="bbox 99 1880 1562 1931; baseline 0.001 -13"><span class='ocrx_word' id='word_1_191' title='bbox 99 1883 222 1918; x_wconf 88' lang='lat' dir='ltr'>duxit.</span> <span class='ocrx_word' id='word_1_192' title='bbox 285 1882 477 1931; x_wconf 88' lang='lat' dir='ltr'>Ilergetes</span> <span class='ocrx_word' id='word_1_193' title='bbox 503 1883 601 1919; x_wconf 91' lang='lat' dir='ltr'>inde</span> <span class='ocrx_word' id='word_1_194' title='bbox 628 1882 929 1931; x_wconf 88' lang='lat' dir='ltr'>Bargusiosque</span> <span class='ocrx_word' id='word_1_195' title='bbox 959 1888 999 1919; x_wconf 90' lang='lat' dir='ltr'>et</span> <span class='ocrx_word' id='word_1_196' title='bbox 1026 1883 1258 1919; x_wconf 87' lang='lat' dir='ltr'>Ausetanos</span> <span class='ocrx_word' id='word_1_197' title='bbox 1287 1887 1328 1918; x_wconf 90' lang='lat' dir='ltr'>et</span> <span class='ocrx_word' id='word_1_198' title='bbox 1350 1881 1520 1918; x_wconf 87' lang='lat' dir='ltr'>Laceta-</span> <span class='ocrx_word' id='word_1_199' title='bbox 1537 1880 1562 1919; x_wconf 76' lang='grc'><em>2</em></span> 
     </span>
     <span class='ocr_line' id='line_1_26' title="bbox 97 1953 1521 2003; baseline 0 -14"><span class='ocrx_word' id='word_1_200' title='bbox 97 1954 219 1999; x_wconf 87' lang='lat' dir='ltr'>niam,</span> <span class='ocrx_word' id='word_1_201' title='bbox 253 1965 342 2001; x_wconf 87' lang='lat' dir='ltr'>quae</span> <span class='ocrx_word' id='word_1_202' title='bbox 370 1954 552 1990; x_wconf 90' lang='lat' dir='ltr'>subiecta</span> <span class='ocrx_word' id='word_1_203' title='bbox 579 1954 782 2003; x_wconf 89' lang='lat' dir='ltr'>Pyrenaeis</span> <span class='ocrx_word' id='word_1_204' title='bbox 809 1954 1015 1990; x_wconf 88' lang='lat' dir='ltr'>montibus</span> <span class='ocrx_word' id='word_1_205' title='bbox 1044 1959 1116 1997; x_wconf 89' lang='lat' dir='ltr'>est,</span> <span class='ocrx_word' id='word_1_206' title='bbox 1152 1953 1324 2002; x_wconf 88' lang='lat' dir='ltr'>subegit,</span> <span class='ocrx_word' id='word_1_207' title='bbox 1359 1965 1521 2001; x_wconf 89' lang='lat' dir='ltr'>oraeque</span> 
     </span>
     <span class='ocr_line' id='line_1_27' title="bbox 99 2023 1521 2073; baseline 0.001 -14"><span class='ocrx_word' id='word_1_208' title='bbox 99 2024 188 2061; x_wconf 82' lang='lat' dir='ltr'>huic</span> <span class='ocrx_word' id='word_1_209' title='bbox 214 2025 324 2061; x_wconf 89' lang='lat' dir='ltr'>omni</span> <span class='ocrx_word' id='word_1_210' title='bbox 349 2024 529 2073; x_wconf 89' lang='lat' dir='ltr'>praefecit</span> <span class='ocrx_word' id='word_1_211' title='bbox 546 2025 809 2069; x_wconf 89' lang='lat' dir='ltr'>Hannonem,</span> <span class='ocrx_word' id='word_1_212' title='bbox 836 2030 878 2060; x_wconf 89' lang='lat' dir='ltr'>ut</span> <span class='ocrx_word' id='word_1_213' title='bbox 901 2024 1053 2069; x_wconf 88' lang='lat' dir='ltr'>fauces,</span> <span class='ocrx_word' id='word_1_214' title='bbox 1079 2036 1168 2072; x_wconf 84' lang='lat' dir='ltr'>quae</span> <span class='ocrx_word' id='word_1_215' title='bbox 1187 2024 1407 2073; x_wconf 86' lang='lat' dir='ltr'>Hispanias</span> <span class='ocrx_word' id='word_1_216' title='bbox 1425 2023 1521 2060; x_wconf 90' lang='lat' dir='ltr'>Gal-</span> 
     </span>
     <span class='ocr_line' id='line_1_28' title="bbox 98 2093 1561 2144; baseline 0 -13"><span class='ocrx_word' id='word_1_217' title='bbox 98 2095 156 2131; x_wconf 86' lang='lat' dir='ltr'>liis</span> <span class='ocrx_word' id='word_1_218' title='bbox 180 2095 364 2144; x_wconf 88' lang='lat' dir='ltr'>iungunt,</span> <span class='ocrx_word' id='word_1_219' title='bbox 389 2096 430 2132; x_wconf 89' lang='lat' dir='ltr'>in</span> <span class='ocrx_word' id='word_1_220' title='bbox 454 2101 658 2144; x_wconf 87' lang='lat' dir='ltr'>potestate</span> <span class='ocrx_word' id='word_1_221' title='bbox 683 2101 833 2132; x_wconf 86' lang='lat' dir='ltr'>essent.</span> <span class='ocrx_word' id='word_1_222' title='bbox 882 2094 1038 2132; x_wconf 90' lang='lat' dir='ltr'>Decem</span> <span class='ocrx_word' id='word_1_223' title='bbox 1061 2095 1182 2131; x_wconf 89' lang='lat' dir='ltr'>millia</span> <span class='ocrx_word' id='word_1_224' title='bbox 1206 2095 1390 2143; x_wconf 91' lang='lat' dir='ltr'>peditum</span> <span class='ocrx_word' id='word_1_225' title='bbox 1408 2094 1520 2131; x_wconf 90' lang='lat' dir='ltr'>Han·</span> <span class='ocrx_word' id='word_1_226' title='bbox 1536 2093 1561 2131; x_wconf 69' lang='grc'><strong><em>3</em></strong></span> 
     </span>
     <span class='ocr_line' id='line_1_29' title="bbox 98 2166 1518 2215; baseline -0.001 -13"><span class='ocrx_word' id='word_1_227' title='bbox 98 2166 196 2202; x_wconf 87' lang='lat' dir='ltr'>noni</span> <span class='ocrx_word' id='word_1_228' title='bbox 223 2167 278 2202; x_wconf 91' lang='lat' dir='ltr'>ad</span> <span class='ocrx_word' id='word_1_229' title='bbox 306 2167 538 2215; x_wconf 87' lang='lat' dir='ltr'>praesidium</span> <span class='ocrx_word' id='word_1_230' title='bbox 567 2166 802 2203; x_wconf 86' lang='lat' dir='ltr'>obtinendae</span> <span class='ocrx_word' id='word_1_231' title='bbox 825 2166 1003 2215; x_wconf 87' lang='lat' dir='ltr'>regionis</span> <span class='ocrx_word' id='word_1_232' title='bbox 1030 2167 1127 2202; x_wconf 88' lang='lat' dir='ltr'>data</span> <span class='ocrx_word' id='word_1_233' title='bbox 1152 2172 1192 2201; x_wconf 89' lang='lat' dir='ltr'>et</span> <span class='ocrx_word' id='word_1_234' title='bbox 1218 2166 1323 2201; x_wconf 89' lang='lat' dir='ltr'>mille</span> <span class='ocrx_word' id='word_1_235' title='bbox 1349 2166 1518 2213; x_wconf 89' lang='lat' dir='ltr'>equites.</span> 
     </span>
     <span class='ocr_line' id='line_1_30' title="bbox 98 2234 1561 2286; baseline 0 -13"><span class='ocrx_word' id='word_1_236' title='bbox 98 2237 319 2286; x_wconf 89' lang='lat' dir='ltr'>Postquam</span> <span class='ocrx_word' id='word_1_237' title='bbox 341 2250 414 2286; x_wconf 91' lang='lat' dir='ltr'>per</span> <span class='ocrx_word' id='word_1_238' title='bbox 431 2237 667 2286; x_wconf 80' lang='lat' dir='ltr'>Pyrenaeum</span> <span class='ocrx_word' id='word_1_239' title='bbox 693 2238 837 2274; x_wconf 92' lang='lat' dir='ltr'>saltum</span> <span class='ocrx_word' id='word_1_240' title='bbox 861 2237 1021 2273; x_wconf 86' lang='lat' dir='ltr'>traduci</span> <span class='ocrx_word' id='word_1_241' title='bbox 1048 2236 1245 2273; x_wconf 86' lang='lat' dir='ltr'>exercitus</span> <span class='ocrx_word' id='word_1_242' title='bbox 1269 2241 1330 2273; x_wconf 94' lang='lat' dir='ltr'>est</span> <span class='ocrx_word' id='word_1_243' title='bbox 1348 2241 1518 2285; x_wconf 88' lang='lat' dir='ltr'>coeptus,</span> <span class='ocrx_word' id='word_1_244' title='bbox 1534 2234 1561 2273; x_wconf 74' lang='lat'><strong>4</strong></span> 
     </span>
     <span class='ocr_line' id='line_1_31' title="bbox 98 2308 1517 2357; baseline -0.001 -14"><span class='ocrx_word' id='word_1_245' title='bbox 98 2319 312 2356; x_wconf 88' lang='lat' dir='ltr'>rumorque</span> <span class='ocrx_word' id='word_1_246' title='bbox 351 2320 423 2357; x_wconf 89' lang='lat' dir='ltr'>per</span> <span class='ocrx_word' id='word_1_247' title='bbox 461 2309 657 2345; x_wconf 85' lang='lat' dir='ltr'>barbaros</span> <span class='ocrx_word' id='word_1_248' title='bbox 696 2309 876 2344; x_wconf 88' lang='lat' dir='ltr'>manavit</span> <span class='ocrx_word' id='word_1_249' title='bbox 908 2308 1054 2344; x_wconf 88' lang='lat' dir='ltr'>certior</span> <span class='ocrx_word' id='word_1_250' title='bbox 1087 2308 1140 2343; x_wconf 91' lang='lat' dir='ltr'>de</span> <span class='ocrx_word' id='word_1_251' title='bbox 1173 2308 1280 2343; x_wconf 94' lang='lat' dir='ltr'>bello</span> <span class='ocrx_word' id='word_1_252' title='bbox 1313 2308 1517 2350; x_wconf 88' lang='lat' dir='ltr'>Romano,</span> 
     </span>
     <span class='ocr_line' id='line_1_32' title="bbox 99 2376 1519 2428; baseline -0.001 -14"><span class='ocrx_word' id='word_1_253' title='bbox 99 2379 172 2414; x_wconf 89' lang='lat' dir='ltr'>tria</span> <span class='ocrx_word' id='word_1_254' title='bbox 195 2379 316 2415; x_wconf 88' lang='lat' dir='ltr'>millia</span> <span class='ocrx_word' id='word_1_255' title='bbox 340 2379 437 2416; x_wconf 88' lang='lat' dir='ltr'>inde</span> <span class='ocrx_word' id='word_1_256' title='bbox 466 2378 791 2428; x_wconf 86' lang='lat' dir='ltr'>Carpetanorum</span> <span class='ocrx_word' id='word_1_257' title='bbox 812 2379 995 2428; x_wconf 87' lang='lat' dir='ltr'>peditum</span> <span class='ocrx_word' id='word_1_258' title='bbox 1020 2379 1093 2414; x_wconf 89' lang='lat' dir='ltr'>iter</span> <span class='ocrx_word' id='word_1_259' title='bbox 1118 2383 1360 2414; x_wconf 89' lang='lat' dir='ltr'>averterunt.</span> <span class='ocrx_word' id='word_1_260' title='bbox 1410 2376 1519 2413; x_wconf 90' lang='lat' dir='ltr'>Con-</span> 
     </span>
     <span class='ocr_line' id='line_1_33' title="bbox 100 2448 1519 2497; baseline -0.002 -11"><span class='ocrx_word' id='word_1_261' title='bbox 100 2450 244 2495; x_wconf 87' lang='lat' dir='ltr'>stabat,</span> <span class='ocrx_word' id='word_1_262' title='bbox 269 2462 355 2486; x_wconf 92' lang='lat' dir='ltr'>non</span> <span class='ocrx_word' id='word_1_263' title='bbox 378 2456 460 2487; x_wconf 85' lang='lat' dir='ltr'>tarn</span> <span class='ocrx_word' id='word_1_264' title='bbox 483 2451 590 2486; x_wconf 87' lang='lat' dir='ltr'>bello</span> <span class='ocrx_word' id='word_1_265' title='bbox 608 2455 744 2486; x_wconf 89' lang='lat' dir='ltr'>motos</span> <span class='ocrx_word' id='word_1_266' title='bbox 762 2462 884 2497; x_wconf 89' lang='lat' dir='ltr'>quam</span> <span class='ocrx_word' id='word_1_267' title='bbox 900 2449 1197 2497; x_wconf 86' lang='lat' dir='ltr'>longinquitate</span> <span class='ocrx_word' id='word_1_268' title='bbox 1215 2448 1287 2485; x_wconf 90' lang='lat' dir='ltr'>viae</span> <span class='ocrx_word' id='word_1_269' title='bbox 1305 2449 1519 2496; x_wconf 80' lang='lat' dir='ltr'>inexsupe—</span> 
     </span>
     <span class='ocr_line' id='line_1_34' title="bbox 99 2516 1561 2570; baseline 0 -15"><span class='ocrx_word' id='word_1_270' title='bbox 99 2521 291 2569; x_wconf 83' lang='lat' dir='ltr'>rabilique</span> <span class='ocrx_word' id='word_1_271' title='bbox 324 2521 484 2570; x_wconf 92' lang='lat' dir='ltr'>Alpium</span> <span class='ocrx_word' id='word_1_272' title='bbox 516 2521 697 2557; x_wconf 88' lang='lat' dir='ltr'>transitu.</span> <span class='ocrx_word' id='word_1_273' title='bbox 772 2519 991 2564; x_wconf 89' lang='lat' dir='ltr'>Hannibal,</span> <span class='ocrx_word' id='word_1_274' title='bbox 1033 2520 1126 2568; x_wconf 84' lang='lat' dir='ltr'>quia</span> <span class='ocrx_word' id='word_1_275' title='bbox 1158 2530 1350 2555; x_wconf 83' lang='lat' dir='ltr'>revocare</span> <span class='ocrx_word' id='word_1_276' title='bbox 1384 2523 1452 2553; x_wconf 87' lang='lat' dir='ltr'>aut</span> <span class='ocrx_word' id='word_1_277' title='bbox 1483 2516 1561 2555; x_wconf 63' lang='lat' dir='ltr'>vif»</span> 
     </span>
     <span class='ocr_line' id='line_1_35' title="bbox 100 2588 1519 2640; baseline -0.002 -14"><span class='ocrx_word' id='word_1_278' title='bbox 100 2591 269 2628; x_wconf 79' lang='lat' dir='ltr'>retinere</span> <span class='ocrx_word' id='word_1_279' title='bbox 302 2604 374 2628; x_wconf 90' lang='lat' dir='ltr'>eos</span> <span class='ocrx_word' id='word_1_280' title='bbox 407 2604 560 2640; x_wconf 89' lang='lat' dir='ltr'>anceps</span> <span class='ocrx_word' id='word_1_281' title='bbox 593 2596 690 2635; x_wconf 89' lang='lat' dir='ltr'>erat,</span> <span class='ocrx_word' id='word_1_282' title='bbox 724 2604 776 2627; x_wconf 91' lang='lat' dir='ltr'>ne</span> <span class='ocrx_word' id='word_1_283' title='bbox 810 2597 1035 2627; x_wconf 86' lang='lat' dir='ltr'>ceterorum</span> <span class='ocrx_word' id='word_1_284' title='bbox 1068 2591 1189 2626; x_wconf 88' lang='lat' dir='ltr'>etiam</span> <span class='ocrx_word' id='word_1_285' title='bbox 1215 2589 1372 2625; x_wconf 90' lang='lat' dir='ltr'>feroces</span> <span class='ocrx_word' id='word_1_286' title='bbox 1397 2588 1519 2624; x_wconf 87' lang='lat' dir='ltr'>animi</span> 
     </span>
    </p>
   </div>
   <div class='ocr_carea' id='block_1_3' title="bbox 100 2658 1559 2760">
    <p class='ocr_par' dir='ltr' id='par_1_5' title="bbox 100 2658 1559 2760">
     <span class='ocr_line' id='line_1_36' title="bbox 100 2658 1559 2711; baseline -0.002 -14"><span class='ocrx_word' id='word_1_287' title='bbox 100 2662 357 2706; x_wconf 84' lang='lat' dir='ltr'>irritarentur,</span> <span class='ocrx_word' id='word_1_288' title='bbox 402 2674 522 2711; x_wconf 90' lang='lat' dir='ltr'>supra</span> <span class='ocrx_word' id='word_1_289' title='bbox 565 2668 721 2711; x_wconf 86' lang='lat' dir='ltr'>septem</span> <span class='ocrx_word' id='word_1_290' title='bbox 764 2662 885 2698; x_wconf 83' lang='lat' dir='ltr'>millia</span> <span class='ocrx_word' id='word_1_291' title='bbox 924 2662 1132 2698; x_wconf 89' lang='lat' dir='ltr'>hominum</span> <span class='ocrx_word' id='word_1_292' title='bbox 1173 2661 1322 2696; x_wconf 88' lang='lat' dir='ltr'>domos</span> <span class='ocrx_word' id='word_1_293' title='bbox 1355 2658 1518 2702; x_wconf 87' lang='lat' dir='ltr'>remisit,</span> <span class='ocrx_word' id='word_1_294' title='bbox 1535 2658 1559 2695; x_wconf 71' lang='lat' dir='ltr'>(i</span> 
     </span>
     <span class='ocr_line' id='line_1_37' title="bbox 1165 2727 1206 2760; baseline 0 -15"><span class='ocrx_word' id='word_1_295' title='bbox 1165 2727 1206 2760; x_wconf 69' lang='lat'>2*</span> 
     </span>
    </p>
   </div>
  </div>
 </body>
</html>
