1789 2955
247 102 329 143 268
679 101 784 132 Liber
804 101 911 132 XXV.
950 100 1005 141 (A.
1029 111 1061 132 u.
1081 111 1108 132 c.
1129 99 1224 144 542.)

249 232 315 268 die
356 232 492 268 oblata
526 231 652 268 oculis
685 231 909 281 animisque
942 233 1080 269 vestris
1113 233 1375 269 memorabile
1406 234 1503 269 illud
1535 233 1665 270 edidit

181 301 234 341 10
247 302 444 350 proelium,
472 314 553 349 quo
580 303 869 339 documentum
888 303 1059 339 dedistis
1077 303 1273 347 hostibus,
1298 315 1382 340 non
1401 315 1490 340 cum
1508 304 1663 352 Scipio-

249 373 364 409 nibus
398 373 636 409 exstinctum
671 385 760 409 esse
792 385 944 409 nomen
967 373 1197 409 Romanum
1226 377 1278 417 et,
1313 374 1422 410 cuius
1445 373 1583 422 populi
1606 373 1663 410 vis

249 449 369 491 atque
394 443 514 479 virtus
539 455 623 479 non
649 443 792 479 obruta
818 443 867 479 sit
885 442 1093 479 Cannensi
1118 443 1249 486 clade,
1275 455 1323 479 ex
1349 443 1458 479 omni
1475 443 1663 492 profecto

181 513 223 551 1]
248 513 397 549 saevitia
431 513 602 549 fortunae
635 525 879 550 emersurum
913 525 1016 550 esse.
1094 512 1224 556 Nunc,
1266 513 1359 561 quia
1390 518 1545 549 tantum
1578 513 1664 549 ausi

248 583 342 619 estis
383 590 530 631 sponte
570 588 714 627 vestra,
756 584 923 632 experiri
964 584 1072 627 libet,
1114 587 1307 630 quantum
1342 583 1526 619 audeatis
1560 583 1664 619 duce

248 659 380 690 vestro
406 658 585 690 auctore.
633 652 726 689 Non
753 654 859 689 enirn
884 654 1074 690 hesterno
1098 653 1179 696 die,
1204 665 1325 701 quum
1351 653 1509 701 signum
1525 665 1664 702 recep-

248 722 302 758 tui
336 723 433 758 dedi
467 723 729 770 sequentibus
762 724 887 760 effuse
910 724 1024 759 vobis
1047 723 1247 759 turbatum
1271 723 1443 768 hostem,
1478 723 1665 772 frangere

249 793 462 829 audaciam
503 798 688 837 vestram,
730 795 804 830 sed
844 794 1004 829 differre
1043 794 1082 829 in
1115 794 1309 829 maiorem
1341 794 1511 842 gloriam
1543 798 1664 842 atque

184 862 234 902 12
249 863 593 911 opportunitatem
619 864 737 908 volui,
764 869 806 899 ut
828 865 1050 912 postmodo
1069 864 1281 912 praeparati
1299 864 1498 908 incautos,
1524 864 1664 900 armati

249 926 423 969 inerme's
449 938 570 981 atque
594 934 713 970 etiam
739 934 896 982 sopitos
921 947 992 982 per
1010 934 1271 970 occasionem
1290 934 1457 983 aggredi
1475 934 1664 982 possetis.

248 1003 333 1040 Nec
367 1003 482 1040 huius
516 1004 745 1041 occasionis
779 1017 905 1053 spem,
940 1005 1098 1048 milites,
1133 1004 1236 1040 forte
1259 1010 1422 1049 temere,
1457 1006 1531 1041 sed
1553 1017 1601 1040 ex
1622 1016 1666 1040 re

182 1073 336 1122 13ipsa
377 1079 618 1122 conceptam
659 1075 807 1111 habeo.
886 1076 919 1110 A
952 1075 1065 1111 vobis
1099 1087 1262 1122 quoque
1294 1075 1480 1123 profecto
1514 1075 1545 1110 si
1578 1074 1665 1122 quis

250 1149 413 1191 quaerat,
458 1157 636 1192 quonam
679 1146 806 1181 modo
848 1145 966 1193 pauci
1006 1158 1029 1181 a
1066 1146 1212 1189 multis,
1257 1146 1348 1182 victi
1388 1157 1411 1181 a
1450 1145 1665 1182 victoribus

250 1219 381 1250 castra
413 1215 528 1250 tutati
561 1214 658 1259 sitis,
697 1215 794 1251 nihil
828 1215 937 1250 aliud
968 1200 1284 1263 respondeatiss
1309 1227 1427 1263 quam
1460 1216 1503 1251 id
1534 1215 1666 1264 ipsum

250 1285 437 1321 timentes
465 1297 536 1321 vos
565 1285 702 1321 omnia
731 1291 770 1322 et
793 1286 984 1334 operibus
1009 1285 1163 1321 firmata
1188 1286 1376 1322 habuisse
1402 1290 1438 1322 et
1460 1286 1571 1334 ipsos
1595 1298 1667 1334 pa·

182 1355 235 1394 14
249 1359 358 1391 ratos
383 1355 681 1404 instructosque
706 1356 842 1392 fuisse.
906 1356 958 1392 Et
979 1357 1034 1392 ita
1060 1368 1102 1392 se
1125 1368 1188 1392 res
1212 1357 1353 1393 habet:
1388 1357 1442 1392 ad
1465 1356 1521 1400 id,
1553 1357 1665 1404 quod

249 1438 300 1461 ne
333 1426 531 1469 timeatur,
566 1426 727 1463 fortuna
760 1426 867 1470 facit,
900 1426 1064 1462 minime
1097 1427 1168 1463 tuti
1201 1432 1293 1463 sunt
1325 1427 1522 1471 homines,
1557 1427 1665 1475 quia,

182 1495 234 1536 15
250 1497 361 1543 quod
404 1497 642 1544 neglexeris,
686 1497 890 1533 incautum
935 1502 1055 1545 atque
1095 1502 1275 1545 apertum
1317 1498 1481 1533 habeas.
1559 1496 1665 1533 Nihil

251 1566 428 1602 omnium
462 1579 570 1603 nunc
597 1567 729 1604 minus
751 1572 934 1603 metuunt
956 1568 1094 1603 hostes
1116 1579 1237 1615 quam
1259 1580 1324 1610 ne,
1359 1567 1516 1603 obsessi
1537 1568 1665 1603 modo

249 1636 323 1685 ipsi
348 1642 469 1685 atque
496 1638 734 1686 oppugnati,
764 1642 894 1674 castra
919 1650 991 1674 sua
1016 1638 1118 1674 ultro
1143 1649 1440 1686 oppugnemus.
1504 1638 1666 1674 Audea-

249 1719 350 1751 mus,
385 1708 497 1755 quod
526 1708 636 1744 credi
658 1720 743 1744 non
766 1713 901 1756 potest
923 1720 1091 1745 ausuros
1113 1719 1209 1752 n0s;
1244 1720 1294 1744 eo
1317 1708 1420 1756 ipso,
1455 1709 1567 1756 quod
1590 1707 1666 1743 dis-

182 1777 233 1817 16
249 1777 462 1813 ficillimum
495 1778 664 1822 videtur,
700 1777 853 1815 facilius
887 1779 971 1814 erit.
1035 1779 1173 1815 Tertia
1205 1778 1336 1827 vigilia
1369 1778 1500 1815 noctis
1535 1778 1664 1815 silenti

250 1848 411 1896 agmine
434 1849 580 1885 ducam
604 1860 689 1884 vos.
753 1848 1013 1897 Exploratum
1038 1849 1184 1893 habeo,
1208 1861 1291 1885 non
1316 1849 1534 1897 vigiliarum
1558 1848 1666 1884 ordi-

184 1917 232 1957 17
249 1930 356 1961 nem,
390 1931 473 1955 non
509 1919 704 1955 stationes
727 1919 851 1955 iustas
878 1932 980 1956 esse.
1045 1919 1207 1956 Clamor
1229 1919 1269 1955 in
1292 1919 1418 1968 portis
1440 1919 1601 1955 auditus
1626 1923 1666 1955 et

250 1988 399 2037 primus
431 1989 605 2037 impetus
638 1993 769 2025 castra
802 1990 964 2037 ceperit.
1029 1990 1133 2025 Tum
1166 1990 1268 2025 inter
1300 1989 1485 2038 torpidos
1518 2001 1664 2025 somno

251 2064 527 2107 paventesque
552 2060 605 2095 ad
628 2059 917 2107 necopinatum
936 2060 1145 2096 tumultum
1165 2064 1204 2096 et
1221 2060 1394 2096 inermes
1411 2060 1451 2096 in
1471 2058 1665 2096 cubilibus

251 2128 331 2165 suis
371 2141 590 2178 oppressos
629 2129 695 2165 illa
734 2131 867 2166 caedes
907 2131 1062 2175 edatur,
1104 2143 1127 2166 a
1159 2143 1239 2178 qua
1270 2142 1342 2167 vos
1374 2130 1565 2167 hesterno
1599 2130 1665 2166 die

184 2199 234 2239 18
250 2205 464 2236 revocatos
498 2211 603 2248 aegre
635 2199 837 2237 ferebatis.
899 2201 991 2237 Scio
1017 2202 1150 2237 audax
1175 2200 1301 2236 videri
1325 2200 1556 2244 consilium;
1591 2200 1665 2237 sed

250 2271 289 2306 in
320 2271 439 2306 rebus
464 2270 617 2318 asperis
643 2275 682 2306 et
705 2271 815 2306 tenui
841 2283 912 2319 spe
938 2271 1155 2308 fortissima
1179 2283 1350 2319 quaeque
1368 2270 1537 2308 consilia
1554 2270 1666 2307 tutis-

251 2340 352 2376 sima
375 2346 480 2384 sunt,
514 2340 620 2389 quia,
655 2341 685 2376 si
710 2341 750 2376 in
775 2342 1003 2378 occasionis
1029 2346 1251 2385 momento,
1277 2341 1388 2377 cuius
1412 2340 1666 2389 praetervolat

252 2411 548 2460 opportunitas.
574 2416 785 2447 cunctatus
803 2411 963 2460 paulum
984 2411 1117 2455 fueris,
1146 2411 1415 2459 nequicquam
1432 2422 1527 2446 mox
1545 2410 1666 2447 omis-

182 2480 234 2520 19
250 2493 333 2517 sam
368 2493 536 2529 quaeras.
615 2481 730 2518 Unus
763 2482 959 2518 exercitus
990 2482 1031 2517 in
1064 2482 1294 2530 propinquo
1326 2486 1399 2525 est,
1439 2481 1522 2516 duo
1555 2480 1665 2516 haud

250 2552 389 2600 procul
415 2553 574 2588 absunt.
638 2550 754 2589 Nunc
780 2552 1110 2600 aggredientibus
1134 2563 1227 2600 spes
1251 2551 1384 2599 aliqua
1408 2556 1487 2595 est;
1522 2555 1562 2586 et
1585 2550 1664 2586 iam

180 2620 236 2661 20
250 2622 434 2658 tentastis
467 2627 618 2658 vestras
651 2627 771 2670 atque
804 2622 959 2658 illorum
992 2622 1113 2666 vires;
1148 2622 1179 2657 si
1213 2621 1322 2657 diem
1354 2620 1593 2669 proferimus
1626 2625 1665 2657 et
