1789 2955
595 114 699 145 Liber
724 114 831 145 xxv.
874 113 928 156 (A.
957 114 1018 145 ch.
1046 114 1139 156 212.)
1494 117 1577 157 269

163 247 360 283 hesternae
384 245 605 294 eruptionis
633 245 740 281 fama
764 246 968 282 contemni
988 246 1238 290 desierimus,
1266 247 1484 295 periculum
1503 253 1576 289 est,

161 329 214 354 ne
254 328 396 353 omnes
437 316 576 360 duces,
617 327 759 352 omnes
794 316 922 364 copiae
955 316 1212 353 conveniant.
1291 317 1392 353 Tres
1425 318 1577 354 deinde

162 387 301 431 duces,
335 392 414 423 tres
448 386 643 423 exercitus
677 386 961 423 sustinebimus
990 386 1178 431 hostium,
1213 398 1315 435 quos
1341 387 1415 423 Cn.
1441 388 1577 436 Scipio

160 457 351 494 incolumi
376 457 551 493 exercitu
575 469 659 492 non
684 454 895 493 sustinuit?
929 456 983 492 Ut
1008 457 1233 493 dividendo
1259 458 1400 505 copias
1423 458 1577 506 periere
1593 455 1645 496 21

161 529 288 565 duces
320 528 459 571 nostri,
492 527 548 563 ita
581 527 796 575 separatim
820 539 868 562 ac
894 527 1009 563 divisi
1035 528 1206 575 opprimi
1230 533 1402 576 possunt
1425 528 1576 564 hostes.

161 599 250 635 Alia
281 598 372 634 belli
400 597 571 646 gerendi
599 597 661 633 via
685 598 793 633 nulla
817 603 889 633 est.
955 597 1132 633 Proinde
1156 598 1252 633 nihil
1277 603 1420 646 praeter
1445 598 1576 633 noctis

161 668 352 717 proximae
378 668 723 716 opportunitatem
749 672 1042 715 exspectemus.
1091 667 1149 703 Ite
1175 668 1262 704 deis
1288 669 1392 704 bene
1409 668 1578 703 iuvanti—
1594 667 1648 706 22

161 740 248 784 bus,
281 751 455 787 corpora
486 744 635 782 curate,
670 746 711 774 ut
743 737 885 786 integri
913 738 1174 786 vigentesque
1201 739 1351 774 eodem
1376 739 1511 775 animo
1537 739 1577 774 in

161 815 293 847 castra
324 809 498 845 hostium
530 809 771 857 irrumpaffis,
806 820 887 856 quo
920 815 1051 844 vestra
1084 809 1198 844 tutati
1232 809 1366 845 estis.»

277 879 377 916 Laeti
405 884 445 915 et
468 879 634 915 audiere
659 880 709 915 ab
735 891 843 915 novo
868 879 972 915 duce
996 890 1146 914 novum
1170 879 1395 922 consilium,
1430 884 1470 915 et
1493 891 1574 927 quo
1590 878 1644 918 23

160 950 357 987 audacius
389 955 486 994 erat,
520 950 647 998 magis
680 950 880 998 placebat.
950 949 1162 997 Reliquum
1196 949 1276 985 diei
1311 950 1578 998 expediendis

161 1021 280 1057 armis
325 1026 365 1056 et
406 1020 614 1056 curatione
658 1032 872 1068 corporum
912 1025 1211 1067 consumptum,
1254 1026 1293 1055 et
1326 1021 1454 1056 maior
1485 1033 1577 1069 pars

160 1091 292 1127 noctis
324 1091 447 1139 quieti
480 1091 577 1126 data
611 1097 684 1127 est.
749 1092 903 1136 Quarta
928 1090 1058 1138 vigilia
1084 1102 1260 1126 movere.
1325 1090 1451 1127 Erant
1480 1091 1579 1127 ultra
1643 1086 1703 1133 39

159 1161 343 1210 proxima
382 1167 513 1198 castra
555 1174 625 1198 sex
657 1162 820 1198 millium
853 1161 1061 1197 intervallo
1095 1160 1294 1197 distantes
1328 1161 1414 1197 aliae
1448 1161 1576 1209 copiae

160 1231 390 1268 Poenorum.
442 1232 566 1268 Vallis
584 1244 682 1268 cava
699 1233 902 1276 intererat,
923 1232 1135 1268 condensa
1153 1231 1383 1274 arboribus;
1403 1231 1443 1267 in
1463 1232 1576 1267 huius

161 1302 266 1339 silvae
291 1303 428 1339 medio
454 1303 578 1338 ferme
602 1303 735 1351 spatio
760 1303 908 1339 cohors
926 1303 1115 1338 Romana
1138 1307 1223 1338 arte
1241 1301 1394 1338 Punica
1418 1301 1578 1337 abditur

160 1378 201 1409 et
223 1373 393 1421 equites.
440 1373 500 1409 Ita
526 1374 664 1410 medio
688 1374 831 1410 itinere
855 1373 1096 1420 intercepto,
1124 1378 1268 1409 ceterae
1292 1372 1420 1420 copiae
1447 1372 1577 1408 silenti
1593 1373 1618 1411 2

161 1443 323 1492 agmine
347 1444 401 1480 ad
425 1445 632 1492 proximos
657 1445 794 1480 hostes
821 1445 966 1487 ductae,
1001 1449 1052 1487 et,
1077 1455 1201 1491 quum
1226 1443 1346 1479 statio
1371 1443 1479 1478 nulla
1505 1455 1577 1491 pro

159 1514 285 1562 portis
318 1526 451 1562 neque
482 1515 524 1550 in
557 1515 659 1551 vallo
694 1514 890 1551 custodiae
923 1519 1072 1558 essent,
1115 1514 1221 1550 velut
1252 1514 1294 1549 in
1327 1526 1399 1550 sua
1433 1519 1576 1558 castra,

161 1584 269 1620 nullo
295 1596 465 1632 usquam
491 1586 727 1629 obsistente,
757 1590 1033 1633 penetravere.
1096 1584 1198 1620 Inde
1224 1585 1340 1632 signa
1365 1590 1516 1621 canunt
1541 1583 1620 1623 etb’

160 1655 308 1691 tollitur
336 1655 500 1691 clamor.
563 1656 660 1692 Pars
685 1656 956 1692 semisomnos
980 1655 1119 1692 hostes
1144 1655 1318 1698 caedunt,
1347 1667 1439 1703 pars
1464 1655 1579 1704 ignes

159 1725 263 1761 casis
297 1730 518 1762 stramento
552 1727 667 1762 arido
702 1726 817 1762 tectis
849 1726 1043 1769 iniiciunt,
1078 1737 1169 1773 pars
1198 1731 1336 1773 portas
1362 1733 1578 1774 occupant,

159 1801 202 1831 ut
234 1795 371 1844 fugam
402 1796 686 1833 intercludant.
750 1795 902 1832 Hostes
935 1796 1049 1832 simul
1077 1796 1195 1844 ignis,
1231 1796 1395 1840 clamor,
1430 1794 1621 1840 caedes,4

159 1866 266 1902 velut
297 1867 495 1903 alienatos
525 1867 723 1912 sensibus,
758 1879 833 1903 nec
859 1867 999 1903 audire
1024 1878 1100 1903 nec
1124 1866 1339 1914 providere
1363 1866 1580 1914 quicquam

159 1936 308 1974 sinunt.
385 1937 575 1975 Incidunt
615 1938 789 1974 inermes
821 1938 925 1973 inter
957 1942 1137 1973 catervas
1170 1942 1430 1973 armatorum.
1503 1934 1621 1975 Alii5

159 2014 278 2044 ruunt
301 2009 356 2044 ad
379 2014 531 2057 portas,
557 2009 636 2053 alii,
663 2008 854 2057 obsaeptis
878 2007 1099 2051 itineribus,
1127 2019 1247 2056 super
1271 2008 1416 2044 vallum
1434 2009 1581 2044 saliunt

159 2084 212 2124 et,
237 2084 279 2115 ut
303 2079 472 2127 quisque
496 2085 692 2124 evaserat,
718 2078 902 2127 protinus
927 2079 981 2114 ad
1006 2085 1137 2115 castra
1162 2079 1287 2115 altera
1314 2078 1482 2126 fugiunt,
1514 2079 1579 2114 ubi
1595 2077 1619 2117 6

160 2149 211 2185 ab
236 2149 405 2186 cohorte
428 2155 469 2186 et
491 2150 690 2198 equitibus
716 2162 764 2185 ex
790 2150 950 2186 occulto
975 2149 1302 2197 procurrentibus
1322 2149 1579 2185 circumventi

160 2220 334 2268 caesique
358 2221 412 2256 ad
437 2232 560 2256 unum
585 2232 728 2256 omnes
752 2226 863 2263 sunt;
889 2232 1135 2268 quanquam,
1162 2220 1319 2256 etiamsi
1345 2220 1432 2268 quis
1458 2232 1506 2255 ex
1530 2232 1579 2255 ea
1596 2218 1617 2257 7

161 2291 275 2328 caede
307 2290 526 2339 effugisset,
560 2291 668 2327 adeo
701 2290 845 2339 raptim
878 2303 902 2326 a
935 2290 1062 2339 captis
1088 2290 1345 2338 propioribus
1372 2290 1512 2326 castris
1539 2290 1579 2326 in

160 2361 286 2397 altera
313 2366 585 2398 transcursum
609 2366 741 2398 castra
765 2362 816 2397 ab
841 2361 1038 2398 Romanis
1063 2366 1136 2406 est,
1167 2366 1209 2396 ut
1231 2361 1451 2408 praevenire
1476 2373 1578 2396 nun—

160 2431 237 2468 tius
265 2431 393 2468 cladis
421 2443 506 2469 non
535 2437 689 2480 posset.
737 2431 796 2467 Ibi
826 2444 935 2476 vero,
965 2443 1045 2480 quo
1074 2431 1234 2480 longius
1264 2432 1315 2466 ab
1342 2431 1458 2467 hoste
1482 2430 1615 2469 abe-8

160 2507 263 2547 rant,
290 2507 331 2538 et
358 2502 452 2550 quia
475 2502 548 2538 sub
572 2502 702 2538 lucem
725 2502 959 2550 pabulatum
984 2502 1260 2550 lignatumque
1288 2506 1328 2537 et
1355 2501 1578 2549 praedatum

161 2572 327 2620 quidam
359 2572 505 2620 dilapsi
539 2572 708 2618 fuerant,
743 2573 929 2621 neglecta
961 2572 1089 2620 magis
1123 2571 1259 2607 omnia
1292 2582 1339 2607 ac
1364 2571 1496 2607 soluta
1520 2571 1578 2608 in—

161 2654 322 2687 venere,
349 2655 460 2679 arma
485 2648 640 2679 tanturn
663 2643 704 2679 in
722 2642 964 2679 stationibus
984 2642 1130 2690 posita,
1157 2641 1301 2676 milites
1319 2640 1492 2677 inermes
1511 2648 1579 2677 aut
