1789 2955
454 83 570 118 Liber
593 82 740 118 XXVI.
789 84 850 127 (A.
879 83 942 117 oh.
968 84 1176 128 eii-210.)
1473 89 1523 125 31

95 215 135 250 et
172 224 436 249 successorem
478 211 614 248 venire
653 210 700 247 P.
739 209 980 259 Sulpicium,
1028 214 1200 248 ceterum
1241 211 1431 248 diuturno
1473 211 1533 248 ibi

96 284 233 321 morbo
265 282 487 332 implicitus
518 282 647 319 serius
679 295 747 330 spe
779 281 951 318 omnium
983 282 1151 320 Romam
1182 282 1303 320 venit.

210 355 264 391 Μ.
297 354 515 391 Marcellus
549 367 670 402 quum
711 352 848 390 idibus
879 353 1045 391 Martiis
1091 355 1341 391 consulatum
1383 355 1534 401 inisset,
1554 354 1576 391 5

95 429 276 464 senatum
308 438 353 463 eo
385 425 448 462 die
479 426 602 462 moris
633 425 750 462 modo
782 437 901 461 causa
932 425 1082 469 habuit,
1114 426 1326 475 professus,
1359 426 1461 462 nihil
1492 441 1532 464 se
1552 411 1739 471 Ᾰζέἳξᾟξῗῗ,

96 498 258 536 absente
287 497 440 546 collega
466 510 593 546 neque
617 497 665 533 de
691 510 732 532 re
759 496 923 545 publica
948 510 1076 545 neque
1105 497 1153 534 de
1177 497 1396 546 provinciis
1424 501 1532 535 actu-

95 583 194 607 rum.
256 567 370 606 Scire
402 581 456 617 se,
488 569 716 617 frequentos
745 566 901 604 Siculos
933 581 1056 617 prope
1087 569 1228 605 urbem
1260 569 1299 605 in
1323 569 1434 606 villis
1466 570 1532 607 ob·
1552 571 1574 606 6

98 644 358 679 trectatorum
384 654 542 678 suorum
567 653 670 685 esse;
705 640 850 689 quibus
876 643 1031 676 tantum
1057 642 1192 677 abesse
1220 644 1263 678 ut
1295 655 1366 690 per
1391 655 1430 678 se
1454 655 1533 678 non

96 713 218 750 liceat
248 713 380 762 palam
407 711 545 749 Romae
577 712 743 749 crimina
775 711 884 748 edita
916 711 1038 760 [fieta]
1073 712 1120 748 ab
1153 712 1325 750 inimicis
1355 713 1535 762 vulgare,

96 787 154 831 ut,
171 784 214 821 ni
232 784 481 829 simularent,
509 784 685 833 aliquem
714 783 790 820 sibi
814 784 996 820 timorem
1015 783 1177 820 absente
1197 785 1352 833 collega
1377 785 1537 822 dicendi
1556 785 1577 820 7

97 856 146 894 de
179 856 340 893 consule
378 868 473 901 esse,
520 855 604 904 ipse
651 856 705 891 eis
748 855 946 904 extemplo
987 855 1152 892 daturus
1191 861 1371 893 senatum
1403 857 1535 894 fuerit.

97 927 180 966 Ubi
213 927 373 977 quidem
408 927 561 975 collega
591 927 774 972 venisset,
814 940 892 963 non
930 941 1139 976 passurum
1180 928 1392 976 quicquam
1423 929 1534 977 prius

97 1000 175 1049 agi,
200 1013 317 1050 quam
334 1002 377 1036 ut
395 997 523 1035 Siculi
553 999 593 1035 in
611 1003 790 1035 senatum
815 999 1136 1036 introducantur.
1182 999 1389 1036 Dilectum
1413 1014 1536 1049 prope
1554 1000 1579 1036 8

97 1085 120 1109 a
149 1071 207 1109 M.
241 1070 427 1108 Cornelio
458 1084 530 1120 per
560 1074 685 1108 totam
711 1070 892 1107 Siciliam
923 1070 1189 1117 l1abitun1,ut
1220 1085 1337 1120 quam
1368 1071 1534 1120 plurimi

99 1145 282 1193 questum
322 1142 370 1178 de
402 1155 443 1179 se
474 1142 642 1179 Romam
683 1143 884 1188 venirent,
941 1142 1109 1179 eundem
1149 1143 1297 1179 litteris
1329 1143 1437 1180 falsis
1468 1156 1533 1179 ur-

97 1216 188 1252 bem
219 1215 414 1264 implesse,
459 1214 609 1251 bellum
641 1214 681 1250 in
714 1213 856 1251 Sicilia
888 1228 982 1261 esse,
1027 1218 1071 1251 ut
1113 1228 1223 1251 suam
1265 1215 1422 1251 laudem
1464 1215 1534 1251 mi—

97 1291 208 1326 nuat.
269 1285 471 1323 Moderati
503 1286 624 1322 animi
655 1286 826 1335 gloriam
869 1299 913 1323 eo
958 1286 1022 1322 die
1054 1286 1221 1335 adeptus
1254 1287 1391 1323 consul
1424 1300 1534 1323 sena·
1555 1288 1577 1323 9

98 1362 182 1395 tum
214 1357 376 1404 dimisit,
408 1371 453 1394 ac
478 1371 602 1407 prope
628 1358 826 1394 iustitium
855 1358 1030 1394 omnium
1058 1372 1189 1394 rerum
1222 1360 1398 1407 futurum
1423 1358 1534 1395 vide-

100 1431 232 1476 batur,
265 1429 389 1466 donec
421 1429 522 1466 alter
553 1430 691 1466 consul
723 1429 773 1466 ad
804 1430 941 1467 urbem
973 1431 1158 1468 venisset.

214 1500 363 1548 Otium,
387 1504 433 1538 ut
458 1501 572 1547 solet,
597 1502 788 1539 excitavit
819 1503 948 1551 plebis
974 1515 1163 1539 rumores.
1209 1501 1317 1538 Belli
1344 1501 1541 1538 diuturni·
1564 1502 1613 1538 10

99 1576 223 1611 tatem
255 1578 293 1610 et
322 1576 498 1610 vastatos
530 1586 646 1622 agros
674 1574 778 1611 circa
803 1574 953 1619 urbem,
986 1587 1063 1622 qua
1089 1574 1231 1610 infesto
1258 1574 1416 1621 agmine
1442 1573 1539 1610 isset

99 1645 317 1690 Hannibal,
365 1645 598 1682 exhaustam
631 1645 843 1682 dilectibus
876 1645 1039 1682 Italiam
1080 1649 1117 1682 et
1155 1658 1279 1694 prope
1322 1644 1537 1694 quotannis

101 1730 222 1754 caesos
240 1716 438 1753 exercitus
463 1718 744 1766 querebantur,
772 1720 811 1754 et
839 1717 1020 1753 consules
1047 1717 1258 1754 bellicosos
1287 1717 1400 1754 ambo
1427 1717 1534 1753 viros
1557 1718 1604 1755 11

101 1802 290 1838 acresque
321 1789 439 1826 nimis
471 1792 510 1825 et
534 1790 683 1826 feroces
709 1792 874 1835 creatos,
905 1789 974 1837 qui
1005 1789 1068 1826 vel
1109 1790 1148 1824 in
1186 1802 1282 1838 pace
1319 1788 1537 1838 tranquilla

99 1860 248 1898 bellum
260 1860 436 1898 excitare
453 1864 625 1910 possent,
643 1861 785 1897 nedum
805 1861 1165 1910 inbellorespirare
1183 1861 1389 1897 civitatem
1406 1861 1539 1897 forent

100 1932 268 1982 passuri.
307 1932 533 1982 Interrupit
547 1933 619 1970 hos
636 1945 834 1970 sermones
858 1935 985 1978 nocte,
1010 1945 1096 1981 quae
1114 1932 1245 1981 pridie
1263 1932 1539 1981 Quinquatrus
1626 1928 1678 1976 27

101 2004 192 2051 fuit,
216 2003 400 2054 pluribus
418 2004 537 2041 simul
554 2005 653 2042 locis
670 2005 774 2041 circa
793 2005 921 2040 forum
939 2004 1167 2040 incendium
1185 2007 1328 2042 ortum.
1390 2004 1542 2041 Eodem
1561 2005 1583 2040 2

100 2078 280 2125 tempore
312 2079 462 2125 septem
492 2076 682 2123 tabernae,
714 2089 800 2125 quae
831 2079 968 2127 postea
999 2076 1188 2125 quinque,
1219 2080 1258 2112 et
1289 2076 1537 2125 argentariae,

103 2160 190 2196 quae
223 2160 327 2184 nunc
358 2161 470 2185 novae
497 2149 762 2196 appellantur,
796 2161 947 2193 arsere,
979 2149 1262 2197 comprehensa
1285 2151 1424 2197 postea
1455 2148 1536 2196 pri·
1556 2148 1579 2183 3

87 2217 194 2256 ’vata
225 2218 394 2256 aedificia
425 2219 570 2269 (neque
605 2219 707 2256 enim
744 2223 826 2256 tum
860 2219 1037 2256 basilicae
1069 2222 1210 2268 erant),
1242 2220 1536 2268 comprehensae

102 2290 307 2327 lautumiae
331 2291 540 2340 forumque
565 2291 820 2340 piscatorium
850 2295 887 2328 et
912 2290 1055 2328 atrium
1075 2292 1248 2339 regium,
1281 2292 1385 2328 aedes
1406 2290 1538 2327 Vestae
1557 2292 1581 2327 4

101 2361 170 2399 vix
203 2362 364 2400 defensa
404 2366 464 2400 est
507 2363 699 2400 tredecim
746 2364 916 2400 maxime
962 2377 1163 2400 servorum
1211 2376 1341 2412 opera,
1387 2363 1457 2411 qui
1496 2362 1536 2399 in

102 2434 307 2484 publicum
337 2435 532 2484 redempti
557 2448 601 2472 ac
619 2447 737 2471 manu
754 2435 864 2471 missi
892 2437 994 2471 sunt.
1056 2434 1223 2472 Noctem
1251 2449 1295 2472 ac
1324 2435 1426 2471 diem
1456 2448 1545 2471 con-
1563 2434 1585 2470 5

101 2505 301 2543 tinuatum
340 2505 569 2543 incendium
600 2506 686 2552 fuit,
732 2520 803 2543 nec
841 2506 916 2543 ulli
948 2506 1111 2543 dubium
1152 2510 1246 2552 erat,
1292 2506 1464 2543 humana
1495 2505 1536 2542 id

103 2577 243 2614 fraude
274 2578 420 2615 factum
453 2591 550 2627 esse,
585 2578 690 2627 quod
717 2578 900 2627 pluribus
925 2579 1043 2615 simul
1069 2578 1178 2627 locis,
1212 2581 1250 2614 et
1283 2578 1332 2614 iis
1357 2577 1538 2625 diversis,

103 2647 216 2697 ignes
247 2650 374 2686 coorti
406 2653 546 2687 essent.
606 2650 750 2699 ltaque
781 2650 919 2687 consul
945 2663 992 2687 ex
1021 2649 1259 2686 auctoritate
1285 2653 1445 2686 senatus
1469 2663 1541 2699 pro
1561 2651 1583 2686 6
