1789 2955
465 79 578 114 Liber
604 78 770 113 XXVII.
821 78 881 121 (A.
908 78 971 112 Ch.
998 79 1092 120 208.)
1439 82 1492 118 93

67 207 324 246 Assentiente
371 205 568 255 Crispino,
623 219 708 243 cum
763 205 967 254 equitibus
1021 205 1203 242 ducentis
1249 205 1405 253 viginti,
1453 219 1501 242 ex
1524 206 1568 242 ll

65 279 209 329 quibus
242 278 509 328 quadraginta
539 277 780 327 Fregellani,
828 277 950 313 ceteri
990 276 1150 313 Etrusci
1181 279 1305 322 erant,
1337 276 1494 326 profici-

61 353 247 397 scuntur;
285 349 412 387 secuti
441 349 596 386 tribuni
628 349 800 386 militum
833 348 886 385 M.
918 348 1146 395 Marcellus,
1179 348 1352 385 consulis
1383 349 1501 396 filius,
1524 351 1571 386 12

61 425 101 459 et
132 422 186 461 A.
211 421 398 468 Manlius,
430 421 547 458 simul
578 425 618 458 et
649 421 726 458 duo
758 420 938 470 praefecti
970 420 1132 466 socium,
1164 420 1208 457 L.
1226 419 1426 457 Arrenius
1458 425 1497 458 et

60 492 125 530 M’.
157 492 316 531 Aulius.
376 493 610 530 Immolasse
646 506 691 530 eo
734 492 798 529 die
843 491 1004 541 quidam
1047 491 1259 541 prodidere
1300 493 1498 529 memoriae
1522 493 1571 529 13

61 565 263 603 consulem
289 564 529 602 Marcellum
562 568 611 613 et,
644 565 774 615 prima
804 563 935 601 hostia
966 577 1076 609 caesa,
1109 564 1218 601 iecur
1249 564 1334 601 sine
1365 564 1496 613 capite

62 637 282 684 inventum,
307 637 348 674 in
372 636 545 674 secunda
570 637 702 673 onmia
724 635 1002 685 comparuisse,
1029 649 1115 684 quae
1134 636 1318 683 assolent,
1342 639 1501 673 auctum
1522 637 1572 673 14

61 709 177 746 etiam
210 709 339 746 visum
372 709 412 746 in
444 708 593 758 capite3
625 721 695 745 nec
727 707 768 744 id
801 720 894 744 sane
920 706 1123 756 haruspici
1148 709 1357 757 placuisse,
1388 708 1496 757 quod

59 780 276 818 secundum
320 783 464 818 trunca
510 783 549 817 et
593 780 729 829 turpia
771 783 859 816 exta
900 779 1018 816 nimis
1065 780 1157 817 laeta
1203 780 1494 829 apparuissent.

60 851 245 889 Ceterum
286 853 487 890 consulem
526 852 766 889 Marcellum
804 854 918 888 tanta
956 850 1155 899 cupiditas
1185 852 1349 889 tenebat
1381 852 1499 888 dimi·
1590 848 1646 897 27

60 923 175 961 candi
207 937 294 961 cum
318 924 561 971 Hannibale,
593 927 637 961 ut
667 936 869 972 nunquam
901 922 998 959 satis
1030 925 1159 959 castra
1186 924 1323 960 castris
1349 924 1497 961 collata

61 995 264 1042 crederet,
309 998 395 1033 tum
434 1009 593 1045 quoque
634 995 742 1033 vallo
776 994 984 1043 egrediens
1017 994 1173 1042 signum
1206 995 1328 1042 dedit,
1375 999 1420 1032 ut
1450 995 1542 1032 ad?

57 1067 189 1105 locum
221 1068 335 1105 miles
366 1071 470 1105 esset
500 1071 676 1117 paratus,
706 1070 762 1113 ut,
794 1067 827 1103 si
861 1066 984 1115 collis,
1026 1066 1066 1102 in
1099 1080 1214 1116 quem
1246 1068 1496 1116 speculatum

58 1139 172 1186 irent,
212 1139 440 1189 placuisset,
478 1153 574 1178 vasa
614 1139 851 1188 colligerent
890 1141 927 1175 et
959 1142 1232 1187 sequerentur.
1293 1139 1497 1188 Exiguum
1519 1141 1541 1176 3

58 1211 188 1261 campi
229 1214 320 1249 ante
362 1214 494 1250 castra
536 1214 639 1257 erat;
688 1211 780 1248 inde
822 1212 861 1248 in
902 1210 1039 1248 collem
1079 1213 1219 1259 aperta
1250 1211 1425 1261 undique
1457 1215 1497 1248 et

57 1287 268 1332 conspecta
304 1284 460 1321 ferebat
496 1283 574 1321 via.
651 1282 839 1321 Numidis
877 1282 1114 1332 speculator,
1160 1296 1409 1332 nequaquam
1454 1284 1495 1320 in

56 1369 165 1405 spem
189 1358 312 1392 tantae
339 1356 397 1392 rei
420 1355 588 1404 positus,
613 1354 681 1392 sed
709 1355 743 1392 si
769 1368 866 1404 quos
891 1367 1013 1403 vagos
1035 1355 1173 1404 pabuli
1198 1358 1267 1391 aut
1294 1355 1494 1403 lignorum

56 1441 174 1466 causa
195 1428 355 1476 longius
379 1441 402 1464 a
427 1427 566 1465 castris
591 1439 821 1477 progressos
838 1429 1001 1476 possent
1017 1426 1215 1476 excipere,
1243 1426 1399 1475 signum
1417 1427 1495 1473 dat,

56 1502 102 1537 ut
125 1500 277 1549 pariter
302 1499 352 1537 ab
371 1500 451 1537 suis
470 1499 640 1548 quisque
658 1499 825 1536 latebris
843 1503 1112 1536 exorerentur.
1159 1498 1249 1536 Non
1267 1502 1358 1536 ante
1377 1512 1497 1548 appa·
1516 1500 1539 1535 4

54 1585 183 1618 ruere,
223 1571 367 1620 quibus
400 1571 530 1609 obviis
562 1571 611 1608 ab
644 1571 739 1618 iugo
770 1571 856 1620 ipso
890 1571 1207 1620 consurgendum
1240 1574 1336 1620 erat,
1377 1585 1495 1620 quam

55 1643 302 1689 circumiere,
351 1643 420 1692 qui
452 1643 502 1680 ab
533 1646 650 1692 tergo
683 1643 1001 1680 intercluderent
1031 1643 1155 1688 viam3
1200 1646 1284 1679 tum
1316 1643 1495 1692 undique

56 1728 190 1753 omnes
231 1715 361 1752 exorti
401 1718 440 1752 et
477 1715 649 1752 clamore
682 1715 838 1752 sublato
872 1715 1062 1764 impetum
1094 1715 1231 1752 fecere.
1293 1714 1424 1761 Quum
1456 1715 1538 1752 in5

56 1800 101 1824 ea
131 1786 238 1824 valle
270 1787 451 1824 consules
483 1790 625 1832 essent,
655 1790 700 1823 ut
730 1800 859 1835 neque
892 1786 1060 1824 evadere
1090 1790 1254 1835 possent
1284 1787 1326 1823 in
1357 1788 1494 1835 iugum

56 1862 292 1909 occupatum
324 1859 373 1897 ab
405 1859 519 1896 hoste
545 1872 616 1896 nec
643 1861 845 1908 receptum
874 1858 923 1895 ab
949 1862 1063 1907 tergo
1091 1858 1352 1897 circumventi
1376 1859 1494 1896 habe-

54 1934 154 1977 rent,
186 1930 343 1968 extrahi
373 1934 505 1968 tamen
538 1930 692 1968 diutius
725 1934 924 1967 certamen
954 1930 1163 1979 potuisset,
1208 1931 1250 1968 ni
1280 1934 1412 1980 coepta
1443 1930 1494 1968 ab

55 2002 237 2040 Etruscis
269 2002 364 2051 fuga
393 2015 581 2052 pavorem
617 2003 760 2040 ceteris
786 2002 999 2039 iniecisset.
1059 2001 1150 2040 Non
1177 2005 1309 2040 tamen
1334 2002 1501 2040 omisere
1520 2003 1543 2038 6

55 2087 230 2124 pugnam
261 2073 409 2111 deserti
435 2074 485 2112 ab
509 2074 692 2111 Etruscis
711 2074 956 2123 Fregellani,
989 2074 1115 2112 donec
1144 2074 1290 2122 integri
1315 2074 1496 2112 consules

54 2145 253 2184 hortando
296 2145 454 2195 ipsique
494 2159 542 2183 ex
583 2149 697 2195 parte
739 2146 954 2195 pugnando
995 2159 1078 2184 rem
1110 2146 1379 2193 sustinebant3
1426 2145 1495 2183 sed
1516 2148 1536 2182 7

54 2221 269 2268 postquam
299 2218 528 2256 vulneratos
560 2219 674 2255 ambo
708 2218 901 2265 consules,
942 2217 1184 2270 *Marcellum
1216 2218 1336 2255 etiam
1366 2221 1494 2255 trans-

55 2289 180 2327 fixum
212 2290 351 2327 lancea
381 2290 656 2339 prolabentem
690 2304 738 2327 ex
771 2304 873 2340 equo
913 2289 1193 2328 moribundum
1231 2289 1379 2336 videre,
1412 2292 1496 2325 tum

57 2365 96 2399 et
140 2361 218 2411 ipsi
259 2362 467 2411 (perpauci
507 2365 637 2399 autem
679 2364 931 2412 supererant)
971 2376 1060 2399 cum
1099 2361 1287 2412 Crispino
1334 2361 1495 2398 consule

57 2432 212 2471 duobus
242 2433 385 2471 iaculis
417 2433 498 2471 icto
530 2436 568 2471 et
598 2433 795 2471 Marcello
828 2434 1092 2483 adolescente,
1140 2433 1274 2472 saucio
1314 2435 1353 2469 et
1393 2433 1494 2482 ipso,

58 2504 295 2553 effugerunt.
354 2505 597 2542 Interfectus
629 2504 679 2543 A.
712 2505 892 2543 Manlius
923 2505 1108 2543 tribunus
1140 2505 1325 2550 militum,
1367 2507 1407 2541 et
1447 2503 1539 2541 ex8

59 2576 214 2614 duobus
246 2577 445 2627 praefectis
476 2578 628 2615 socium
652 2576 719 2615 M’.
739 2576 887 2614 Aulius
919 2578 1082 2624 occisus,
1113 2577 1163 2615 L.
1183 2576 1381 2614 Arrenius
1405 2589 1495 2624 cap-

56 2651 142 2695 tus3
175 2651 215 2686 et
244 2648 406 2686 lictores
438 2649 642 2686 consulum
674 2648 851 2698 quinque
882 2650 965 2687 vivi
993 2649 1034 2685 in
1057 2648 1231 2686 hostium
1256 2650 1495 2698 potestatem
