1789 2955
237 55 314 93 182
631 52 747 89 Liber
772 52 918 88 XXIX.
966 55 1026 99 (A.
1053 67 1088 92 u.
1115 67 1144 91 c.
1170 57 1265 101 549.)

164 181 216 218 22
235 180 450 218 exercitum
482 194 639 231 quoque
669 180 761 219 inde
792 185 967 220 veterem
999 182 1234 230 deductum;
1264 183 1425 234 trepida
1457 185 1589 223 omnia
1620 189 1666 224 ut

236 252 480 291 inconditam
506 252 665 290 turbam
690 253 866 292 tironum
893 268 988 294 esse.
1034 254 1249 305 Nunquam
1270 256 1392 294 talem
1419 257 1667 296 occasionem

168 326 221 363 23
238 323 458 362 liberandae
489 323 699 375 Hispaniae
730 326 825 364 fore.
883 324 1086 365 servitum
1125 327 1176 365 ad
1213 341 1299 366 eam
1337 327 1441 366 diem
1472 333 1541 367 aut
1573 329 1666 367 Car·

233 395 557 445 thaginiensibus
588 401 656 434 aut
685 397 888 445 Romanis,
935 412 1007 436 nec
1038 399 1078 436 in
1109 399 1237 437 vicem
1267 400 1331 438 his
1362 404 1430 438 aut
1459 401 1564 449 illis,
1596 402 1667 440 sed

160 470 213 507 24
230 469 431 507 interdum
462 469 643 519 utrisque
673 470 805 509 simul.
867 470 1011 508 Pulsos
1051 470 1099 508 ab
1129 470 1324 509 Romanis
1355 471 1665 523 Carthaginien·

237 554 317 588 ses;
351 541 400 578 ab
432 540 639 591 Hispanis,
670 542 703 579 si
730 543 1012 590 consentirem,
1042 543 1141 593 pelli
1157 542 1358 582 Romanos
1389 557 1517 594 posse,
1548 548 1593 583 ut
1616 546 1666 584 ab

237 613 346 650 omni
362 616 527 652 externo
544 614 713 664 imperio
731 615 863 653 soluta
886 615 927 652 in
947 619 1183 665 perpetuum
1209 615 1411 666 Hispania
1442 617 1485 654 in
1515 619 1667 667 patrios

165 687 217 726 25
234 685 384 724 rediret
416 700 544 725 mores
575 687 767 737 ritusque.
814 686 912 725 Haec
943 687 1121 737 taliaque
1145 686 1314 725 dicendo
1346 702 1424 726 non
1454 689 1668 739 populares

235 757 364 806 modo,
410 758 480 796 sed
511 758 741 798 Ausetanos
780 773 956 810 quoque,
1003 759 1179 796 vicinam
1217 762 1395 808 gentem,
1426 761 1599 799 concitat
1630 764 1668 800 et

162 832 214 870 26
234 830 334 868 alios
365 830 558 870 finitimos
590 832 670 869 sibi
714 835 832 882 atque
864 832 946 869 illis
977 832 1157 882 populos.
1204 831 1346 882 Itaque
1385 833 1493 870 intra
1522 847 1669 883 paucos

235 901 318 940 dies
334 903 503 952 triginta
531 904 659 941 millia
684 904 875 955 peditum,
901 907 1090 954 quattuor
1114 904 1235 941 ferme
1266 904 1446 954 equitum
1479 905 1519 942 in
1546 903 1667 943 Sede-

124 972 151 1021 2
239 978 377 1012 tanum
408 989 561 1025 agrum,
593 989 671 1026 quo
703 977 878 1014 edictum
906 978 1003 1024 erat,
1035 980 1316 1016 convenerunt.
1370 976 1543 1015 Romani
1574 991 1669 1027 quo·

236 1061 311 1097 que
350 1048 631 1099 imperatores,
677 1049 723 1086 L.
755 1049 951 1086 Lentulus
997 1052 1037 1086 et
1069 1049 1114 1086 L.
1159 1049 1336 1086 Manlius
1366 1048 1591 1097 Acidinus,
1621 1063 1670 1087 ne

195 1124 218 1159 2
235 1120 425 1169 glisceret
457 1122 586 1171 prima
615 1121 855 1171 negligendo
879 1121 1042 1168 bellum,
1075 1121 1220 1158 iunctis
1247 1124 1287 1158 et
1314 1121 1390 1171 ipsi
1417 1122 1670 1169 exercitibus,

238 1206 309 1242 per
341 1206 479 1242 agrum
520 1193 792 1240 Ausetanum,
838 1193 992 1231 hostico
1033 1197 1225 1243 tanquam
1270 1198 1409 1244 pacato
1456 1195 1671 1232 clementer

238 1264 371 1302 ductis
402 1266 613 1317 militibus,
646 1265 697 1304 ad
714 1266 847 1304 sedem
861 1266 1035 1303 hostium
1059 1279 1274 1316 pervenere
1301 1270 1341 1303 et
1362 1266 1482 1304 trium
1500 1267 1670 1304 millium

198 1338 368 1388 3spatio
400 1339 543 1388 procul
574 1353 597 1376 a
628 1338 768 1376 castris
800 1352 936 1376 eorum
974 1342 1193 1388 posuerunt
1230 1341 1370 1376 castra.
1428 1338 1568 1377 Primo
1599 1353 1671 1390 per

241 1410 393 1460 legatos
425 1411 688 1461 nequicquam
713 1414 921 1460 tentatum,
954 1414 999 1448 ut
1022 1410 1293 1448 discederetur
1323 1412 1372 1449 ab
1405 1411 1544 1458 armis;
1577 1410 1669 1449 dein

236 1495 357 1532 quum
389 1483 430 1520 in
459 1483 719 1533 pabulatores
743 1483 946 1521 Romanos
977 1483 1148 1533 impetus
1188 1488 1351 1533 repente
1383 1483 1433 1521 ab
1466 1483 1670 1533 equitibus

238 1554 429 1605 Hispanis
460 1555 588 1593 factus
621 1560 734 1603 esset,
766 1555 974 1593 summisso
1001 1556 1050 1593 ab
1077 1555 1248 1593 statione
1272 1555 1453 1594 Romana
1481 1556 1672 1605 equitatu,

237 1631 420 1677 equestre
452 1627 638 1677 proelium
668 1628 756 1674 fuit,
787 1627 894 1666 haud
920 1641 1014 1665 sane
1031 1628 1284 1666 memorando
1309 1628 1351 1666 in
1377 1632 1531 1678 partem
1547 1628 1671 1665 ullam

191 1702 387 1740 4eventu.
435 1698 530 1738 Sole
561 1700 714 1738 oriente
744 1703 904 1751 postero
945 1700 1010 1738 die
1051 1701 1195 1739 armati
1233 1701 1500 1751 instructique
1532 1713 1669 1738 omnes

238 1773 345 1811 mille
375 1773 498 1810 ferme
527 1786 668 1822 passus
698 1774 839 1823 procul
869 1787 892 1811 a
924 1773 1064 1811 castris
1080 1773 1271 1811 Romanis
1303 1773 1426 1811 aciem
1452 1771 1670 1811 ostendere.

192 1845 363 1884 5Medii
408 1845 608 1883 Ausetani
653 1850 786 1893 erant,
833 1859 982 1883 cornua
1036 1845 1220 1883 dextrum
1265 1845 1481 1895 Ilergetes,
1526 1845 1671 1882 laevum

238 1918 437 1967 ignobiles
468 1917 659 1956 tenebant
688 1918 864 1968 Hispani
893 1918 1053 1968 populi3
1099 1918 1202 1956 inter
1243 1931 1392 1955 cornua
1431 1921 1471 1955 et
1501 1916 1670 1954 mediam

239 1990 363 2028 aciem
395 1990 610 2029 intervalla
639 1991 820 2040 patentia
850 1990 949 2029 satis
988 1990 1068 2028 late
1105 1990 1293 2038 fecerant,
1324 2003 1402 2040 qua
1434 1989 1670 2039 equitatum,

196 2063 218 2099 6
237 2061 307 2099 ubi
337 2066 492 2112 tempus
525 2066 643 2110 esset,
674 2063 915 2102 emitterent.
962 2062 1016 2100 Et
1032 2062 1204 2101 Romani
1228 2076 1335 2100 more
1352 2075 1422 2100 suo
1455 2061 1671 2099 exercitum

240 2146 362 2183 quum
393 2134 696 2181 instruxissent,
729 2134 772 2172 id
803 2135 918 2172 modo
951 2134 1124 2173 hostium
1154 2135 1302 2172 imitati
1333 2139 1436 2183 sunt,
1480 2138 1526 2172 ut
1568 2134 1672 2172 inter

198 2206 220 2242 7
239 2205 417 2254 legiones
450 2210 489 2244 et
520 2207 600 2257 ipsi
630 2210 812 2257 patentes
859 2208 987 2258 equiti
1027 2208 1301 2258 relinquerent
1331 2207 1427 2245 vias.
1488 2205 1670 2244 Ceterum

239 2276 437 2315 Lentulus
483 2279 520 2316 ei
563 2279 670 2329 parti
708 2291 822 2316 usum
869 2279 1014 2330 equitis
1059 2280 1142 2318 fore
1193 2283 1316 2326 ratus,
1355 2292 1442 2330 quae
1473 2278 1586 2329 prior
1630 2278 1672 2316 in

196 2352 221 2389 8
241 2347 511 2388 dehiscentem
542 2351 767 2389 intervallis
797 2352 970 2391 hostium
1004 2353 1129 2390 aciem
1168 2352 1321 2403 equites
1351 2351 1556 2398 emisisset,
1588 2348 1672 2388 Ser.

242 2420 429 2460 Cornelio
459 2423 624 2462 tribuno
655 2424 828 2462 militum
875 2424 1063 2474 imperat,
1110 2425 1264 2475 equites
1304 2437 1376 2474 per
1415 2426 1597 2473 patentes
1630 2422 1673 2459 in

201 2498 223 2534 9
241 2492 415 2532 hostium
433 2496 517 2534 acie
533 2496 620 2534 vias
636 2497 868 2548 permittere
893 2510 1014 2547 equos
1046 2496 1196 2534 iubeat.
1240 2497 1348 2547 Ipse,
1379 2499 1507 2546 coepta
1531 2507 1672 2545 parum

240 2578 429 2618 prospere
458 2568 634 2619 pedestri
663 2582 810 2620 pugna,
850 2573 1006 2607 tantum
1044 2572 1231 2616 moratus,
1262 2569 1356 2607 dum
1387 2567 1545 2606 cedenti
1577 2567 1671 2606 duo-

241 2635 402 2678 decimae
434 2641 594 2691 legioni,
625 2655 714 2692 quae
745 2642 788 2679 in
818 2641 918 2680 laevo
949 2654 1073 2680 cornu
1099 2640 1286 2680 adversus
1317 2640 1510 2690 Ilergetes
1542 2640 1673 2678 locata
