1768 2943
242 95 298 135 34
662 92 767 123 Liber
792 92 883 122 XXI.
934 90 989 132 (A.
1017 102 1048 122 u.
1076 101 1103 122 c.
1131 90 1226 134 536.)

242 223 444 271 exegistis,
478 234 501 257 a
534 222 677 270 quibus
710 227 829 270 capta
855 222 947 258 belli
971 222 1135 270 praemia
1159 222 1331 259 Siciliam
1357 235 1403 260 ac
1428 223 1655 260 Sardiniam

200 292 411 332 6habetis.
474 291 559 328 Erit
589 291 706 340 igitur
737 292 778 328 in
812 292 889 328 hoc
922 292 1140 329 certamine
1172 293 1204 330 is
1236 294 1350 330 vobis
1381 293 1536 341 illisque
1568 293 1653 330 ani-

240 375 341 407 mus,
376 362 442 410 qui
474 361 690 399 victoribus
723 367 762 398 et
793 362 904 399 victis
934 374 1023 399 esse
1046 363 1162 399 solet.
1225 362 1310 400 Nec
1333 375 1440 399 nunc
1462 362 1527 407 illi,
1562 363 1656 411 quia

201 432 406 477 7audent‚
440 432 515 469 sed
546 433 639 480 quia
670 443 840 468 necesse
873 438 946 476 est,
979 433 1193 481 pugnaturi
1226 438 1336 477 sunt;
1369 433 1444 469 nisi
1479 433 1654 477 creditis,

241 504 308 552 qui
337 503 511 540 exercitu
529 502 719 538 incolumi
737 513 915 550 pugnam
933 503 1221 547 detrectavere,
1248 515 1333 547 eos,
1361 503 1518 539 duabus
1536 503 1656 551 parti-

240 575 315 611 bus
347 574 527 622 peditum
561 572 819 620 equitumque
851 572 892 608 in
925 573 1093 610 transitu
1116 573 1276 622 Alpium
1309 574 1480 617 amissis,
1515 570 1655 623 [quum

240 645 373 693 plures
397 655 514 692 paene
537 641 727 690 perierint
750 654 869 690 quam
896 641 1127 693 supersint,]
1158 644 1246 692 plus
1271 643 1356 691 spei
1381 648 1524 679 nactos
1551 655 1654 679 esse.

199 713 224 754 8
241 716 292 751 At
309 714 415 750 enim
433 712 552 762 pauci
569 712 733 760 quidem
751 718 855 756 sunt,
871 714 945 749 sed
962 714 1143 762 vigentes
1161 713 1304 750 animis
1323 713 1654 761 corporibusque,

199 782 409 832 9qu0rum
448 783 598 819 robora
635 795 682 819 ac
714 782 815 819 vires
847 783 909 819 vix
941 783 1136 820 sustinere
1169 783 1226 820 vis
1258 784 1336 820 ulla
1368 783 1509 830 possit.
1586 782 1656 819 Ef-

241 855 354 904 figies
377 855 515 898 immo,
540 854 690 890 umbrae
714 854 935 901 hominum,
962 853 1081 898 fame,
1111 853 1272 902 frigore,
1297 853 1441 898 illuvie,
1468 854 1656 902 squalore

241 925 386 970 enecti,
411 924 569 961 contusi
594 935 641 961 ac
666 923 863 960 debilitati
887 923 990 959 inter
1013 935 1110 960 saxa
1133 935 1355 972 rupesque;
1381 924 1437 959 ad
1460 923 1539 960 hoc
1556 936 1658 972 prae-

240 995 317 1032 usti
339 1000 460 1040 artus,
493 994 583 1031 nive
604 993 781 1042 rigentes
803 993 926 1037 nervi,
960 994 1140 1030 membra
1162 994 1315 1030 torrida
1335 994 1441 1042 gelu,
1465 999 1657 1042 quassata

173 1063 227 1104 10
240 1066 448 1114 fractaque
485 1076 608 1109 arma,
649 1063 782 1101 claudi
815 1074 862 1099 ac
895 1064 1050 1100 debiles
1083 1063 1188 1111 equi.
1262 1063 1362 1100 Cum
1396 1065 1474 1101 hoc
1507 1064 1655 1113 equite,

241 1148 330 1173 cum
363 1137 441 1172 hoc
473 1134 611 1184 pedite
643 1135 857 1183 pugnaturi
887 1134 1001 1178 estis;
1035 1134 1221 1182 reliquias
1245 1140 1443 1172 extremas
1466 1135 1655 1179 hostium,

240 1218 325 1242 non
357 1206 515 1242 hostem
549 1205 719 1250 habetis,
753 1218 800 1241 ac
832 1205 929 1241 nihil
961 1205 1089 1253 magis
1121 1216 1262 1240 vereor
1292 1217 1412 1252 quam
1434 1218 1500 1250 ne,
1534 1218 1656 1253 quum

172 1275 221 1314 11
240 1287 311 1312 vos
344 1275 628 1324 pugnaveritis,
662 1276 785 1324 Alpes
816 1275 958 1312 vicisse
981 1274 1254 1311 Hannibalern
1286 1275 1510 1311 videantur.
1573 1275 1657 1312 Sed

240 1346 295 1382 ita
321 1345 490 1382 forsitan
514 1346 662 1390 decuit,
689 1357 778 1382 cum
797 1345 995 1382 foederum
1012 1351 1176 1394 ruptore
1194 1346 1298 1382 duce
1316 1357 1363 1382 ac
1380 1346 1534 1394 populo
1553 1346 1656 1382 deos

240 1415 352 1464 ipsos
384 1416 471 1452 sine
504 1416 582 1452 ulla
615 1416 792 1452 humana
814 1428 893 1464 ope
916 1415 1166 1452 committere
1189 1428 1235 1452 ac
1258 1416 1472 1464 profligare
1495 1417 1655 1461 bellum,

240 1498 330 1531 nos,
364 1486 432 1534 qui
463 1487 687 1523 secundum
720 1487 822 1523 deos
854 1486 991 1522 violati
1023 1498 1172 1530 sumus,
1206 1486 1464 1523 commissum
1492 1498 1540 1523 ae
1563 1499 1656 1535 pro-

133 1552 180 1596 4Ι
242 1556 422 1605 fligatum
454 1556 667 1594 conficere.
731 1555 825 1593 Non
856 1568 1009 1600 vereor,
1043 1568 1095 1592 ne
1128 1556 1216 1604 quis
1243 1568 1307 1592 me
1332 1556 1417 1593 haec
1440 1556 1557 1593 vestri
1583 1557 1656 1593 ad-

240 1627 430 1663 hortandi
463 1639 586 1663 causa
608 1627 821 1675 magnifice
844 1626 953 1674 loqui
979 1625 1190 1671 existimet,
1224 1627 1355 1674 ipsum
1380 1627 1492 1663 aliter
1517 1626 1655 1664 animo

199 1695 226 1736 2
240 1696 427 1733 affectum
452 1708 554 1734 esse.
617 1696 748 1734 Licuit
770 1697 812 1733 in
834 1696 1088 1745 Hispaniam,
1122 1696 1370 1745 provinciam
1392 1709 1539 1741 meam,
1573 1709 1655 1745 quo

239 1767 318 1803 iam
357 1767 563 1815 profectus
596 1780 719 1812 eram,
758 1780 848 1804 cum
887 1767 1062 1803 exercitu
1094 1767 1150 1803 ire
1183 1779 1289 1812 meo,
1323 1767 1389 1803 ubi
1423 1773 1462 1803 et
1494 1767 1656 1804 fratrem

240 1837 396 1874 consilii
428 1837 665 1886 participem
698 1850 745 1874 ac
769 1837 933 1886 periculi
958 1837 1111 1874 socium
1136 1838 1329 1874 haberem
1355 1843 1395 1874 et
1418 1837 1656 1874 Hasdruba-

239 1907 316 1943 lem
342 1907 476 1955 potius
504 1919 624 1955 quam
641 1907 914 1943 Hannibalem
939 1907 1096 1944 hostem
1122 1913 1162 1943 et
1183 1907 1380 1944 minorem
1405 1908 1514 1944 haud
1533 1908 1655 1944 dubie

199 1975 224 2016 3
238 1977 389 2013 molem
405 1978 517 2022 belli;
541 1982 691 2021 tamen,
718 1989 838 2025 quum
856 1977 1165 2025 praeterveherer
1182 1977 1350 2014 navibus
1369 1978 1508 2015 Galliae
1527 1990 1653 2023 oram,

240 2048 294 2083 ad
319 2047 467 2083 famam
492 2047 607 2084 huius
632 2047 758 2084 hostis
783 2047 823 2083 in
841 2053 986 2083 terram
1004 2059 1203 2096 egressus,
1233 2048 1441 2096 praemisso
1460 2049 1653 2097 equitatu,

198 2116 294 2156 4ad
310 2117 556 2154 Rhodanum
582 2119 687 2155 movi
715 2124 857 2154 castra.
915 2117 1101 2165 Equestri
1126 2118 1283 2167 proelio,
1309 2131 1388 2166 qua
1412 2124 1525 2167 parte
1543 2118 1655 2167 copi-

240 2199 352 2223 arum
376 2189 618 2224 conserendi
643 2201 807 2225 manum
832 2187 993 2224 fortuna
1011 2189 1108 2224 data
1126 2193 1199 2232 est,
1228 2188 1386 2224 hostem
1406 2188 1510 2232 fudi;
1539 2188 1655 2236 pedi-

240 2263 321 2293 tum
350 2270 510 2306 agmen,
537 2260 649 2306 quod
666 2259 706 2295 in
724 2259 890 2295 modum
910 2258 1146 2307 fugientium
1164 2258 1307 2306 raptim
1326 2258 1533 2306 agebatur,
1560 2258 1655 2305 quia

240 2327 400 2376 assequi
418 2334 521 2364 terra
538 2339 623 2364 non
640 2333 838 2376 poteram,
861 2341 1066 2377 regressus
1085 2329 1138 2365 ad
1155 2341 1292 2373 naves,
1311 2334 1462 2376 quanta
1480 2328 1654 2364 maxima

239 2398 352 2446 potui
378 2398 593 2442 celeritate,
621 2403 735 2434 tanto
761 2398 879 2435 maris
898 2404 1170 2446 terrarumque
1190 2398 1366 2442 circuitu,
1391 2398 1430 2434 in
1449 2397 1653 2435 radicibus

199 2467 367 2517 fiprope
392 2469 548 2517 Alpium
582 2468 672 2505 huic
705 2468 886 2505 timendo
912 2469 1017 2505 hosti
1044 2469 1184 2505 obvius
1210 2468 1278 2505 fui.
1340 2468 1496 2511 Utrum,
1530 2480 1651 2516 quum

240 2538 485 2575 declinarem
496 2544 711 2582 certamen,
726 2539 972 2587 improvidus
981 2539 1172 2575 incidisse
1181 2539 1321 2575 videor
1330 2550 1382 2574 an
1393 2550 1601 2575 occurrere
1610 2538 1652 2574 in

199 2606 223 2647 6
239 2608 415 2657 vestigiis
439 2609 538 2654 eius,
562 2609 760 2646 lacessere
785 2621 832 2646 ac
856 2609 1013 2645 trahere
1036 2610 1089 2645 ad
1108 2606 1438 2645 decernendum?
1470 2606 1652 2656 Experiri
