1789 2955
283 68 336 104 46
680 65 796 101 Liber
819 66 966 102 XXVI.
1015 68 1077 111 (A.
1103 79 1138 101 u.
1163 79 1192 103 c.
1217 68 1313 112 544.)

134 186 195 235 40
396 191 478 229 Per
519 192 623 230 idem
662 196 818 244 tempus
856 194 1045 232 Laevinus
1083 195 1239 241 consul,
1284 195 1364 232 iam
1408 210 1552 246 magna
1596 200 1710 246 parte

283 264 377 300 anni
409 264 657 312 circumacta,
689 266 730 302 in
762 264 940 303 Siciliam
966 266 1170 304 veteribus
1198 267 1387 316 novisque
1414 268 1530 305 sociis
1554 281 1710 318 exspec-

281 337 388 372 tatus
427 349 548 385 quum
586 337 772 384 venisset,
816 337 989 386 primum
1028 351 1073 374 ac
1112 338 1362 387 potissimum
1399 340 1572 377 omnium
1602 344 1712 378 ratus

237 405 261 442 2
281 404 492 454 Syracusis
531 421 634 446 nova
673 422 768 458 pace
798 410 1024 446 inconditas
1055 422 1290 458 componere
1320 423 1393 455 res,
1441 399 1711 460 Agrigentum

284 477 390 524 inde,
423 480 529 528 quod
560 480 657 517 belli
687 480 885 531 reliquum
917 484 1002 518 erat
1030 481 1321 530 tenebaturque
1353 495 1374 518 a
1407 481 1712 532 Carthaginien-

239 547 262 586 3
280 549 381 587 sium
419 550 554 589 valido
593 552 793 601 praesidio,
840 553 957 590 duxit
987 553 1176 600 legiones.
1235 552 1289 590 Et
1318 552 1432 590 affuit
1460 554 1621 591 fortuna
1652 554 1711 591 in-

284 625 409 670 cepto.
470 623 618 660 Hanno
650 627 735 661 erat
768 624 982 674 imperator
1014 624 1416 673 Carthaginiensium,
1458 625 1526 662 sed
1557 638 1711 662 0111110111

235 690 260 727 4
279 691 321 728 in
337 691 512 731 Muttine
529 694 795 745 Numidisque
827 709 935 746 spem
966 696 1182 745 repositam
1213 695 1424 734 habebant.
1476 696 1558 734 Per
1585 701 1711 734 totam

284 761 462 802 Siciliam
500 779 625 814 vagus
665 767 821 816 praedas
855 767 1000 816 agebat
1031 781 1078 803 ex
1110 767 1226 805 sociis
1256 767 1536 814 Romanorum,
1582 781 1710 818 neque

282 836 498 874 intercludi
530 837 578 874 ab
602 838 821 887 Agrigento
853 841 892 876 vi
923 843 991 876 aut
1019 842 1103 876 arte
1127 839 1210 875 ulla
1234 852 1317 885 nec,
1350 841 1449 889 quin
1474 843 1711 889 erumperet,

239 904 348 944 5ubi
381 908 512 955 vellet,
543 910 746 958 prohiberi
778 915 947 960 poterat.
1009 910 1107 947 Haeo
1139 911 1225 947 eius
1256 911 1386 958 gloria
1417 911 1513 960 quia
1538 911 1614 947 iam
1639 911 1710 948 im·

281 981 479 1028 peratoris
511 995 669 1030 quoque
701 982 814 1019 famae
847 983 1058 1028 officiebat,
1099 985 1300 1031 postremo
1332 983 1373 1019 in
1404 982 1596 1019 invidiam
1626 995 1712 1020 ver-

280 1051 341 1097 tit,
372 1055 417 1089 ut
447 1066 495 1089 ne
526 1053 627 1090 bene
658 1058 778 1102 gestae
810 1054 970 1103 quidem
1002 1067 1064 1091 res
1094 1054 1174 1090 iam
1204 1053 1394 1091 Hannoni
1425 1057 1590 1104 propter
1619 1066 1710 1091 auc—

239 1122 406 1160 6torem
453 1124 552 1161 satis
598 1125 699 1162 laetae
741 1131 881 1164 essent.
943 1126 1151 1163 Postremo
1189 1126 1467 1175 praefecturam
1505 1126 1590 1163 eius
1625 1124 1711 1162 filio

281 1206 352 1230 suo
394 1195 516 1236 dedit,
561 1201 671 1233 ratus
714 1210 801 1234 cum
842 1198 1009 1247 imperio
1041 1198 1319 1235 auctoritatem
1352 1211 1509 1247 quoque
1541 1198 1577 1234 ei
1608 1197 1712 1234 inter

238 1265 473 1303 7Numidas
506 1271 747 1317 erepturum.
798 1269 915 1316 Quod
946 1270 1062 1318 longe
1094 1270 1210 1306 aliter
1241 1269 1388 1315 evenit;
1422 1282 1511 1307 nam
1537 1272 1710 1306 veterem

280 1337 456 1375 favorem
497 1340 581 1377 eius
622 1353 692 1378 sua
724 1341 887 1390 insuper
917 1341 1069 1378 invidia
1100 1341 1230 1387 auxit3
1275 1353 1403 1390 neque
1435 1341 1504 1377 ille
1535 1339 1712 1389 indigni·

279 1414 406 1449 tatem
445 1411 601 1448 iniuriae
641 1412 737 1449 tulit
768 1413 1054 1462 confestimque
1085 1413 1135 1450 ad
1167 1412 1372 1450 Laevinum
1404 1412 1580 1450 occultos
1610 1424 1712 1448 nun-

238 1482 358 1521 8tios
404 1483 516 1520 misit
562 1483 608 1520 de
653 1484 848 1521 tradendo
880 1484 1121 1533 Agrigento.
1181 1484 1259 1521 Per
1297 1497 1394 1533 quos
1432 1487 1477 1521 ut
1515 1487 1574 1521 est
1603 1484 1710 1520 facta

280 1554 379 1592 fides
424 1555 748 1605 compositusque
794 1556 853 1593 rei
890 1555 1072 1605 gerendae
1110 1556 1260 1602 modus,
1304 1559 1461 1605 portam
1507 1554 1556 1591 ad
1601 1566 1710 1591 mare

279 1627 471 1665 ferentem
503 1627 688 1665 Numidae
719 1641 840 1677 quum
872 1631 1142 1677 occupassent,
1187 1627 1313 1677 pulsis
1353 1627 1447 1664 inde
1478 1624 1710 1663 custodibus

279 1702 350 1736 aut
381 1699 503 1745 caesis,
521 1699 723 1737 Romanos
754 1699 805 1736 ad
838 1699 880 1737 id
911 1699 1041 1749 ipsum
1066 1699 1206 1736 missos
1233 1700 1273 1737 in
1298 1699 1436 1736 urbem
1460 1700 1710 1747 acceperunt.

238 1770 333 1809 9Et
378 1783 499 1820 quum
546 1771 702 1818 agmine
741 1771 818 1807 iam
857 1771 898 1808 in
936 1771 1066 1808 media
1096 1771 1208 1808 urbis
1239 1784 1283 1808 ac
1313 1771 1440 1807 forum
1472 1782 1614 1817 magno
1645 1771 1706 1805 tu-

277 1842 406 1880 multu
446 1843 584 1888 iretur,
630 1847 742 1880 ratus
778 1842 938 1889 Hanno,
983 1856 1059 1880 non
1099 1843 1208 1880 aliud
1247 1855 1364 1892 quam
1402 1842 1617 1880 tumultum
1663 1853 1708 1877 ac

278 1915 554 1960 secessionem,
569 1914 610 1951 id
628 1914 734 1964 quod
753 1918 791 1952 et
807 1918 899 1952 ante
916 1914 1127 1961 acciderat,
1142 1913 1406 1952 Numidarum
1423 1926 1520 1959 esse,
1536 1913 1587 1950 ad
1604 1925 1707 1950 com-

206 1986 258 2024 10
275 1986 522 2037 primendam
545 1987 778 2024 seditionem
795 1987 1001 2035 processit.
1041 1986 1177 2036 Atque
1195 1986 1276 2032 ille,
1297 1998 1417 2035 quum
1435 1985 1471 2022 ei
1488 1983 1706 2022 multitudo

277 2059 404 2096 maior
429 2072 547 2107 quam
571 2057 834 2095 Numidarum
860 2058 999 2108 procul
1025 2058 1110 2095 visa
1134 2061 1172 2094 et
1195 2058 1344 2095 clamor
1359 2057 1564 2095 Romanus
1580 2054 1706 2092 haud-

279 2143 477 2180 quaquam
504 2130 663 2177 ignotus
688 2130 738 2166 ad
763 2143 879 2167 aures
903 2130 1123 2175 accidisset,
1149 2129 1386 2179 priusquam
1412 2127 1463 2166 ad
1488 2128 1610 2165 ictum
1632 2126 1707 2164 teli

208 2201 228 2239 1
242 2202 260 2238 1
279 2202 444 2247 veniret,
463 2201 632 2250 capessit
650 2202 795 2249 fugam.
838 2202 919 2239 Per
934 2215 1111 2239 aversam
1127 2207 1283 2251 portam
1300 2201 1477 2245 emissus,
1501 2200 1704 2248 assumpto

277 2274 420 2312 comite
438 2273 631 2322 Epicyde,
658 2286 744 2310 cum
770 2274 907 2322 paucis
933 2274 983 2311 ad
1007 2286 1114 2311 mare
1130 2272 1330 2323 pervenit;
1358 2271 1544 2320 nactique
1561 2281 1703 2319 oppor-

274 2350 370 2384 tune
386 2358 553 2396 parvum
570 2345 785 2393 navigium,
804 2345 945 2381 relicta
962 2344 1145 2382 hostibus
1157 2343 1308 2391 Sicilia,
1321 2344 1369 2380 de
1381 2355 1460 2392 qua
1473 2355 1545 2392 per
1560 2344 1622 2378 tot
1637 2352 1705 2377 an-

206 2417 257 2455 12
275 2431 346 2455 1108
364 2420 555 2456 certatum
574 2419 671 2462 erat,
690 2417 729 2454 in
740 2415 922 2453 Africam
938 2417 1191 2453 traiecerunt.
1223 2414 1321 2452 Alia
1337 2413 1551 2452 multitudo
1561 2412 1702 2449 Poeno-

274 2503 362 2527 rum
396 2489 712 2538 Siculorumque,
750 2501 798 2524 ne
827 2490 980 2525 tentato
1009 2487 1171 2537 quidem
1203 2487 1428 2524 certamine.
1465 2497 1584 2534 quum
1610 2481 1703 2520 caeci

276 2562 318 2598 in
348 2561 483 2611 fugam
514 2564 677 2598 ruerent
707 2559 911 2609 clausique
943 2559 1070 2597 exitus
1101 2562 1243 2604 essent,
1283 2558 1386 2595 circa
1423 2559 1560 2607 portas
1592 2567 1701 2592 caesa.

202 2632 253 2670 13
274 2631 432 2683 Oppido
464 2636 638 2682 recepto,
671 2632 870 2678 Laevinus,
901 2631 969 2680 qui
1000 2630 1133 2680 capita
1162 2642 1296 2666 rerum
1326 2627 1544 2678 Agrigenti
1575 2627 1702 2672 erant,
