1789 2955
263 104 289 141 4
660 99 776 134 Liber
801 98 946 135 XXVI.
997 100 1057 145 (A.
1084 112 1117 134 u.
1145 110 1173 133 c.
1199 99 1293 142 543.)

221 228 394 275 2Quum
427 226 546 264 effuse
579 239 712 264 omnes
743 227 939 275 fugerent,
985 239 1025 262 se
1065 239 1222 275 quoque
1259 225 1378 262 turba
1409 224 1601 268 ablatum,
1647 226 1693 260 ut

222 299 244 336 3
264 299 484 336 Varronem
504 296 701 334 Cannensi
729 311 874 347 pugna,
899 300 945 334 ut
971 297 1114 334 multos
1132 297 1231 334 alios
1248 297 1517 346 imperatores,
1581 294 1692 341 Quid

264 373 395 407 autem
427 369 551 406 solum
585 382 623 405 se
654 372 871 406 restantem
903 369 1089 418 prodesse
1121 368 1178 405 rei
1208 368 1392 417 publicae,
1421 367 1556 404 nisisi
1586 379 1692 403 mors

215 442 240 478 4
258 455 328 478 sua
358 440 536 478 remedio
567 440 744 489 publicis
774 440 956 478 cladibus
983 442 1117 477 futura
1144 443 1256 485 esset,
1287 438 1492 488 potuisse?
1537 438 1625 475 Non
1650 450 1692 474 se

265 513 400 562 inopia
423 515 661 549 commeatus
686 511 794 561 [non]
822 513 862 548 in
886 512 973 548 loca
1005 511 1143 560 iniqua
1174 511 1330 548 incaute
1361 509 1584 554 deductum,
1614 521 1695 545 non

263 585 420 634 agmine
452 582 702 631 inexplorato
739 587 895 620 euntem
928 582 1084 619 insidiis
1117 582 1445 627 circumventum,
1478 582 1517 618 vi
1544 582 1693 629 aperta,

264 656 396 702 armis,
428 655 511 692 acie
543 654 704 692 victum.
760 655 843 691 Nec
875 667 1034 690 suorum
1066 654 1217 690 animos
1248 666 1319 690 nec
1350 653 1521 690 hostium
1556 652 1595 688 in
1626 665 1695 701 po-

265 730 409 764 testate
440 726 644 772 habuisse3
686 739 799 763 suum
832 727 974 775 cuique
1005 725 1208 775 ingenium
1240 725 1445 762 audaciam
1479 728 1547 761 aut
1576 737 1696 773 pavo·

225 800 246 836 5
265 811 348 835 rem
373 799 515 834 faeere.
573 797 644 833 Bis
662 801 721 834 est
737 801 943 834 accusatus
959 798 1207 847 pecuniaque
1225 797 1482 846 anquisitum.
1544 796 1694 844 Tertio,

263 870 431 907 testibus
463 869 580 915 datis,
611 882 743 917 quum,
775 872 1038 918 praeterquam
1072 867 1178 918 quod
1210 868 1394 905 omnibus
1419 868 1580 918 probris
1606 881 1698 905 one-

263 943 442 986 rabatur,
474 940 595 977 iurati
625 940 816 989 permulti
848 940 1037 985 dicerent,
1081 939 1186 988 fugae
1216 941 1455 989 pavorisque
1487 941 1644 977 initium
1675 953 1698 977 a

222 1014 244 1050 6
263 1017 433 1063 praetore
465 1016 607 1058 ortum,
639 1011 687 1048 ab
721 1025 765 1048 eo
799 1011 977 1048 desertos
1009 1011 1165 1057 milites,
1198 1025 1318 1060 quum
1348 1011 1455 1049 haud
1483 1025 1624 1049 vanum
1649 1012 1697 1049 ti-

266 1098 412 1122 morem
445 1083 556 1120 ducis
589 1084 805 1130 crederent,
844 1086 958 1131 terga
991 1083 1158 1129 dedisse,
1195 1087 1309 1120 tanta
1341 1083 1401 1120 ira
1432 1097 1596 1121 accensa
1628 1087 1699 1130 est,

226 1157 309 1193 7ut
355 1156 486 1204 capite
532 1154 824 1204 anquirendum
865 1155 996 1191 contio
1035 1155 1306 1192 succlamaret.
1369 1155 1432 1191 De
1465 1143 1509 1191 eo
1541 1167 1700 1204 quoque

266 1240 411 1264 novum
444 1230 643 1263 certamen
676 1230 824 1273 ortum3
868 1239 959 1263 nam
1001 1239 1122 1275 quum
1154 1225 1215 1262 bis
1247 1226 1415 1275 pecunia
1447 1226 1698 1275 anquisisset‚

223 1299 386 1336 Stert-io
427 1298 569 1347 capitis
608 1312 648 1334 se
689 1299 901 1347 anquirere
940 1297 1102 1343 diceret,
1147 1297 1301 1334 tribuni
1340 1298 1469 1346 plebis
1508 1298 1700 1347 appellati

271 1370 436 1418 collegae
467 1374 665 1418 negarunt
696 1384 736 1406 se
768 1370 807 1406 in
839 1382 951 1406 mora
982 1383 1075 1415 esse,
1112 1382 1189 1418 quo
1219 1369 1359 1414 minus,
1391 1369 1496 1418 quod
1528 1370 1563 1406 ei
1596 1383 1703 1407 more

269 1442 460 1478 maiorum
501 1442 735 1490 permissum
776 1444 888 1486 esset,
937 1455 1004 1478 seu
1045 1441 1201 1489 legibus
1241 1454 1310 1477 seu
1341 1441 1520 1478 moribus
1551 1441 1699 1489 mallet,

269 1513 509 1562 anquireret,
551 1512 680 1561 quoad
711 1513 773 1549 vel
807 1513 950 1562 capitis
981 1513 1046 1550 vel
1076 1512 1255 1561 pecuniae
1288 1512 1503 1549 iudicasset
1532 1513 1702 1562 privato,

222 1586 243 1621 9
263 1584 363 1621 Tum
397 1583 654 1633 Sempronius
686 1584 980 1632 perduellionis
1021 1597 1061 1621 se
1100 1583 1277 1620 iudicare
1310 1583 1380 1621 Cn.
1414 1584 1559 1621 Fulvio
1591 1583 1703 1629 dixit,

197 1658 247 1694 10
265 1657 448 1705 diemque
481 1656 651 1693 comitiis
675 1657 723 1692 ab
743 1656 784 1692 C.
803 1655 1027 1704 Calpurnio
1059 1658 1230 1704 praetore
1261 1656 1414 1692 urba-no
1446 1656 1556 1704 petit.
1603 1654 1703 1692 Inde

269 1729 348 1765 alia
381 1741 470 1777 spes
502 1727 551 1764 ab
584 1741 652 1764 reo
683 1730 840 1764 tentata
872 1730 942 1772 est,
975 1727 1008 1762 si
1039 1726 1177 1763 adesse
1210 1727 1248 1763 in
1283 1727 1432 1764 iudicio
1464 1727 1510 1774 Q.
1536 1727 1702 1763 Fulvius

268 1801 390 1836 frater
421 1802 565 1848 posset,
597 1799 740 1835 florens
772 1802 855 1834 tum
889 1801 927 1834 et
957 1798 1061 1835 fama
1091 1811 1223 1834 rerum
1254 1802 1454 1846 gestarum
1482 1802 1520 1836 et
1543 1799 1703 1848 propin-

198 1872 243 1907 11
266 1885 344 1920 qua
370 1884 438 1919 spe
456 1871 602 1919 Capuae
626 1869 849 1918 potiundae.
898 1869 946 1905 Id
978 1883 1098 1918 quum
1132 1883 1201 1919 per
1234 1870 1390 1906 litteras
1422 1870 1706 1907 miserabiliter

270 1956 342 1991 pro
369 1942 505 1979 fratris
530 1942 661 1990 capite
687 1942 857 1990 scriptas
876 1941 1043 1990 petisset
1062 1941 1240 1983 Fulvius,
1264 1946 1553 1990 negassentque
1570 1945 1704 1990 patres

199 2015 247 2049 12
268 2028 287 2050 e
313 2027 355 2050 re
381 2013 544 2062 publica
570 2026 652 2049 esse
677 2013 837 2049 abscedi
869 2026 890 2049 a
909 2012 1057 2062 Capua,
1091 2016 1303 2061 postquam
1335 2013 1419 2050 dies
1452 2013 1702 2050 comitiorum

272 2085 423 2129 aderat,
452 2084 522 2120 Cn.
541 2084 709 2120 Fulvius
741 2084 962 2121 exsulatum
991 2083 1232 2132 Tarquinios
1267 2084 1379 2122 abiit.
1425 2084 1474 2121 Id
1499 2084 1536 2121 ei
1559 2085 1704 2121 iustum

273 2156 456 2193 exsilium
489 2169 571 2191 esse
604 2156 722 2192 scivit
752 2156 876 2204 plebs.

395 2227 508 2263 Inter
539 2226 621 2262 haec
653 2226 713 2262 vis
745 2227 870 2263 omnis
902 2227 995 2263 belli
1019 2240 1133 2263 versa
1158 2227 1196 2263 in
1216 2226 1392 2276 Capuam
1417 2231 1516 2274 erat3
1549 2226 1705 2264 obside-

277 2298 395 2335 batur
412 2302 544 2335 tamen
563 2298 694 2334 acrius
713 2311 828 2346 quam
848 2298 1168 2346 oppugnabatur,
1193 2311 1264 2335 nec
1290 2302 1358 2335 aut
1381 2299 1519 2335 famem
1536 2299 1709 2334 tolerare

275 2370 439 2407 servitia
470 2383 514 2406 ac
545 2369 658 2418 plebs
689 2372 875 2417 poterant
905 2373 973 2406 aut
998 2370 1155 2406 mittere
1180 2370 1340 2407 nuntios
1365 2370 1415 2407 ad
1436 2369 1706 2406 Hannibalem

231 2443 252 2476 2
272 2454 343 2490 per
375 2441 575 2478 custodias
608 2444 689 2477 tam
721 2444 839 2477 artas.
899 2441 1093 2477 inventus
1132 2444 1192 2478 est
1222 2441 1409 2489 Numida,
1450 2440 1531 2489 qui,
1569 2452 1705 2489 accep-

274 2513 326 2549 tis
359 2512 508 2549 litteris
541 2524 750 2548 evasurum
784 2525 824 2547 se
855 2513 1067 2560 professus,
1100 2515 1309 2560 praestaret
1333 2512 1581 2561 promissum.
1629 2511 1710 2547 Per

276 2583 405 2620 media
436 2583 618 2620 Romana
643 2586 774 2619 castra
798 2587 913 2619 nocte
939 2595 1120 2630 egressus
1148 2596 1254 2632 spem
1280 2583 1460 2620 accendit
1485 2582 1709 2631 Campanis,

276 2655 365 2691 dum
397 2654 551 2703 aliquid
577 2654 722 2691 virium
748 2658 983 2704 superesset,
1015 2653 1064 2689 ab
1089 2655 1194 2690 omni
1218 2660 1330 2704 parte
1355 2655 1598 2704 eruptionem
1622 2657 1706 2690 ten-
