1789 2955
540 95 646 127 Liber
667 95 794 127 xxiv,
845 95 900 137 (A.
924 95 985 127 Ch.
1008 95 1103 138 214.)
1441 96 1526 138 213

110 230 248 268 nisset.
310 227 444 265 Primo
476 228 529 264 ad
564 226 748 264 Castrum
781 228 927 264 Album
960 226 1087 279 (locus
1120 233 1181 265 est
1211 228 1380 277 insignis
1413 225 1568 266 caede3

110 300 246 349 magni
271 295 524 348 Hamilcaris)
550 303 680 335 castra
703 299 877 334 Romani
902 299 1093 335 habuere.
1146 300 1227 335 Arx
1251 304 1336 334 erat
1358 299 1525 343 munita,
1540 296 1568 336 4

111 376 151 407 et
174 374 447 407 convexerant
470 373 564 405 ante
589 369 832 405 frumentum
841 379 850 413 ;
876 373 1026 413 tamen,
1053 369 1146 417 quia
1170 369 1308 405 omnia
1332 369 1437 405 circa
1454 369 1527 405 ho-

111 441 228 479 stium
259 440 381 489 plena
413 444 540 483 erant,
574 451 803 487 agmenque
826 440 1055 476 Romanum
1088 440 1253 488 impune
1281 439 1527 476 incursatum

110 513 162 548 ab
190 511 390 560 equitibus
417 509 590 546 hostium
620 509 750 546 fuerat
778 515 817 546 et
844 511 898 546 ad
925 511 1008 547 duo
1038 510 1159 546 millia
1186 515 1255 546 aut
1277 514 1527 546 moratorum

110 588 180 620 aut
201 581 422 631 palantium
447 592 519 629 per
542 592 662 628 agros
687 580 912 625 interfecta,
939 592 1098 617 cessere
1122 580 1220 617 inde
1236 580 1411 617 Romani
1435 592 1528 628 pro-

110 653 199 703 pius
223 656 370 702 pacata
393 652 484 688 loca
509 655 548 687 et
572 651 626 687 ad
650 655 831 687 montem
850 650 1040 687 Victoriae
1064 656 1196 687 castra
1214 650 1527 687 communivere.

110 723 172 761 Eo
206 723 282 760 Cn.
315 721 451 770 Scipio
491 733 580 758 cum
614 722 801 758 omnibus
834 722 961 770 copiis
995 727 1035 758 et
1068 721 1300 758 Hasdrubal
1333 717 1569 769 Gisgonis5

111 795 224 838 filius,
257 793 395 830 tertius
428 791 822 840 Carthaginiensium
855 793 949 837 dux,
983 804 1073 829 cum
1107 792 1283 829 exercitu
1315 791 1421 828 iusto
1455 792 1528 827 ad-

110 865 231 909 venit,
265 869 488 912 contraque
520 868 651 900 castra
673 864 860 900 Romana
891 868 1002 901 trans
1034 862 1195 899 fluvium
1219 875 1362 899 omnes
1385 875 1529 899 conse-

111 937 222 972 dere.
285 935 328 972 P.
352 935 488 983 Scipio
519 947 609 971 cum
638 935 836 983 expeditis
866 936 968 971 clam
998 934 1204 983 profectus
1232 934 1287 969 ad
1310 934 1400 970 loca
1423 932 1568 971 circass

110 1006 280 1043 visenda
302 1005 410 1042 haud
434 1004 573 1041 fefellit
594 1005 746 1049 hostes,
777 1005 1156 1054 oppressissentque
1179 1017 1270 1040 eum
1292 1005 1332 1040 in
1355 1004 1529 1052 patenti-

110 1078 185 1113 bus
217 1076 383 1125 campis‚
416 1076 457 1112 ni
489 1077 682 1112 tumulum
715 1077 756 1112 in
778 1077 1009 1125 propinquo
1033 1076 1220 1124 cepisset.
1282 1075 1341 1110 Ibi
1364 1086 1528 1122 quoque

111 1147 396 1184 circumsessus
413 1147 591 1182 adventu
609 1146 738 1183 fratris
757 1147 976 1184 obsidione
993 1147 1188 1183 eximitur.
1233 1144 1414 1189 Castulo,
1433 1145 1527 1181 urbs
1543 1144 1565 1183 7

111 1217 320 1267 Hispaniae
343 1218 477 1254 valida
500 1229 550 1254 ac
572 1218 720 1254 nobilis
745 1223 785 1254 et
802 1217 909 1253 adeo
928 1217 1146 1254 coniuncta
1164 1217 1361 1253 societate
1378 1217 1527 1261 Poenis,

111 1293 154 1324 ut
184 1300 284 1324 uxor
303 1289 402 1325 inde
424 1288 643 1325 Hannibali
666 1294 786 1332 esset,
821 1289 875 1324 ad
897 1289 1109 1324 Romanos
1132 1287 1295 1324 defecit.
1360 1287 1528 1324 Cartha·
1544 1285 1568 1325 8

110 1358 316 1407 ginienses
339 1358 532 1407 Iliturgim
557 1371 796 1408 oppugnare
820 1358 966 1403 adorti,
998 1359 1092 1407 quia
1116 1358 1347 1407 praesidium
1370 1358 1425 1394 ibi
1450 1359 1531 1395 Ro-

111 1441 276 1466 manum
308 1435 411 1474 erat3
444 1430 766 1478 videbanturque
798 1430 937 1478 inopia
968 1430 1143 1466 maxime
1175 1442 1266 1466 eum
1298 1430 1431 1466 locum
1465 1441 1532 1465 ex-

112 1500 341 1548 pugnaturi.
390 1499 465 1537 Cn.
484 1500 633 1549 Scipio,
658 1506 702 1537 ut
719 1501 839 1537 sociis
857 1501 1129 1548 praesidioque
1147 1500 1267 1536 ferret
1285 1512 1420 1549 opem,
1440 1511 1529 1536 cum
1545 1497 1570 1537 9

112 1570 275 1618 legione
297 1571 488 1619 expedita
510 1571 715 1620 profectus
737 1571 841 1607 inter
862 1571 957 1607 bina
981 1576 1111 1607 castra
1134 1583 1223 1607 cum
1245 1583 1395 1619 magna
1418 1571 1532 1607 caede

112 1640 289 1677 hostium
301 1642 440 1677 urbem
454 1647 515 1678 est
526 1642 744 1690 ingressus,
765 1646 804 1677 et
815 1646 980 1690 postero
994 1641 1061 1677 die
1075 1641 1286 1689 eruptione
1299 1653 1413 1688 aeque
1427 1640 1532 1677 felici

112 1711 320 1760 pugnavit.
377 1712 504 1760 Supra
522 1712 743 1748 duodecim
760 1711 881 1748 millia
899 1712 1107 1748 hominum
1126 1724 1230 1749 caesa
1248 1712 1409 1748 duobus
1427 1723 1531 1759 proe-
1550 1708 1603 1749 10

112 1781 192 1825 liis;
217 1782 305 1830 plus
329 1782 436 1818 mille
460 1782 668 1819 hominum
687 1787 848 1831 captum
866 1794 955 1819 cum
975 1794 1044 1818 sex
1062 1787 1102 1818 et
1118 1783 1280 1831 triginta
1297 1782 1532 1818 militaribus

114 1852 252 1901 signis.
306 1852 366 1889 Ita
391 1854 442 1889 ab
466 1852 616 1901 Iliturgi
640 1865 843 1889 recessum
868 1858 942 1889 est.
989 1852 1155 1901 Bigerra
1177 1853 1275 1889 inde
1299 1853 1393 1888 urbs
1418 1850 1532 1902 (socii
1551 1849 1598 1889 11

114 1928 154 1959 et
178 1923 216 1959 hi
234 1923 511 1960 Romanorum
536 1921 664 1974 erant)
689 1936 713 1960 a
732 1922 1135 1972 Carthaginiensibus
1153 1923 1380 1972 oppugnari
1399 1927 1534 1971 coepta

113 1998 188 2030 est.
251 1993 352 2030 Eam
386 1994 645 2031 obsidionem
679 1994 765 2030 sine
798 1994 1017 2031 certamine
1049 1995 1273 2031 adveniens
1296 1993 1372 2030 Cn.
1395 1993 1532 2042 Scipio

114 2063 243 2100 solvit.
305 2065 372 2101 Ad
394 2064 592 2101 Mundam
622 2065 770 2101 exinde
800 2070 933 2102 castra
956 2065 1109 2102 Punica
1137 2070 1262 2109 mota,
1293 2070 1334 2101 et
1354 2064 1530 2101 Romani
1593 2059 1658 2104 42

114 2146 165 2171 eo
199 2134 414 2171 confestim
446 2136 572 2172 secuti
605 2141 710 2172 sunt.
772 2136 831 2172 Ibi
864 2137 989 2185 signis
1022 2136 1178 2173 collatis
1210 2140 1433 2184 pugnatum
1462 2133 1575 2184 per2

115 2210 304 2253 quattuor
321 2205 445 2242 ferme
463 2206 597 2249 horas,
617 2207 860 2255 egregieque
877 2207 1130 2243 vincentibus
1143 2206 1353 2250 Romanis,
1373 2206 1531 2255 signum

113 2275 292 2324 receptui
324 2281 386 2312 est
417 2276 571 2320 datum,
605 2278 718 2325 quod
751 2276 826 2314 Cn.
856 2277 1056 2326 Scipionis
1089 2277 1216 2313 femur
1247 2278 1402 2325 tragula
1435 2288 1533 2313 con-

114 2346 235 2382 fixum
261 2351 346 2383 erat
368 2358 576 2395 pavorque
601 2347 707 2383 circa
733 2359 823 2384 eum
849 2352 1014 2396 ceperat
1030 2347 1188 2392 milites,
1214 2360 1267 2384 ne
1283 2347 1532 2383 mortiferum

115 2421 223 2454 esset
245 2417 400 2454 vulnus.
460 2416 648 2454 Ceterum
674 2418 783 2454 haud
809 2418 976 2454 dubium
1000 2418 1085 2463 fuit,
1111 2419 1220 2466 quin,
1245 2418 1320 2454 nisi
1347 2430 1395 2453 ea
1419 2415 1574 2456 mora3

114 2487 407 2532 intervenisset,
439 2493 570 2524 castra
597 2500 648 2525 eo
677 2489 745 2524 die
772 2488 924 2525 Punica
953 2489 1042 2537 capi
1070 2489 1293 2537 potuerint;
1327 2500 1421 2524 nam
1449 2500 1534 2524 non

115 2557 259 2594 milites
283 2558 426 2602 solum,
452 2559 525 2595 sed
550 2559 753 2607 elephanti
779 2559 900 2595 etiam
923 2571 1051 2607 usque
1075 2560 1130 2595 ad
1147 2559 1290 2595 vallum
1309 2559 1387 2595 acti
1406 2563 1533 2602 erant,
