1789 2955
243 117 326 158 213
654 115 757 146 Liber
783 115 908 146 xxlv.
958 113 1012 157 (A.
1040 126 1070 146 u.
1097 126 1126 147 e.
1153 115 1249 157 541.)

243 247 573 284 admoverentur:
607 252 748 296 parata
781 247 918 283 omnia
941 252 1062 295 atque
1085 248 1277 284 instructa
1300 259 1389 285 sese
1413 248 1651 286 habiturum.

199 310 227 350 4
242 317 301 352 Ea
325 317 494 365 impigre
519 317 645 362 facta;
672 322 712 353 et
729 318 842 364 quod
858 317 1192 366 impedimentum
1210 319 1422 366 agentibus
1440 318 1526 355 fore
1544 319 1653 355 vide-

241 387 368 431 batur,
394 387 437 422 id
461 389 632 424 maxime
656 389 709 424 ad
736 387 957 424 fallendum
983 389 1147 424 adiuvit.
1195 388 1326 425 Imber
1350 390 1401 425 ab
1425 395 1546 426 nocte
1571 402 1653 425 me-

240 457 308 493 dia
348 463 511 494 coortus
550 459 742 495 custodes
780 457 999 505 vigilesque
1033 458 1214 506 dilapsos
1247 471 1269 494 e
1302 459 1541 496 stationibus
1573 459 1654 496 suf-

198 522 378 575 5fugere
416 528 457 563 in
497 533 603 565 tecta
635 528 782 576 coegit,
823 528 1059 576 sonitusque
1092 529 1221 576 primo
1254 529 1434 578 largioris
1466 530 1654 578 procellae

239 597 446 646 strepitum
463 599 714 634 molientium
732 604 889 646 portam
910 599 1089 634 exaudiri
1108 599 1324 647 prohibuit,
1343 600 1488 636 lentior
1500 600 1653 636 deinde

239 668 510 715 aequaliorque
535 669 727 705 accidens
752 669 912 704 auribus
937 680 1130 716 magnam
1147 676 1302 717 partem
1320 670 1527 706 hominum
1545 670 1653 719 sopi-

197 733 302 774 6vit.
366 738 587 786 Postquam
619 744 778 787 portam
812 739 1019 782 tenebant,
1066 740 1291 777 cornicines
1323 740 1363 776 in
1396 740 1459 776 via
1490 741 1653 789 paribus

198 803 219 843 7
236 808 451 845 intervallis
476 809 697 857 dispositos
721 820 866 846 canere
890 808 1042 851 iubent,
1068 815 1111 845 ut
1135 811 1342 847 consulem
1367 811 1556 847 excirent.
1605 810 1653 847 Id

238 879 303 913 ubi
344 878 494 915 factum
527 891 574 915 ex
607 879 837 927 composito
871 884 943 923 est,
979 879 1096 927 signa
1128 879 1257 916 efferri
1290 881 1432 917 consul
1463 881 1573 917 iubet
1603 893 1651 918 ac

111 941 174 985 47
236 949 356 996 paulo
375 955 470 986 ante
487 950 616 986 lucem
634 962 705 998 per
723 949 928 985 effractam
946 955 1108 998 portam
1121 951 1259 986 urbem
1271 951 1505 999 ingreditur.
1547 952 1653 988 Tum

237 1020 399 1055 demum
433 1021 571 1056 hostes
604 1020 763 1056 excitati
796 1025 900 1064 sunt,
933 1021 1014 1056 iam
1051 1026 1090 1056 et
1121 1021 1252 1065 imbre
1272 1021 1587 1069 conquiescente
1613 1029 1652 1058 et

195 1085 463 1138 2propinqua
489 1091 589 1126 luce.
639 1090 873 1126 Praesidium
897 1091 937 1126 in
962 1091 1059 1127 urbe
1086 1096 1171 1127 erat
1195 1090 1448 1136 Hannibalis,
1474 1092 1652 1141 quinque

235 1160 356 1196 millia
389 1160 512 1196 ferme
546 1165 803 1205 armatorum,
838 1167 877 1196 et
909 1161 984 1209 ipsi
1014 1162 1154 1209 Arpini
1186 1163 1258 1198 tria
1291 1162 1411 1198 millia
1444 1163 1651 1199 hominum

235 1236 450 1266 armarant.
499 1231 583 1267 Eos
608 1231 758 1278 primos
783 1231 910 1275 Poeni,
936 1244 988 1267 ne
1015 1232 1115 1279 quid
1141 1233 1191 1268 ab
1215 1238 1329 1281 tergo
1355 1232 1506 1270 fraudis
1530 1240 1649 1277 esset,

197 1296 222 1335 3
238 1301 343 1336 hosti
369 1306 661 1349 opposuerunt.
721 1301 947 1349 Pugnatum
972 1302 1100 1350 primo
1125 1303 1166 1338 in
1190 1303 1365 1339 tenebris
1389 1304 1650 1352 angustisque

235 1370 304 1407 viis
337 1376 410 1407 est.
475 1371 608 1416 Quum
644 1371 818 1407 Romani
849 1384 934 1408 non
966 1372 1048 1408 vias
1079 1378 1246 1416 tanturn,
1287 1374 1361 1409 sed
1394 1379 1500 1410 tecta
1530 1375 1649 1410 etiam

234 1441 416 1489 proxima
441 1446 567 1489 portae
593 1447 876 1490 occupassent,
901 1455 952 1478 ne
978 1443 1059 1490 peti
1085 1455 1258 1492 superne
1277 1456 1324 1479 ac
1342 1444 1538 1480 vulnerari
1556 1457 1650 1493 pos-

195 1507 223 1547 4
237 1516 339 1555 sent,
366 1511 518 1559 cogniti
542 1512 645 1548 inter
666 1525 704 1547 se
723 1512 887 1560 quidam
905 1514 1126 1562 Arpinique
1145 1519 1185 1549 et
1202 1515 1388 1558 Romani,
1415 1520 1535 1562 atque
1552 1515 1649 1551 inde

234 1581 436 1629 colloquia
454 1587 588 1631 coepta
606 1582 701 1627 fieri,
721 1584 1054 1631 percontantibus
1069 1584 1279 1628 Romanis,
1299 1585 1396 1632 quid
1413 1585 1487 1621 sibi
1505 1585 1651 1621 vellent

193 1648 386 1700 5Arpini,
416 1664 536 1700 quarn
565 1653 618 1688 ob
646 1665 795 1688 noxam
820 1654 1098 1690 Romanorum
1127 1660 1195 1690 aut
1219 1656 1330 1703 quod
1354 1656 1537 1691 meritum
1561 1656 1650 1692 Poe-

233 1734 377 1758 norum
402 1735 475 1771 pro
501 1724 737 1772 alienigenis
762 1736 808 1760 ac
834 1725 1012 1761 barbaris
1037 1725 1163 1762 Italici
1189 1726 1381 1762 adversus
1404 1731 1558 1763 veteres
1585 1738 1649 1763 so-

234 1792 318 1829 cios
337 1793 548 1830 Romanos
575 1795 721 1830 bellurn
746 1800 934 1843 gererent
959 1800 998 1831 et
1023 1795 1263 1844 vectigalem
1280 1807 1327 1832 ac
1346 1796 1649 1844 stipendiariam

192 1860 216 1900 6
232 1863 386 1899 Italiam
404 1863 548 1900 Africae
574 1864 766 1907 facerent,
792 1866 952 1914 Arpinis
977 1867 1258 1915 purgantibus,
1282 1867 1446 1914 ignaros
1471 1868 1648 1903 omnium

233 1945 275 1969 se
308 1946 453 1969 venum
487 1947 510 1970 a
538 1935 784 1983 principibus
808 1936 928 1972 datos
953 1937 1095 1980 Poeno,
1131 1941 1273 1984 captos
1299 1949 1600 1985 oppressosque
1625 1950 1649 1973 a

192 2000 214 2040 7
232 2004 370 2051 paucis
383 2016 486 2040 esse.
535 2004 654 2040 Initio
668 2010 771 2049 orto,
791 2006 923 2053 plures
937 2018 1025 2043 cum
1038 2007 1215 2054 pluribus
1227 1988 1421 2054 colloqui;
1441 2012 1648 2055 postremo

232 2079 378 2121 praetor
400 2075 574 2122 Arpinus
606 2075 656 2110 ab
691 2075 771 2111 suis
801 2076 855 2111 ad
881 2077 1090 2112 consulem
1117 2077 1331 2121 deductus,
1365 2076 1526 2124 fideque
1552 2077 1649 2114 data

230 2144 333 2179 inter
365 2144 480 2192 signa
513 2144 716 2191 aciesque,
750 2146 889 2193 Arpini
921 2152 1089 2194 repente
1124 2158 1198 2195 pro
1224 2147 1420 2183 Romanis
1456 2147 1648 2184 adversus

191 2212 215 2252 8
233 2212 610 2262 Carthaginiensem
636 2227 746 2251 arma
771 2222 985 2253 verterunt.
1036 2216 1209 2265 Hispani
1236 2229 1410 2265 quoque,
1437 2217 1558 2265 paulo
1577 2218 1648 2253 mi-

231 2296 305 2320 nus
338 2285 443 2320 mille
477 2285 674 2329 homines,
709 2286 805 2321 nihil
833 2292 1028 2334 praeterea
1059 2299 1151 2324 cum
1180 2288 1346 2323 consule
1373 2287 1492 2335 pacti,
1526 2299 1646 2335 quam

230 2359 272 2390 ut
300 2354 386 2391 sine
415 2355 556 2390 fraude
581 2355 775 2391 Punicum
804 2356 1049 2392 emitteretur
1080 2357 1322 2405 praesidium,
1357 2357 1411 2392 ad
1438 2357 1647 2393 consulem

192 2423 218 2463 9
231 2426 516 2461 transtulerunt
533 2425 661 2473 signa.
711 2425 1113 2474 Carthaginiensibus
1133 2433 1258 2475 portae
1277 2427 1503 2476 patefactae,
1530 2428 1647 2464 emis-

229 2495 342 2542 sique
365 2507 455 2531 cum
481 2495 560 2531 fide
584 2496 808 2532 incolumes
832 2497 886 2532 ad
911 2496 1183 2533 Hannibalem
1208 2497 1410 2545 Salapiam
1438 2504 1645 2534 venerunt.

163 2563 214 2603 10
229 2565 323 2613 Arpi
356 2565 442 2601 sine
475 2567 591 2602 clade
623 2566 750 2610 ullius,
786 2572 1051 2614 praeterquam
1088 2567 1204 2603 unius
1237 2566 1379 2603 veteris
1412 2568 1644 2616 proditoris,

162 2634 209 2673 11
227 2635 321 2671 novi
339 2635 530 2684 perfugae,
556 2636 724 2673 restituti
743 2637 797 2672 ad
816 2638 1038 2673 Romanos.
1093 2636 1285 2686 Hispanis
1304 2637 1479 2685 duplicia
1497 2637 1646 2674 cibaria
