1768 2943
261 117 318 158 42
681 115 786 146 Liber
811 115 903 146 XXI.
953 114 1010 157 (A.
1038 126 1068 146 u.
1097 126 1125 146 e.
1152 114 1246 158 536.)

263 245 337 282 mis
361 245 492 282 aureis
517 246 836 295 quadringentis,
864 246 991 283 Dasio
1009 245 1254 283 Brundisino
1281 246 1474 295 praefecto
1501 247 1675 296 praesidii

262 320 466 364 corrupto,
509 316 677 352 traditur
708 315 927 353 Hannibali
961 315 1212 353 Clastidium.
1289 316 1337 353 Id
1376 317 1561 353 horreum
1605 316 1677 353 fuit

195 384 248 424 10
261 386 396 422 Poenis
429 386 665 423 sedentibus
697 387 752 422 ad
776 386 979 423 Trebiam.
1041 387 1086 423 In
1119 387 1300 436 captivos
1333 399 1381 423 ex
1405 387 1553 423 tradito
1577 398 1676 435 prae—

263 456 382 501 sidio,
412 462 454 492 ut
476 456 584 492 fama
611 456 834 493 clementiae
858 457 898 494 in
922 457 1118 506 principio
1136 469 1267 493 rerum
1287 457 1551 505 colligeretur,
1581 456 1677 493 nihil

263 526 440 563 saevitum
474 531 547 562 est.

138 592 202 637 49
383 596 517 642 Quum
544 597 599 632 ad
627 596 816 633 Trebiam
844 602 1028 634 terrestre
1057 597 1304 634 constitisset
1326 597 1487 641 bellum,
1519 596 1677 633 interim

264 666 368 702 circa
400 666 572 702 Siciliam
605 666 836 714 insulasque
868 667 990 704 Italiae
1023 667 1278 704 imminentes
1311 673 1352 704 et
1383 680 1407 703 a
1435 666 1676 716 Sempronio

222 735 248 774 2
263 736 430 772 consule
457 741 496 772 et
519 742 614 773 ante
637 737 855 773 adventum
881 737 966 773 eius
990 743 1094 773 terra
1119 738 1298 786 marique
1321 749 1384 774 res
1407 742 1545 786 gestae.
1609 736 1678 772 Vi·

261 805 360 854 ginti
378 807 687 854 quinqueremes
711 819 800 843 cum
825 807 930 842 mille
953 807 1116 844 armatis
1140 809 1194 844 ad
1213 808 1547 857 depopulandam
1565 818 1677 843 oram

262 875 384 912 Italiae
402 889 426 912 a
439 875 840 925 Carthaginiensibus
857 877 1006 920 missae;
1027 889 1173 914 novem
1185 877 1366 926 Liparas,
1387 883 1481 915 octo
1499 877 1553 913 ad
1571 877 1678 913 insu-

223 944 342 984 3lam
367 946 540 983 Vulcani
564 952 790 991 tenuerunt,
820 952 899 983 tres
925 947 965 982 in
992 946 1135 983 fretum
1160 948 1300 984 avertit
1323 952 1455 984 aestus.
1519 948 1583 983 Ad
1609 959 1678 983 eas

265 1022 506 1065 conspectas
532 1029 555 1053 a
572 1017 765 1053 Messana
787 1016 1006 1053 duodecim
1032 1029 1156 1054 naves
1181 1018 1232 1053 ab
1250 1017 1431 1054 Hierone
1449 1029 1544 1066 rege
1562 1017 1678 1066 Syra—

264 1099 505 1123 cusanorum
529 1087 674 1131 missae,
704 1087 770 1135 qui
795 1092 877 1122 tum
902 1086 1005 1123 forte
1029 1086 1232 1124 Messanae
1255 1093 1341 1123 erat
1364 1088 1570 1124 consulem
1597 1088 1679 1124 Ro-

264 1169 426 1193 manum
445 1158 675 1206 opperiens,
696 1157 804 1193 nullo
821 1162 1074 1205 repugnante
1093 1163 1233 1206 captas
1250 1170 1373 1194 naves
1387 1157 1619 1194 Messanam
1638 1157 1678 1194 in

222 1225 250 1264 4
264 1232 421 1276 portum
441 1229 709 1264 deduxerunt.
743 1227 961 1276 Cognitum
975 1240 1023 1263 ex
1036 1228 1215 1276 captivis,
1233 1233 1378 1277 praeter
1388 1227 1526 1276 viginti
1540 1239 1677 1272 naves,

265 1297 376 1334 cuius
400 1298 475 1346 ipsi
500 1298 637 1334 classis
663 1304 811 1342 essent,
837 1298 877 1334 in
895 1297 1049 1334 Italiam
1074 1298 1229 1342 missas,
1259 1298 1436 1346 quinque
1461 1303 1501 1334 et
1517 1298 1678 1346 triginta

264 1367 362 1404 alias
402 1368 712 1416 quinqueremes
744 1368 918 1405 Siciliam
956 1373 1094 1416 petere
1127 1369 1180 1404 ad
1213 1368 1492 1405 sollicitandos
1524 1373 1678 1405 veteres

221 1435 415 1482 5socios;
449 1438 614 1487 Lilybaei
648 1438 879 1487 occupandi
911 1438 1155 1487 praecipuam
1189 1451 1324 1475 curam
1352 1450 1463 1483 esse;
1497 1439 1677 1483 credere,

261 1509 407 1544 eadem
450 1513 704 1557 tempestate,
753 1520 832 1556 qua
874 1508 950 1557 ipsi
991 1509 1149 1546 disiecti
1192 1508 1337 1554 forent,
1386 1521 1476 1544 eam
1515 1521 1679 1557 quoque

221 1578 246 1616 6
262 1579 432 1616 classem
450 1580 505 1615 ad
523 1579 692 1627 AEgates
710 1579 860 1615 insulas
879 1579 1094 1615 deiectam.
1143 1579 1255 1623 Haec,
1275 1579 1377 1616 sicut
1395 1579 1534 1614 audita
1550 1584 1677 1621 erant,

261 1661 329 1685 rex
353 1648 409 1685 M.
458 1648 621 1685 AEmilio
646 1649 819 1697 praetori,
855 1649 965 1685 cuius
990 1648 1123 1685 Sicilia
1146 1648 1353 1698 provincia
1378 1654 1476 1693 erat,
1511 1649 1678 1697 perscri—

222 1717 243 1757 7
260 1719 329 1764 bit,
356 1725 588 1767 monetque,
608 1724 650 1755 ut
666 1718 886 1767 Lilybaeum
905 1719 1018 1755 firmo
1038 1724 1194 1756 teneret
1210 1719 1413 1768 praesidio.
1463 1718 1676 1768 Extemplo

262 1794 301 1825 et
318 1801 342 1825 a
359 1795 531 1838 praetore
555 1790 660 1826 circa
686 1789 865 1826 civitates
889 1789 999 1825 missi
1027 1789 1149 1838 legati
1165 1789 1405 1838 tribunique,
1425 1789 1496 1836 qui
1509 1800 1605 1825 suos
1623 1790 1677 1825 ad

221 1858 246 1898 8
262 1871 396 1896 curam
431 1860 626 1896 custodiae
658 1860 930 1903 intenderent,
965 1864 1005 1895 et
1029 1865 1124 1895 ante
1149 1859 1285 1896 omnia
1307 1859 1527 1907 Lilybaeum
1549 1859 1676 1895 teneri

261 1935 457 1978 apparatu
475 1929 579 1973 belli,
604 1929 739 1965 edicto
758 1929 983 1977 proposito,
1002 1934 1045 1965 ut
1061 1930 1161 1966 socii
1179 1930 1341 1966 navales
1359 1930 1504 1965 decem
1522 1929 1676 1965 dierum

262 2004 379 2036 cocta
405 1999 553 2036 cibaria
577 1999 630 2035 ad
653 2011 776 2035 naves
805 1998 1022 2043 deferrent,
1052 2003 1105 2043 ut,
1136 1999 1202 2035 ubi
1221 2000 1378 2048 signum
1397 1999 1537 2035 datum
1555 2005 1674 2043 esset,

261 2081 312 2105 ne
345 2069 442 2117 qujd
474 2081 627 2105 moram
654 2068 963 2106 conscendendi
989 2069 1151 2113 faceret,
1186 2082 1338 2118 perque
1361 2081 1523 2106 omnem
1548 2081 1674 2113 oram,

261 2139 327 2187 qui
366 2152 414 2175 ex
447 2139 618 2187 speculis
651 2139 930 2188 prospicerent
962 2141 1250 2176 adventantem
1284 2139 1458 2176 hostium
1492 2140 1674 2183 classem,

219 2208 245 2247 9
260 2209 403 2246 missis.
436 2209 590 2257 Itaque,
606 2222 837 2258 quanquam
856 2210 908 2246 de
921 2210 1118 2246 industria
1130 2210 1329 2246 moderati
1343 2221 1500 2247 cursum
1516 2210 1674 2246 navium

262 2285 374 2315 erant
406 2278 776 2328 Carthaginienses,
810 2284 854 2316 ut
885 2286 979 2316 ante
1012 2281 1141 2317 lucem
1174 2281 1418 2317 accederent
1440 2280 1673 2328 Lilybaeum,

261 2361 506 2398 praesensum
539 2354 674 2386 tamen
708 2355 781 2394 est,
816 2351 908 2398 quia
941 2356 981 2387 et
1012 2351 1106 2387 luna
1137 2362 1293 2399 pernox
1325 2356 1411 2386 erat
1441 2356 1482 2386 et
1509 2350 1674 2387 sublatis

194 2419 247 2459 lO
261 2420 518 2457 armamentis
550 2420 779 2456 veniebant.
843 2420 1056 2470 Extemplo
1089 2421 1243 2468 signum
1269 2421 1407 2457 datum
1431 2433 1479 2456 ex
1502 2420 1674 2469 speculis

261 2495 300 2526 et
332 2490 371 2526 in
399 2491 556 2540 oppido
582 2491 635 2526 ad
660 2502 771 2526 arma
797 2491 1092 2527 conclamatum
1118 2496 1178 2527 est
1202 2496 1243 2527 et
1265 2491 1304 2527 in
1327 2503 1451 2527 naves
1478 2502 1674 2528 conscen-

260 2571 366 2604 sum;
408 2573 500 2609 pars
539 2560 704 2596 militum
742 2560 782 2597 in
815 2562 935 2597 muris
967 2567 1255 2610 portarumque
1287 2561 1540 2606 stationibus,
1581 2573 1673 2610 pars

193 2629 238 2668 11
261 2630 299 2666 in
332 2631 500 2667 navibus
533 2637 659 2668 erant.
723 2630 774 2667 Et
801 2630 1169 2680 Carthaginienses,
1203 2631 1296 2679 quia
1328 2643 1411 2667 rem
1445 2631 1531 2668 fore
1564 2631 1673 2667 haud
