1789 2955
535 86 652 121 Liber
675 85 820 121 XXIX.
871 88 932 130 (A.
960 86 1024 121 Ch.
1050 87 1144 130 204.)
1461 91 1540 127 209

109 213 211 251 tium
245 213 372 262 quieti
402 214 536 250 nautis
568 214 654 250 sine
686 213 899 250 certamine
938 214 988 250 ad
1027 214 1247 251 ministeria
1289 215 1544 263 exsequenda

110 285 210 322 bene
260 284 491 322 obedientes
523 287 780 334 praestarent,
828 297 915 321 cum
957 285 1104 334 viginti
1134 285 1317 322 rostratis
1349 298 1390 322 se
1422 299 1466 322 ac
1498 285 1546 324 L.
1567 285 1616 323 10

109 354 338 405 Scipionem
359 356 409 393 ab
434 355 574 393 dextro
593 369 728 405 cornu,
749 356 798 393 ab
816 355 915 393 laevo
932 356 1103 393 totidem
1120 360 1312 394 rostratas
1335 361 1373 394 et
1392 357 1434 396 C.
1452 358 1539 394 Lae-

111 428 221 474 lium,
253 428 483 477 praefectum
516 427 666 472 classis,
710 441 796 464 cum
836 427 891 464 Μ.
924 427 1070 466 Porcio
1104 428 1254 465 Catone
1288 427 1477 479 (quaestor
1508 430 1543 466 is

111 504 195 536 ‘tum
227 498 329 547 erat)
377 499 571 536 onerariis
617 499 794 535 futurum
841 499 1048 547 praesidio3
1095 500 1245 536 lumina
1291 500 1331 536 in
1378 500 1614 538 navibusll

107 570 268 619 singula
298 574 491 616 rostratae,
538 570 632 608 bina
673 570 863 607 onerariae
895 570 1109 617 haberent,
1155 571 1196 608 in
1228 572 1415 620 praetoria
1445 586 1544 610 nave

108 643 265 691 insigne
298 645 535 679 nocturnum
561 643 682 678 trium
705 642 896 678 luminum
922 642 1016 679 fore.
1062 642 1255 692 Emporia
1285 647 1329 680 ut
1352 647 1545 693 peterent,
1568 642 1615 678 12

109 714 449 763 gubernatoribus
489 713 628 751 edixit.
689 713 977 750 Fertilissimus
1023 727 1119 762 ager
1162 728 1287 763 eoque
1334 716 1544 753 abundans

109 787 284 824 omnium
317 786 431 835 copia
461 798 592 822 rerum
625 789 684 822 est
713 785 836 832 regio,
868 789 906 822 et
939 785 1135 832 imbelles,
1173 787 1279 835 quod
1310 787 1544 836 plerumque

111 859 151 896 in
169 858 284 896 uberi
302 871 398 906 agro
431 857 573 902 evenit,
605 856 769 893 barbari
796 860 898 903 sunt,
930 857 1135 906 priusque,
1170 871 1288 907 quam
1307 859 1356 896 ab
1377 859 1542 897 Cartha-

111 931 203 980 gine
235 929 524 974 subveniretur,
555 928 730 977 opprimi
771 927 1013 965 videbantur
1043 943 1170 978 posse.
1230 931 1287 967 1is
1326 931 1442 968 editis
1475 932 1544 968 im·
1567 928 1616 964 13

109 1002 245 1052 periis,
275 1001 409 1038 redire
442 1000 492 1037 ad
522 1013 643 1037 naves
675 999 772 1036 iussi
804 1003 843 1036 et
872 1005 1032 1049 postero
1061 1001 1125 1038 die
1158 1002 1244 1039 deis
1277 1003 1375 1040 bene
1408 1003 1544 1040 iuvan-

108 1074 217 1112 tibus
249 1073 363 1122 signo
397 1072 488 1109 dato
520 1073 673 1109 solvere
704 1085 836 1109 naves.

222 1145 364 1181 Multae
397 1145 541 1181 classes
573 1143 763 1180 Romanae
804 1157 822 1180 e
854 1142 992 1180 Sicilia
1037 1148 1156 1194 atque
1202 1146 1289 1194 ipso
1322 1145 1393 1182 illo
1425 1148 1544 1194 portu
1630 1140 1686 1187 26

110 1218 300 1268 profectae
332 1218 464 1262 erant;
497 1219 669 1252 ceterum
704 1228 781 1252 non
813 1229 858 1252 eo
890 1215 995 1253 bello
1027 1217 1153 1254 solum
1193 1217 1281 1265 (nec
1312 1217 1353 1252 id
1384 1217 1545 1263 mirum;

108 1289 330 1339 praedatum
364 1288 468 1325 enim
498 1287 772 1323 tantummodo
798 1287 999 1336 pleraeque
1032 1288 1176 1325 classes
1208 1289 1366 1337 ierant),
1397 1289 1465 1325 sed
1497 1301 1545 1324 ne

108 1362 242 1412 priore
274 1360 436 1410 quidem
467 1358 551 1395 ulla
582 1359 776 1407 profectio
806 1359 911 1396 tanti
936 1360 1154 1409 spectaculi
1186 1360 1273 1406 fuit,
1305 1373 1545 1408 quanquam,
1566 1359 1588 1394 2

109 1434 142 1472 si
173 1431 450 1482 magnitudine
483 1430 620 1467 classis
652 1430 881 1478 aestimares,
922 1436 961 1468 et
990 1432 1075 1469 bini
1107 1432 1287 1469 consules
1319 1445 1406 1468 cum
1438 1431 1544 1468 binis

110 1505 350 1543 exercitibus
382 1505 473 1540 ante
503 1502 753 1550 traiecerant,
786 1506 825 1539 et
856 1516 981 1552 prope
1006 1503 1173 1540 totidem
1196 1506 1378 1540 rostratae
1404 1503 1444 1539 in
1461 1502 1545 1539 illis

108 1576 304 1616 classibus
334 1576 504 1620 fuerant,
537 1577 634 1623 quot
665 1574 861 1611 onerariis
895 1573 1030 1624 Scipio
1061 1579 1144 1611 tum
1175 1574 1426 1621 traiiciebat;
1457 1587 1547 1612 nam
1567 1575 1589 1610 3

107 1653 253 1700 praeter
284 1646 552 1697 qnadraginta
578 1646 716 1693 longas
744 1659 865 1684 naves
891 1647 1196 1696 quadringentis
1212 1647 1333 1684 ferme
1351 1646 1545 1683 onerariis

109 1721 330 1760 exercitum
362 1718 550 1756 travexit.
612 1716 691 1754 Sed
738 1722 777 1755 et
822 1718 970 1755 bellum
1017 1718 1122 1755 bello
1160 1718 1378 1755 secundum
1418 1718 1591 1767 priori4

110 1797 157 1831 ut
187 1791 364 1830 atrocius
381 1790 574 1827 Romanis
590 1789 806 1836 videretur,
838 1803 959 1839 quum
976 1790 1082 1839 quod
1111 1790 1152 1826 in
1168 1790 1289 1827 ltalia
1305 1789 1545 1835 bellabatur,

107 1868 192 1903 tum
225 1864 407 1912 ingentes
439 1866 593 1910 strages
624 1864 684 1898 tot
730 1861 999 1908 exercituum,
1046 1862 1162 1899 simul
1210 1862 1322 1899 caesis
1367 1861 1546 1908 ducibus,

111 1936 334 1982 effecerant,
366 1937 405 1971 et
432 1933 567 1983 Scipio
599 1933 680 1970 dux
711 1934 857 1983 partim
883 1934 997 1970 factis
1021 1933 1204 1981 fortibus,
1234 1934 1380 1983 partim
1411 1935 1550 1982 suapte
1570 1931 1592 1968 5

111 2009 272 2046 fortuna
304 2006 475 2056 quadam
502 2007 547 2043 in
565 2005 747 2053 ingentia
775 2006 1020 2042 incrementa
1045 2005 1183 2054 gloriae
1216 2005 1437 2042 celebratus
1456 2017 1546 2041 con-

112 2082 291 2118 verterat
321 2078 485 2124 animos,
517 2077 635 2114 simul
681 2080 719 2113 et
766 2090 875 2114 mens
922 2077 1010 2126 ipsa
1039 2077 1291 2125 traiiciendi‚
1324 2075 1428 2113 nulli
1460 2078 1550 2112 ante
1569 2076 1591 2111 6

114 2166 159 2190 eo
191 2151 297 2188 bello
329 2150 422 2187 duci
453 2152 620 2197 tentata,
654 2148 760 2198 quod
793 2148 843 2186 ad
874 2148 1145 2186 Hannibalem
1177 2147 1465 2186 detrahendum
1497 2160 1546 2184 ex

113 2223 239 2260 Italia
269 2220 671 2270 transferendumque
717 2223 756 2257 et
800 2220 1017 2257 finiendum
1063 2221 1104 2257 in
1136 2220 1281 2259 Africa
1326 2220 1475 2257 bellum
1507 2232 1548 2256 se

114 2294 289 2332 transire
320 2294 570 2342 vulgaverat,
633 2292 899 2329 Goncurrerat
934 2292 984 2329 ad
1016 2293 1289 2342 spectaculum
1322 2292 1364 2328 in
1393 2294 1552 2341 portum
1572 2291 1592 2325 7

118 2366 246 2404 omnis
278 2365 408 2411 turba,
441 2378 519 2402 non
551 2364 817 2401 habitantium
849 2364 966 2402 modo
987 2364 1170 2412 Lilybaei,
1201 2364 1270 2401 sed
1302 2363 1548 2412 legationum

116 2438 291 2476 omnium
323 2450 371 2473 ex
389 2435 545 2486 Sicilia,
579 2449 666 2486 quae
699 2440 738 2473 et
761 2437 811 2473 ad
835 2436 1154 2485 prosequendum
1170 2435 1397 2486 Scipionem
1424 2433 1550 2471 officii

117 2522 235 2546 causa
281 2511 549 2546 convenerant
593 2512 632 2545 et
676 2511 890 2557 praetorem
934 2508 1150 2557 provinciae
1196 2508 1250 2544 M.
1281 2506 1550 2556 Pomponium

121 2584 266 2618 secutae
299 2581 476 2626 fuerant;
523 2579 574 2617 ad
619 2580 693 2616 hoc
740 2580 934 2628 legiones,
982 2592 1068 2628 quae
1110 2579 1151 2615 in
1183 2577 1323 2616 Sicilia
1353 2577 1597 2627 relinque-8

119 2651 289 2699 bantur,
350 2652 399 2689 ad
455 2651 756 2702 prosequendos
802 2650 1092 2688 commilitones
1136 2652 1434 2699 processerant,
1481 2661 1553 2686 nec

188 2722 291 2747 Livius
312 2730 348 2747 ex
368 2730 424 2747 rec.
446 2722 599 2753 Madvigii.
636 2722 689 2747 IV.
1235 2719 1278 2751 14
