1768 2943
239 149 323 189 114
665 148 768 179 Liber
794 148 903 180 xxn.
937 147 992 191 (A.
1020 158 1051 179 u.
1080 158 1108 180 c.
1135 148 1229 192 538.)

234 279 276 316 in
301 284 431 316 castra
456 291 541 323 sua,
569 285 732 315 noctem
757 280 811 316 ad
836 281 1129 328 erumpendum
1153 281 1319 317 liberam
1337 281 1585 325 habuissent,
1612 288 1652 319 et

235 355 391 397 septem
408 349 530 385 millia
547 356 792 387 armatorum
810 350 1019 387 hominum
1037 363 1246 400 erumpere
1265 352 1386 388 etiam
1400 359 1476 398 per
1494 353 1652 390 confer-

234 425 297 457 tos
331 421 468 457 hostes
501 426 683 469 possent,
717 433 850 468 neque
882 433 954 470 per
986 433 1028 458 se
1060 422 1136 470 ipsi
1167 423 1210 458 id
1243 422 1376 459 facere
1400 423 1537 459 conati
1559 429 1652 460 sunt

170 488 223 529 10
235 503 368 539 neque
401 491 521 527 alium
554 491 667 538 sequi
695 492 917 528 voluerunt.
981 491 1112 529 Nocte
1136 505 1265 541 prope
1287 498 1374 529 tota
1396 493 1438 529 P.
1464 494 1652 542 Sempro-

232 562 321 598 nius
341 562 569 598 Tuditanus
593 573 677 597 non
703 562 855 598 destitit
879 574 1060 606 monere,
1090 562 1296 598 adhortari
1321 575 1407 607 eos,
1439 564 1534 599 dum
1553 576 1652 612 pau—

233 632 333 669 citas
363 631 538 668 hostium
563 631 668 668 circa
693 638 836 676 castra,
867 633 963 669 dum
982 634 1095 681 quies
1114 644 1160 668 ac
1179 632 1379 669 silentium
1402 639 1523 678 esset,
1555 635 1652 671 dum

232 714 315 739 nox
331 703 537 750 inceptum
555 708 692 750 tegere
710 709 862 752 posset,
883 715 926 739 se
945 704 1091 739 ducem
1110 709 1391 751 sequerentur:
1411 710 1508 740 ante
1521 705 1652 742 lucem

170 771 216 810 11
233 773 441 821 pervenire
459 773 500 809 in
519 777 603 808 tuta
621 773 724 815 loca,
749 774 790 810 in
808 774 1011 810 sociorum
1029 774 1148 810 urbes
1165 786 1301 822 posse.
1346 775 1399 817 Si,
1425 780 1468 811 ut
1486 787 1651 812 avorum

232 843 427 879 memoria
454 843 497 879 P.
526 843 676 880 Decius
704 845 885 881 tribunus
913 844 1080 880 militum
1107 844 1149 880 in
1176 844 1356 887 Samnio,
1388 845 1432 889 si,
1462 851 1505 881 ut
1532 847 1651 882 nobis

232 914 561 950 adolescentibus
584 915 717 962 priore
735 915 888 951 Punico
913 915 1019 950 bello
1040 913 1279 962 Calpurnius
1298 915 1478 951 Flamma
1495 920 1652 953 trecen-

231 984 280 1020 tis
308 984 553 1029 voluntariis,
583 997 705 1032 quum
733 986 786 1021 ad
814 986 1008 1021 tumulum
1036 998 1108 1021 eos
1137 986 1381 1034 capiendum
1407 986 1525 1022 situm
1549 986 1652 1023 inter

230 1055 390 1091 medios
423 1055 590 1091 duceret
622 1055 774 1096 hostes,
809 1056 926 1092 dixit:
967 1055 1223 1100 «Moriamur,
1257 1056 1414 1100 milites,
1449 1062 1489 1092 et
1520 1062 1651 1093 morte

164 1124 216 1164 12
230 1130 371 1161 nostra
394 1125 609 1174 eripiamus
635 1138 683 1162 ex
709 1126 927 1162 obsidione
953 1126 1244 1163 circumventas
1268 1127 1496 1175 legiones»,
1522 1127 1554 1163 si
1573 1128 1651 1164 hoc

229 1195 272 1231 P.
299 1195 561 1244 Sempronius
594 1196 760 1239 diceret,
794 1209 869 1233 nec
898 1197 1003 1233 viros
1028 1197 1218 1245 equidem
1242 1209 1319 1234 nec
1342 1198 1553 1234 Romanos
1578 1210 1650 1235 vos

162 1263 214 1304 13
230 1267 434 1310 ducerem,
461 1266 491 1302 si
515 1278 638 1303 nemo
663 1272 786 1304 tantae
810 1267 961 1303 virtutis
987 1267 1203 1304 exstitisset
1226 1279 1378 1304 comes.
1429 1267 1548 1303 Viam
1566 1280 1651 1304 non

229 1337 284 1371 ad
322 1336 493 1384 gloriam
532 1338 661 1386 magis
700 1350 819 1386 quam
854 1338 908 1373 ad
941 1338 1110 1374 salutem
1144 1337 1340 1374 ferentem
1373 1338 1649 1383 demonstran

228 1407 400 1443 reduces
424 1407 465 1443 in
489 1407 660 1456 patriam
685 1409 740 1444 ad
764 1414 966 1456 parentes,
993 1409 1047 1444 ad
1072 1408 1268 1456 coniuges
1292 1420 1340 1444 ac
1364 1408 1514 1445 liberos
1541 1409 1648 1445 facit.

162 1475 215 1516 14
229 1476 285 1514 Ut
317 1478 542 1521 servemini,
577 1478 695 1514 deest
726 1479 840 1515 vobis
874 1479 1050 1515 animus:
1085 1478 1196 1526 quid,
1231 1478 1262 1514 si
1295 1478 1553 1515 moriendum
1577 1491 1650 1528 pro

228 1548 358 1596 patria
376 1554 497 1592 esset,
518 1546 730 1586 faceretis?
749 1549 1055 1597 Quinquaginta
1071 1548 1194 1584 millia
1206 1548 1349 1584 civium
1365 1550 1650 1598 sociorumque

229 1618 334 1655 circa
366 1630 438 1655 vos
471 1631 521 1655 eo
554 1619 644 1668 ipso
679 1619 745 1656 die
778 1631 884 1656 caesa
914 1619 1063 1655 iacent.
1127 1619 1166 1654 Si
1200 1624 1259 1655 tot
1286 1620 1471 1668 exempla
1499 1620 1650 1657 virtutis

228 1700 312 1725 non
352 1695 530 1733 movent,
569 1689 667 1725 nihil
699 1702 878 1738 unquam
909 1689 1107 1733 movebit;
1149 1689 1180 1725 si
1213 1695 1325 1725 tanta
1358 1690 1498 1726 clades
1532 1690 1650 1726 vilem

162 1756 213 1798 15
227 1759 348 1795 vitam
372 1771 458 1795 non
484 1759 590 1804 fecit,
615 1760 723 1796 nulla
749 1759 882 1797 faciet.
931 1760 1064 1796 Liberi
1089 1765 1210 1808 atque
1234 1760 1458 1797 incolumes
1487 1761 1649 1797 deside-

226 1835 311 1865 rate
343 1830 534 1878 patriam;
574 1830 698 1867 immo
732 1831 978 1874 desiderate,
1013 1831 1110 1866 dum
1142 1830 1271 1878 patria
1303 1836 1376 1875 est,
1411 1831 1507 1867 dum
1541 1832 1648 1868 cives

227 1900 312 1936 eius
338 1898 452 1936 estis!
488 1912 578 1937 sero
603 1913 712 1937 nunc
736 1901 991 1944 desideratis,
1018 1901 1213 1937 deminuti
1238 1902 1386 1949 capite,
1413 1901 1646 1938 abalienato

162 1967 210 2008 16
226 1969 309 2005 iure
336 1970 477 2006 civium
504 1970 605 2007 servi
623 1970 1019 2019 Carthaginiensium
1044 1970 1151 2007 facti.
1200 1971 1334 2007 Pretio
1358 1971 1526 2007 redituri
1551 1971 1647 2008 estis

227 2052 291 2084 eo,
325 2041 435 2076 unde
467 2040 629 2089 ignavia
661 2053 708 2078 ac
740 2041 921 2089 nequitia
943 2039 1109 2077 abistis?
1142 2041 1184 2077 P.
1210 2041 1493 2090 Sempronium
1518 2041 1646 2078 civem

226 2115 401 2147 vestrum
438 2123 523 2147 non
563 2111 732 2148 audistis
772 2124 883 2148 arma
921 2123 1068 2160 capere
1107 2123 1154 2148 ac
1195 2111 1307 2160 sequi
1341 2124 1384 2148 se
1416 2112 1644 2156 iubentem;

227 2180 500 2218 Hannibalem
533 2186 626 2230 post
657 2182 779 2231 paulo
813 2182 981 2218 audistis
1014 2186 1145 2218 castra
1177 2182 1296 2230 prodi
1329 2186 1369 2218 et
1401 2194 1512 2218 arma
1541 2182 1645 2218 tradi

159 2249 208 2289 17
225 2250 444 2287 iubentem.
480 2251 718 2299 Quanquam
736 2253 835 2300 quid
848 2264 926 2301 ego
944 2252 1148 2301 ignaviam
1158 2253 1326 2289 istorum
1339 2264 1502 2297 accuso,
1522 2265 1645 2301 quum

227 2321 356 2357 scelus
388 2321 542 2369 possim
575 2321 794 2360 accusare?
834 2322 927 2359 Non
961 2323 1088 2359 modo
1123 2323 1230 2359 enim
1263 2323 1375 2370 sequi
1407 2328 1644 2360 recusarunt

225 2391 331 2427 bene
370 2397 619 2436 monentem,
661 2393 736 2429 sed
776 2393 972 2430 obsistere
1005 2405 1053 2429 ac
1084 2392 1255 2429 retinere
1288 2392 1424 2429 conati
1457 2398 1562 2437 sunt,
1601 2393 1643 2429 ni

227 2461 370 2498 strictis
408 2461 554 2510 gladiis
592 2462 661 2498 viri
696 2463 900 2499 fortissimi
933 2463 1082 2500 inertes
1115 2462 1438 2500 summovissent.
1515 2462 1640 2507 Prius,

225 2532 403 2580 inquam,
433 2532 476 2569 P.
502 2532 744 2581 Sempronio
773 2545 844 2581 per
871 2533 1015 2569 civium
1043 2545 1190 2581 agmen
1218 2545 1339 2581 quam
1366 2545 1438 2581 per
1465 2533 1641 2569 hostium

160 2599 210 2642 18
227 2602 299 2638 fuit
337 2603 645 2651 erumpendum.
722 2602 811 2639 Hos
845 2603 951 2639 cives
984 2603 1113 2651 patria
1145 2603 1363 2647 desideret,
1404 2615 1575 2651 quorum
1608 2603 1641 2639 si

227 2672 347 2708 ceteri
373 2672 520 2709 similes
545 2672 726 2717 fuissent,
755 2673 961 2710 neminem
986 2672 1110 2709 hodie
1135 2685 1183 2710 ex
1206 2672 1266 2717 iis,
1295 2673 1361 2721 qui
1389 2674 1443 2709 ad
1473 2672 1639 2727 Cannas
