1768 2943
805 115 835 145 V

109 238 152 266 ut
179 237 230 265 est
256 234 293 265 z‘n
318 233 402 264 Lov.
430 231 481 275 δὲ)
516 232 537 266 9
572 231 685 275 (quam
719 241 784 273 qua
825 232 940 263 Weiss.
982 231 1010 263 C
1040 241 1106 273 qua
1137 242 1212 272 qua.
1251 233 1296 262 M
1324 242 1422 273 quam
1456 232 1522 273 qui.

111 293 223 324 Drak.
257 289 373 334 quam)
404 291 499 330 XIII,
535 291 554 325 1
587 290 696 333 (veni;
730 291 792 322 sed
823 291 899 331 Mg.
932 291 1010 322 Em.
1044 293 1124 324 258.
1163 290 1267 321 Codd.
1294 290 1476 333 venissem)
1504 291 1525 323 5

107 349 235 394 (Codd.
261 350 406 382 audiatis
432 350 493 381 sed
517 360 601 388 non;
628 351 743 380 Drak.
770 349 930 387 audiatis;
958 349 985 380 si
1011 359 1088 380 non.
1140 349 1285 379 lldodum
1311 350 1410 380 verbi
1434 360 1523 380 corr.

112 410 220 440 Gron.
255 413 290 439 et
321 407 455 450 Weiss.)
484 407 507 442 8
532 407 648 452 (rebus
674 409 860 439 damnavit
892 407 1061 451 Woelffl.)
1087 408 1181 446 XIX,
1214 407 1232 440 1
1259 406 1353 449 (Em.
1381 411 1450 442 260
1477 409 1524 450 n.)

107 466 129 500 3
153 466 253 509 (Non
279 468 560 508 improbabiliter
592 467 710 499 Weiss.
737 468 889 499 iussisset
909 473 978 508 pro
1006 466 1206 508 censuisset)
1236 466 1257 500 6
1281 466 1330 508 (et
1357 467 1391 497 in
1418 468 1524 498 socie-

107 530 209 557 tatem
231 526 315 558 Lov.
340 530 372 561 3.
403 526 488 558 Cett.
513 528 618 565 codd„
644 528 760 558 Drak.
786 532 821 558 ut
847 527 880 557 in
908 525 994 567 soc.)
1022 526 1042 559 9
1069 525 1125 567 qui
1153 525 1187 556 id
1212 526 1362 557 fecerunt
1382 525 1524 568 [Sagun-

107 583 192 627 tini],
225 585 395 617 crudelius
428 583 516 628 (Mg.
545 586 623 617 Em.
650 589 730 620 259.
771 587 884 616 Drak.
918 589 1038 616 contra
1071 586 1165 616 codd.
1198 584 1360 622 fecerunt,
1394 585 1524 626 Sagun-

106 642 211 686 tinos)
236 643 312 682 XX,
340 643 358 677 1
385 643 533 686 (lv'otam
559 646 634 686 Mg.
662 645 837 685 ascripsit.
879 646 954 675 Aut
977 655 1100 674 nomen
1121 643 1248 684 populi
1273 645 1361 673 latet
1383 644 1445 674 sub
1472 643 1524 674 his

105 705 171 732 aut
194 702 399 734 exciderunt
421 705 591 746 quedam,
627 705 664 735 in
689 705 816 745 quibus
835 703 971 744 populi,
1004 704 1053 733 ad
1076 713 1177 744 quem
1196 703 1356 743 primum
1382 706 1524 732 ventum

106 764 166 800 eslf,
192 763 320 792 mentio
335 763 443 805 facta
470 762 575 804 erat.)
600 763 621 796 9
646 761 914 805 (exspectatione
932 762 1071 792 Heerw.
1096 761 1201 793 Codd.
1220 761 1522 801 inexspectatione.

105 820 219 851 Drak.
253 820 286 851 in
319 820 622 863 exspectationem)
661 819 663 864 Ι
706 821 894 852 tramisisse
926 819 1100 863 (Woelffl.
1134 831 1151 851 e
1183 824 1267 851 vest.
1300 818 1345 860 P)
1377 819 1470 856 XXI,
1503 819 1524 852 9

106 888 272 920 prospera
289 878 416 921 (Codd.
436 880 517 922 aliq.
536 891 620 911 recc.
640 881 685 911 M
706 890 871 921 prospere
896 877 1082 921 venissent)
1107 879 1218 917 XXII,
1246 878 1264 910 1
1284 877 1335 919 (id
1354 889 1395 909 eo
1415 878 1524 908 minus

111 937 219 968 Gron.
244 936 360 976 codd„
388 939 502 970 Drak.
530 939 608 970 ideo
633 939 724 970 haud
751 938 877 981 minus)
901 937 923 971 2
950 938 1126 979 firmatque
1145 937 1268 968 Africis
1286 936 1523 978 (Linsmayer.

109 993 226 1034 codd„
264 997 380 1028 Drak.
418 998 596 1039 firmatque
634 1008 710 1029 eum
748 996 889 1039 Africis)
926 996 948 1029 3
987 996 1242 1038 (quadringenti
1281 996 1525 1037 quinquaginta

109 1055 217 1085 Gron.
250 1053 355 1086 Codd.
383 1055 516 1095 CCCC,
543 1058 658 1088 Drak.
691 1056 845 1087 trecenti.
886 1056 974 1086 Illox
1005 1055 1146 1086 trecenti
1181 1055 1333 1098 Woelffl.
1360 1066 1378 1086 e
1402 1055 1521 1097 Polyb.

104 1113 176 1151 III,
203 1115 260 1146 33.
314 1113 430 1153 Codd„
464 1116 578 1146 Drak.
607 1114 760 1157 ducenti)
798 1112 801 1158 Ι
838 1113 895 1157 (ne
922 1115 1013 1156 quod
1040 1116 1114 1145 edd.
1142 1117 1223 1145 vett.
1256 1113 1373 1151 codd„
1408 1115 1522 1145 Drak.

103 1181 146 1202 ne
178 1171 276 1214 quid)
311 1172 333 1206 4
367 1173 412 1204 ad
443 1173 602 1204 tuendam
636 1174 848 1205 maritumam
881 1184 974 1204 oram
1006 1172 1130 1216 (Codd.
1163 1173 1257 1214 quid.
1292 1173 1372 1203 dett.
1417 1171 1445 1203 C
1480 1172 1522 1203 ad

103 1231 227 1262 tuende
261 1233 438 1263 maritume
470 1242 549 1270 orae,
588 1233 751 1263 similiter
782 1233 832 1263 M.
873 1231 951 1275 Cfr.
987 1233 1160 1263 Dedericlz
1193 1234 1229 1263 in
1262 1232 1355 1262 Ann.
1393 1231 1520 1261 th'lol.

108 1288 235 1321 CXIX
259 1295 298 1331 p.
337 1290 433 1333 485.)
489 1290 510 1324 5
547 1291 632 1323 redit
672 1291 732 1334 (M
765 1293 938 1333 ceterique
969 1295 1104 1331 proeter
1134 1290 1177 1333 C)
1217 1288 1221 1334 Ι
1262 1288 1431 1331 (Onusam
1471 1290 1521 1320 M.

102 1349 309 1388 Muellerus,
342 1350 509 1382 maritima
540 1361 600 1381 ora
625 1352 696 1382 lac.
728 1352 836 1381 Gron.
869 1350 974 1384 Codd.
1001 1354 1121 1391 praeter
1146 1350 1307 1380 omissam
1334 1350 1453 1380 urbem
1481 1350 1524 1380 ad

103 1407 270 1439 Hiberum
296 1410 496 1441 maritimam
522 1420 627 1441 oram.
654 1410 770 1440 Drak.
796 1420 846 1450 pr.
866 1409 1056 1440 Etovissam
1083 1409 1200 1440 urbem
1227 1408 1270 1439 ad
1287 1408 1369 1438 Hib.
1398 1408 1523 1439 mariti-

103 1477 261 1508 mamque
294 1468 403 1511 oram)
433 1469 561 1506 XXIII,
601 1467 622 1501 2
655 1467 874 1511 (Iacetaniam
909 1470 1113 1499 dubitanter
1145 1468 1316 1499 Huebner
1347 1468 1469 1498 Herm.
1505 1468 1526 1498 l

98 1530 136 1567 p.
168 1529 247 1560 235.
305 1526 410 1558 Codd.
436 1527 671 1569 Aquitaniam)
702 1526 724 1559 4
756 1526 1103 1570 (inexsuperabilique
1130 1532 1199 1567 pro
1234 1526 1522 1567 insuperabilique

111 1583 277 1629 Woelffl.)
304 1585 325 1619 6
352 1584 462 1628 (ipsos
482 1591 552 1627 pro
578 1587 652 1627 ipse
671 1584 784 1628 Αἶαν.)
835 1586 962 1624 XXIV,
988 1585 1009 1619 3
1036 1590 1068 1617 et
1094 1586 1168 1616 sine
1192 1586 1290 1616 uncis
1308 1584 1432 1628 (codd.
1455 1587 1521 1615 duo

103 1654 199 1682 rece„
225 1645 301 1685 Mg.
328 1645 407 1676 Em.
434 1644 517 1688 260)
544 1646 652 1683 XXV,
679 1644 700 1677 4
726 1643 804 1685 (pro
831 1645 945 1675 Annio
972 1645 1184 1685 Servilioque
1210 1644 1268 1675 M'.
1292 1644 1378 1674 Acil.
1405 1645 1521 1675 PVeiss.

109 1701 214 1734 Codd.
241 1702 318 1734 MC
346 1714 409 1744 pro
442 1704 519 1735 aulo
552 1702 792 1745 servilioqueffi
825 1703 970 1734 acilium.
1022 1704 1135 1734 Drak.
1163 1714 1226 1743 pro
1254 1703 1290 1734 C.
1320 1703 1463 1734 Servilio
1490 1709 1523 1734 et

102 1761 142 1795 Τ,
175 1761 288 1792 Annio
324 1761 366 1802 Q.
402 1761 564 1806 Acilium)
590 1763 611 1796 9
642 1763 886 1804 praecipitatur,
921 1761 1090 1803 multaque
1125 1760 1214 1803 (Mg.
1248 1762 1327 1792 Em.
1366 1765 1443 1795 170.
1482 1763 1521 1801 P,

102 1820 217 1851 Drak.
243 1819 491 1864 praecipitatus)
518 1821 563 1855 10
594 1820 652 1864 (ad
684 1822 888 1863 quingentos
922 1820 1085 1852 cecidisse
1117 1822 1224 1851 Gran.
1258 1820 1363 1852 Codd.
1392 1821 1522 1852 adceci-

102 1876 206 1921 disse)
232 1879 358 1917 XXVI,
391 1879 413 1913 3
439 1879 597 1923 (praetore
622 1886 704 1920 erat,
738 1880 865 1922 scripta
898 1879 1016 1911 Weiss.
1044 1890 1060 1909 e
1091 1878 1136 1910 C.-
1161 1884 1306 1920 praetore
1333 1880 1521 1920 trascripta,

102 1937 147 1968 M
168 1942 303 1978 pretore
328 1939 543 1980 transcripta.
595 1941 710 1971 Drak.
737 1945 881 1980 praetore
908 1940 1027 1976 fuerat,
1055 1936 1276 1979 transcripta)
1305 1936 1308 1981 Ι
1335 1938 1521 1969 Salluvium

103 1993 228 2038 (codd.
262 1996 420 2040 saluium)
447 1998 591 2037 XXVII,
624 1998 646 2032 3
671 1999 788 2030 hostes
814 1997 875 2040 (M
896 2009 939 2028 m.
967 2001 999 2035 2,
1026 1999 1140 2029 Drak.
1169 1998 1215 2028 M
1235 2008 1278 2027 m.
1308 2000 1327 2030 1
1354 1997 1463 2034 hoste,
1497 1996 1524 2028 C

101 2053 232 2097 hostes)
263 2054 285 2088 4
318 2054 450 2099 (latiore
482 2057 613 2088 Bauer.
654 2056 770 2095 Codd.,
804 2058 918 2087 Drak.
954 2055 1122 2098 latiorem)
1155 2056 1174 2089 7
1208 2054 1316 2098 (edito
1355 2054 1520 2086 Clericus.

108 2111 224 2152 Codd.,
257 2115 372 2145 Drak.
406 2114 557 2158 prodito)
594 2114 597 2159 Ι
635 2115 746 2157 (Fort.
782 2116 942 2146 transisse
976 2114 1025 2155 se)
1052 2114 1073 2147 8
1106 2113 1260 2157 (propter
1286 2125 1391 2156 equos
1419 2125 1521 2145 naves

101 2171 253 2210 Heerw„
286 2173 362 2214 Mg.
395 2174 473 2204 Em.
508 2177 588 2208 265.
633 2174 738 2206 Codd,
771 2179 911 2215 propter
942 2184 1049 2214 equos
1082 2179 1209 2205 nantes.
1250 2175 1364 2205 Drak.
1393 2174 1520 2205 lintres

103 2230 235 2271 equites
260 2232 330 2263 fere
356 2237 498 2274 propter
523 2243 628 2275 equos
654 2238 775 2264 nantes
801 2234 936 2264 navium
965 2231 1101 2273 agmen)
1128 2233 1290 2271 XXVIII,
1328 2233 1345 2265 1
1374 2232 1422 2276 (in
1448 2233 1522 2273 ripa

107 2289 214 2320 Gron.
247 2289 365 2329 codd„
391 2292 506 2322 Drak.
534 2291 567 2322 in
594 2290 715 2335 ripam)
740 2292 761 2324 2
780 2297 954 2323 nautarum
973 2291 1115 2322 militum
1135 2290 1182 2334 (C
1198 2302 1241 2323 m.
1261 2295 1292 2326 2.
1336 2293 1381 2322 ln
1393 2293 1521 2332 pleris-

101 2357 168 2388 que
205 2359 323 2379 eorum
361 2351 609 2390 exemplorum,
648 2361 722 2392 quae
763 2351 880 2381 Weiss.
919 2352 1077 2391 congerit
1113 2351 1314 2381 huiusmodi
1349 2351 1520 2391 asynde&

103 2407 204 2437 nulla
236 2409 374 2439 omnino
401 2408 475 2440 eius
499 2420 606 2440 causa
632 2410 826 2450 excogitari
843 2413 969 2450 potest,
1006 2420 1065 2440 ner
1091 2410 1146 2439 hic:
1170 2410 1246 2439 ulla
1273 2413 1326 2440 est
1349 2410 1522 2440 orationis

102 2466 277 2497 concitatae
316 2465 394 2509 vis.)
456 2465 478 2499 5
515 2466 635 2508 (variat
667 2469 807 2498 llIelzler
841 2469 1010 2498 Mnemos.
1045 2469 1066 2498 l
1091 2473 1128 2507 p.
1156 2470 1211 2501 98.
1256 2467 1372 2504 (Σοαῖιί.,
1406 2468 1519 2498 Drak.

102 2523 245 2567 variata)
286 2523 290 2568 Ι
332 2525 365 2556 in
399 2536 522 2567 aquam
555 2527 635 2557 inde
667 2531 802 2557 nantem
835 2537 852 2556 e
877 2528 964 2557 coni.
1014 2526 1202 2568 (Doering,
1230 2527 1306 2566 Mg.
1334 2526 1412 2556 Em.
1438 2525 1521 2567 266)

102 2581 125 2615 8
150 2583 306 2624 copulata
332 2590 399 2622 est;
427 2594 486 2615 sex
512 2589 582 2615 tum
608 2584 699 2626 (Mg.
728 2585 805 2616 Em.
832 2587 911 2619 267.
946 2584 1051 2616 Codd.
1071 2595 1147 2625 cop.
1168 2589 1271 2615 estut
1291 2594 1377 2622 cum,
1405 2585 1519 2614 Drak.

104 2649 180 2681 cop.
207 2647 272 2673 est:
300 2647 333 2673 et
359 2653 471 2684 quum.
515 2644 560 2674 In
586 2645 670 2674 coni.
698 2644 879 2674 Harantz'z'
902 2647 935 2674 et
960 2653 1127 2674 numerus
1153 2644 1226 2682 zPse
1243 2646 1358 2673 certus
1376 2643 1524 2683 offendit
