1768 2943
254 115 333 156 116
679 113 783 145 Liber
809 113 918 145 XXII.
953 112 1007 156 (A.
1036 125 1065 146 u.
1093 125 1121 147 c.
1149 115 1243 158 538.)

249 244 459 289 exhauriri,
493 257 642 294 magna
672 246 752 282 iam
785 257 940 282 summa
972 253 1141 295 erogata
1171 248 1212 284 in
1244 260 1381 285 servos
1406 249 1461 285 ad
1484 249 1664 286 militiam

249 315 449 352 emendos
474 317 790 364 armandosque,
816 328 892 353 nec
910 316 1195 361 Hannibalem,
1221 318 1394 355 maxime
1411 319 1576 357 huiusce
1592 320 1662 364 rei,

207 377 291 421 3ut
323 385 431 421 fama
463 391 560 430 erat,
603 392 806 435 egentem,
845 387 1080 435 locupletari
1114 388 1317 425 volebant.
1388 388 1522 435 Quum
1554 390 1664 427 triste

248 467 502 504 responsum,
535 468 620 493 non
652 457 796 492 redimi
828 457 1023 506 captivos,
1063 459 1267 494 redditum
1299 465 1419 502 esset,
1453 471 1664 508 novusque

248 537 368 574 super
399 531 576 562 veterem
607 527 735 564 luctus
768 532 828 563 tot
858 528 1011 565 iactura
1042 529 1186 565 civium
1213 529 1396 566 adiectus
1420 536 1539 574 esset,
1574 542 1666 567 cum

248 596 406 644 magnis
429 596 588 633 fletibus
613 597 894 645 questibusque
911 598 1069 647 legatos
1087 600 1142 635 ad
1159 604 1320 648 portam
1336 600 1540 648 prosecuti
1558 606 1663 638 sunt.

205 659 363 703 4Unus
397 679 445 703 ex
476 666 524 703 iis
557 668 724 704 domum
756 669 867 714 abiit,
901 670 1015 717 quod
1048 669 1180 706 fallaci
1204 669 1336 705 reditu
1360 669 1401 706 in
1425 675 1557 707 castra
1581 671 1665 707 iure

246 737 420 773 iurando
460 749 504 774 se
536 738 785 775 exsolvisset.
864 739 989 785 Quod
1022 740 1089 775 ubi
1121 740 1297 776 innotuit
1327 740 1578 788 relatumque
1610 741 1666 777 ad

246 813 431 844 senatum
455 812 528 852 est,
555 820 698 846 omnes
716 815 960 846 censuerunt
977 810 1412 858 comprehendendum
1429 817 1469 846 et
1486 811 1667 848 custodi-

244 879 319 915 bus
353 879 513 927 publice
546 879 653 916 datis
686 880 977 918 deducendum
1009 881 1064 917 ad
1095 879 1370 916 Hannibalem
1402 892 1505 917 esse.

203 947 230 987 5
364 949 437 986 Est
460 955 501 985 et
526 949 603 986 alia
628 950 681 986 de
705 951 872 999 captivis
898 950 1024 988 fama:
1060 951 1206 987 decem
1229 950 1380 998 primos
1404 950 1582 994 venisse;
1611 952 1665 988 de

246 1020 303 1056 eis
331 1032 454 1068 quum
483 1021 712 1056 dubitatum
741 1022 782 1057 in
808 1027 952 1057 senatu
977 1026 1097 1065 esset,
1128 1021 1436 1058 admitterentur
1459 1021 1501 1057 in
1525 1022 1665 1058 urbem

204 1087 229 1127 6
246 1102 390 1134 necne,
423 1091 479 1126 ita
504 1091 707 1127 admissos
731 1103 836 1135 esse,
861 1104 913 1128 ne
939 1097 1077 1128 tamen
1100 1091 1147 1128 iis
1173 1096 1338 1128 senatus
1363 1092 1544 1135 daretur;
1578 1104 1666 1128 mo-

245 1162 426 1198 rantibus
451 1161 604 1198 deinde
622 1162 782 1210 longius
800 1162 980 1199 omnium
999 1174 1084 1210 spe,
1111 1162 1212 1198 alios
1229 1167 1309 1198 tres
1326 1162 1490 1210 insuper
1507 1162 1665 1210 legatos

205 1228 228 1267 7
247 1232 418 1277 venisse,
443 1231 489 1268 L.
516 1232 768 1268 Scribonium
793 1238 833 1269 et
858 1232 904 1269 C.
931 1231 1193 1282 Calpurnium
1218 1238 1258 1269 et
1273 1232 1320 1269 L.
1339 1232 1553 1276 Manlium;
1582 1238 1666 1268 tum

246 1303 411 1339 demum
443 1303 495 1339 ab
529 1308 709 1351 cognato
742 1303 942 1340 Scribonii
974 1303 1135 1340 tribuno
1167 1303 1296 1352 plebis
1329 1303 1382 1339 de
1414 1302 1665 1339 redimendis

243 1374 412 1422 captivis
444 1373 612 1410 relatum
636 1385 738 1418 esse,
772 1385 849 1410 nec
871 1373 1078 1410 censuisse
1100 1374 1365 1410 redimendos
1388 1379 1592 1416 senatum;
1627 1378 1666 1409 et

241 1456 372 1481 novos
406 1445 564 1493 legatos
596 1449 675 1480 tres
707 1444 762 1480 ad
784 1442 1058 1480 Hannibalem
1079 1444 1302 1486 revertisse,
1336 1443 1482 1480 decem
1504 1449 1658 1479 veteres

200 1510 227 1552 8
244 1515 501 1559 remansisse,
521 1515 634 1562 quod
646 1527 717 1563 per
729 1526 892 1551 causam
902 1514 1228 1563 recognoscendi
1238 1513 1406 1550 nomina
1415 1513 1664 1562 captivorum

244 1586 299 1621 ad
315 1585 589 1622 Hannibalem
617 1597 666 1621 ex
687 1584 830 1621 itinere
854 1585 1025 1633 regressi
1049 1584 1244 1633 religione
1271 1596 1361 1620 sese
1379 1583 1664 1627 exsolvissent;

243 1656 297 1691 de
323 1655 370 1692 iis
393 1655 599 1691 dedendis
621 1667 773 1704 magna
795 1655 1061 1692 contentione
1085 1660 1218 1692 actum
1239 1654 1281 1691 in
1299 1659 1442 1691 senatu
1460 1665 1564 1698 esse,
1588 1654 1667 1691 vic-

201 1723 390 1774 9tosque
422 1726 562 1774 paucis
595 1726 818 1770 sententiis,
853 1725 920 1773 qui
953 1725 1173 1762 dedendos
1206 1725 1454 1768 censuerint;
1488 1730 1666 1761 ceterum

244 1796 436 1844 proximis
469 1796 706 1834 censoribus
739 1797 847 1832 adeo
881 1796 1069 1832 omnibus
1101 1795 1209 1832 notis
1231 1795 1545 1844 ignominiisque
1568 1806 1666 1831 con-

245 1865 376 1903 fectos
415 1878 519 1910 esse,
564 1872 607 1903 ut
645 1867 811 1915 quidam
850 1878 991 1902 eorum
1029 1871 1201 1902 mortem
1240 1865 1315 1902 sibi
1352 1865 1428 1913 ipsi
1461 1864 1664 1913 extemplo

245 1936 526 1981 consciverint,
570 1938 692 1975 ceteri
723 1949 809 1974 non
842 1936 931 1973 foro
966 1936 1098 1972 solum
1130 1935 1241 1972 omm‘
1273 1935 1426 1971 deinde
1458 1935 1550 1979 vita,
1591 1934 1665 1971 sed

176 2005 231 2045 10
245 2019 373 2055 prope
400 2007 489 2044 luce
518 2020 566 2045 ac
588 2008 750 2057 publico
775 2006 986 2044 caruerint.
1053 2005 1188 2042 Mirari
1209 2006 1352 2054 magis,
1383 2006 1491 2041 adeo
1515 2004 1665 2041 discre-

243 2089 340 2126 pare
372 2078 475 2114 inter
508 2084 708 2122 auctores,
750 2089 884 2125 quam,
919 2077 1018 2125 quid
1049 2076 1130 2113 veri
1163 2076 1224 2121 sit,
1260 2076 1491 2112 discernere
1524 2086 1664 2123 queas.

363 2148 529 2194 Quanto
569 2154 703 2184 autem
741 2147 871 2184 maior
909 2159 958 2183 ea
998 2147 1136 2184 clades
1176 2146 1448 2194 superioribus
1481 2145 1664 2182 cladibus

246 2218 375 2262 fuerit,
413 2219 475 2254 vel
515 2231 563 2254 ea
595 2231 658 2255 res
690 2218 844 2255 indicio
878 2222 945 2260 est,
987 2218 1092 2264 quod
1108 2217 1212 2264 fides
1244 2216 1446 2258 sociorum,
1487 2227 1577 2263 quae
1610 2214 1665 2250 ad

245 2301 335 2325 eam
367 2288 477 2325 diem
509 2288 622 2324 firma
655 2294 832 2332 steterat,
874 2293 957 2324 tum
989 2288 1126 2323 labare
1160 2286 1294 2334 eoepit,
1336 2286 1445 2322 nulla
1476 2284 1663 2334 profecto

177 2357 228 2397 11
246 2359 324 2395 alia
356 2359 408 2395 de
440 2371 482 2394 re
515 2370 637 2406 quam
669 2359 782 2405 quod
805 2359 1122 2406 desperaverant
1143 2357 1196 2393 de
1217 2356 1401 2405 imperio.
1464 2354 1664 2392 Defecere

247 2435 382 2466 autem
407 2429 462 2465 ad
486 2429 638 2465 Poenos
662 2428 701 2464 hi
725 2428 882 2477 populi:
918 2427 1104 2471 Atellani,
1138 2426 1324 2471 Calatini,
1358 2425 1529 2475 Hirpini,
1555 2426 1664 2473 Apu-

178 2498 232 2539 12
248 2500 376 2536 lorum
399 2511 506 2548 pars.
535 2498 736 2535 Samnites
759 2503 902 2547 praeter
929 2498 1113 2542 Pentros,
1142 2497 1283 2534 Bruttii
1307 2508 1463 2540 omnes,
1493 2495 1662 2539 Lucani,

246 2575 390 2618 praeter
422 2570 497 2606 hos
522 2569 724 2613 Uzentini,
759 2574 799 2604 et
822 2568 1056 2605 Graeeorum
1081 2567 1212 2604 omnis
1237 2567 1361 2603 ferme
1390 2578 1474 2610 ora,
1509 2565 1664 2602 Taren-

245 2640 330 2684 tini,
364 2639 652 2688 Metapontini,
686 2637 976 2675 Crotonienses
998 2637 1211 2685 Locrique,
1241 2644 1281 2673 et
1304 2636 1497 2685 Cisalpini
1520 2646 1663 2673 omnes
