1789 2955
544 105 647 136 Liber
665 105 792 136 xxm.
845 104 899 146 (A.
927 105 988 136 ch.
1016 105 1110 148 215.)
1448 107 1526 148 157

113 238 309 274 Auctores
336 241 451 272 erant
477 236 655 284 quidam,
690 241 732 272 ut
758 236 940 285 protinus
967 236 1064 272 inde
1094 237 1243 273 Cumas
1274 238 1439 274 duceret
1468 235 1570 275 ur-5

112 308 286 355 bemque
318 312 587 355 oppugnaret.
649 307 697 343 Id
731 318 962 354 quanquam
995 307 1106 342 haud
1137 308 1299 343 modice
1324 306 1568 346 Hanniball}

112 377 313 426 cupiebat,
338 381 393 421 ut,
419 377 512 424 quia
529 376 746 425 Neapolim
771 388 856 413 non
882 382 1082 425 potuerat,
1110 376 1259 413 Cumas
1285 379 1426 414 saltem
1445 390 1529 414 ma-

111 448 282 484 ritimam
306 448 445 483 urbem
470 447 650 491 haberet,
676 452 826 491 tamen,
852 447 945 495 quia
969 452 1112 495 praeter
1136 459 1247 483 arma
1271 447 1366 483 nihil
1393 460 1526 484 secum

111 518 225 554 miles
263 518 407 566 raptim
447 522 539 554 acto
579 517 741 566 agmine
781 518 986 561 extulerat,
1027 522 1133 554 retro
1172 517 1213 554 in
1247 522 1378 554 castra
1408 530 1529 566 super

112 587 248 624 Tifata
281 600 324 624 se
356 587 521 636 recepit.
584 587 687 624 Inde
715 587 905 636 fatigatus
930 587 1233 636 Campanorum
1256 589 1442 636 precibus
1469 600 1530 624 se·
1547 587 1567 626 7

112 658 249 706 quenti
290 658 357 694 die
397 670 486 694 cum
528 659 638 694 omni
678 663 875 706 apparatu
915 659 1206 706 oppugnandae
1239 658 1346 694 urbis
1380 658 1529 694 Cumas

111 728 228 772 redit,
252 729 604 778 perpopulatoque
629 740 727 777 agro
747 727 946 772 Cumano,
972 728 1078 763 mille
1101 740 1245 776 passus
1272 729 1322 764 ab
1348 728 1446 764 urbe
1465 739 1529 765 ca—

112 804 192 835 stra
219 799 340 843 locat,
374 811 496 847 quum
522 798 730 836 Gracchus
757 798 886 847 magis
915 799 1160 834 verecundia
1188 798 1228 834 in
1257 798 1324 833 tali
1353 798 1569 837 necessi-8

111 874 194 905 tate
207 869 424 906 deserendi
435 870 571 907 socios
583 869 845 918 implorantes
858 869 980 905 fidem
994 881 1107 906 suam
1120 867 1343 917 populique
1354 869 1527 905 Romani

112 939 353 976 substitisset
376 952 496 988 quam
521 939 618 976 satis
642 939 772 976 fidens
798 939 999 975 exercitui.
1049 939 1136 976 Nec
1161 940 1260 976 alter
1285 940 1426 975 consul
1454 939 1530 974 Fa-
1545 939 1569 978 9

111 1010 213 1054 bius,
232 1010 299 1058 qui
317 1011 372 1046 ad
390 1009 509 1047 Cales
527 1015 658 1047 castra
676 1010 865 1053 habebat,
892 1009 1132 1046 Vulturnum
1151 1010 1300 1046 flumen
1319 1010 1530 1045 traducere

112 1080 291 1117 audebat
309 1080 539 1125 exercitum,
566 1086 788 1129 occupatus
805 1081 934 1129 primo
954 1079 1142 1128 auspiciis
1160 1079 1407 1128 repetendis,
1435 1079 1531 1115 dein
1551 1078 1602 1119 10

112 1150 321 1199 prodigiis,
355 1162 444 1199 quae
476 1150 554 1186 alia
587 1162 705 1200 super
738 1150 816 1186 alia
848 1150 1158 1193 nuntiabantur;
1193 1150 1452 1198 expiantique
1482 1163 1530 1186 ea

114 1221 223 1257 haud
255 1220 372 1257 facile
403 1220 506 1256 litari
537 1220 771 1269 haruspices
804 1221 1126 1269 respondebant.

230 1291 300 1328 Eae
332 1302 464 1328 causae
497 1302 619 1338 quum
643 1291 812 1328 Fabium
837 1296 1034 1335 tenerent,
1069 1290 1332 1339 Sempronius
1356 1291 1397 1327 in
1424 1290 1531 1328 obsi·
1597 1286 1656 1330 37

112 1361 238 1398 dione
263 1366 349 1397 erat
371 1365 410 1397 et
433 1361 512 1397 iam
537 1361 727 1410 operibus
751 1362 1077 1410 oppugnabatur.
1125 1361 1329 1397 Adversus
1355 1361 1530 1409 ligneam
1546 1360 1572 1399 ⁴2

112 1433 320 1481 ingentem
347 1431 557 1468 admotam
584 1432 670 1468 urbi
697 1438 845 1469 turrem
874 1432 993 1469 aliam
1019 1444 1067 1468 ex
1091 1431 1181 1480 ipso
1206 1443 1320 1467 muro
1346 1431 1532 1467 excitavit

111 1502 253 1539 consul
277 1502 499 1545 Romanus,
529 1502 737 1550 aliquanto
763 1503 959 1546 altiorem,
991 1502 1097 1550 quia,
1127 1514 1241 1538 muro
1271 1501 1367 1538 satis
1393 1513 1464 1550 per
1490 1514 1532 1537 se

113 1573 209 1616 alto,
243 1571 432 1609 subiectis
463 1571 605 1608 validis
639 1573 800 1609 sublicis
832 1585 906 1621 pro
932 1573 1020 1609 solo
1046 1584 1141 1608 usus
1166 1577 1264 1608 erat.
1327 1571 1429 1608 Inde
1457 1570 1574 1620 pri-2³»

114 1654 223 1679 mum
262 1641 367 1679 saxis
406 1641 655 1690 sudibusque
694 1648 734 1678 et
772 1644 915 1680 ceteris
953 1643 1167 1680 missilibus
1207 1646 1533 1691 propugnatores

114 1713 266 1750 moenia
297 1717 418 1760 atque
450 1711 590 1748 urbem
622 1713 855 1757 tuebantur;
893 1718 1114 1762 postremo,
1148 1713 1215 1748 ubi
1248 1710 1575 1760 promovendo4

114 1783 349 1820 adiunctam
366 1793 481 1818 muro
499 1781 686 1818 viderunt
702 1788 862 1827 turrem,
893 1783 1047 1820 facibus
1066 1782 1302 1819 ardentibus
1320 1782 1534 1830 plurimum

114 1852 231 1890 simul
261 1851 397 1901 ignem
422 1852 697 1889 coniecerunt.
760 1853 856 1899 Quo
881 1853 1076 1890 incendio
1100 1853 1259 1901 trepida
1288 1850 1573 1891 armatorum5

114 1922 329 1960 multitudo
351 1933 474 1970 quum
502 1923 555 1958 de
579 1927 685 1958 turre
710 1934 800 1959 sese
826 1923 1107 1972 praecipitaret,
1135 1923 1293 1972 eruptio
1313 1935 1361 1958 ex
1379 1922 1534 1970 oppido

116 1992 232 2030 simul
271 1992 430 2029 duabus
467 1992 595 2041 portis
638 1991 835 2030 stationes
875 1994 1050 2030 hostium
1094 1994 1198 2030 fudit
1230 1993 1462 2041 fugavitque
1495 1992 1535 2028 in

117 2066 261 2107 castra,
286 2067 330 2098 ut
353 2073 404 2098 eo
423 2061 490 2098 die
509 2062 681 2099 obsesso
700 2074 820 2111 quam
839 2063 1045 2100 obsidenti
1064 2063 1229 2100 similior
1246 2068 1355 2099 esset
1371 2063 1534 2099 Poenus.

117 2133 182 2170 Ad
224 2132 330 2168 mille
369 2131 538 2169 trecenti
571 2131 966 2180 Carthaginiensium
1007 2133 1100 2170 caesi
1140 2138 1180 2169 et
1211 2131 1575 2181 undesexagintass

117 2202 192 2239 vivi
225 2201 344 2251 capti,
378 2200 445 2250 qui
478 2201 584 2238 circa
614 2214 752 2239 muros
785 2206 825 2238 et
851 2202 891 2238 in
916 2202 1158 2240 stationibus
1182 2203 1313 2239 solute
1338 2214 1386 2239 ac
1410 2203 1536 2252 negli-

114 2277 260 2322 genter
276 2276 460 2320 agentes,
479 2284 602 2320 quum
619 2271 716 2308 nihil
733 2272 865 2310 minus
883 2284 1005 2321 quam
1023 2272 1278 2322 eruptionem
1296 2272 1534 2315 timuissent,

118 2355 167 2380 ex
183 2342 403 2391 improviso
422 2340 607 2390 oppressi
625 2341 796 2378 fuerant.
844 2342 1066 2387 Gracchus,
1085 2342 1319 2391 priusquam
1337 2354 1380 2379 se
1398 2343 1536 2378 hostes
1552 2340 1574 2379 7

117 2413 170 2449 ab
192 2411 407 2461 repentino
425 2423 576 2460 pavore
595 2411 843 2461 colligerent,
869 2413 1048 2462 receptui
1066 2413 1225 2462 signum
1243 2412 1359 2449 dedit
1375 2423 1422 2448 ac
1441 2423 1536 2448 suos

117 2481 223 2519 intra
253 2493 390 2519 muros
421 2481 586 2530 recepit.
648 2481 819 2518 Postero
852 2482 920 2519 die
943 2482 1163 2527 Hannibal,
1197 2483 1330 2519 laetum
1355 2480 1576 2521 secunda8

117 2563 161 2587 re
185 2552 394 2589 consulem
417 2550 523 2588 iusto
550 2551 696 2600 proelio
719 2557 828 2589 ratus
851 2557 1106 2597 certaturum,
1133 2551 1261 2588 aciem
1286 2551 1389 2587 inter
1407 2555 1537 2587 castra

118 2625 242 2669 atque
259 2622 398 2658 urbem
416 2620 617 2666 instruxit:
645 2627 835 2667 ceterum,
859 2627 1076 2672 postquam
1094 2621 1297 2658 neminem
1315 2620 1466 2657 moveri
1484 2621 1535 2657 ab
1551 2619 1576 2660 9
