1789 2955
256 85 310 123 93
644 77 761 113 Liber
785 75 954 112 xxvn.
1002 77 1064 120 (A.
1089 88 1124 110 u.
1150 87 1179 111 ο.
1204 77 1299 121 546.)

189 210 239 247 13
257 212 457 260 postremo
488 209 686 255 negarunt
723 204 862 242 dirimi
882 204 1033 242 bellum
1064 216 1191 254 posse,
1222 203 1302 241 nisi
1317 203 1530 242 Messeniis
1547 202 1691 241 Achaei

257 281 400 329 Pylum
418 278 641 324 redderent,
673 277 868 315 Romanis
887 276 1168 314 restitueretur
1184 275 1412 322 Atintania,
1443 273 1691 313 Scerdilaedo

188 353 238 391 14
255 357 295 390 et
324 351 516 389 Pleurato
562 348 741 398 Ardyaei.
800 348 1017 386 Enimvero
1063 347 1274 396 indignum
1321 349 1431 384 ratus
1462 346 1694 396 Philippus,

258 424 388 462 victos
415 422 563 461 victori
594 421 672 459 sibi
700 420 807 458 ultro
825 419 1081 457 condiciones
1098 419 1214 465 ferre,
1244 431 1293 455 ne
1311 421 1429 455 antea
1459 417 1620 467 quidem
1651 430 1693 455 se

259 498 328 532 aut
358 495 406 532 de
436 507 534 544 pace
565 492 723 531 audisse
753 495 825 530 aut
854 491 1035 529 indutias
1058 490 1261 540 pepigisse
1292 489 1397 527 dixit
1427 503 1537 539 spem
1567 489 1694 526 ullam

260 568 482 613 habentem,
514 565 720 614 quieturos
736 564 908 609 AEtolos,
931 562 1001 600 sed
1023 565 1067 599 ut
1085 575 1219 599 omnes
1236 562 1363 599 socios
1379 564 1499 599 testes
1515 560 1696 608 haberet,

190 641 240 679 15
259 652 300 677 se
331 639 454 689 pacis,
487 637 578 675 illos
609 636 709 674 belli
740 649 898 674 causam
929 634 1130 684 quaesisse.
1206 633 1272 671 Ita
1302 633 1450 670 infecta
1477 645 1575 682 pace
1605 645 1696 671 con-

259 710 396 748 cilium
427 709 591 756 dimisit,
624 711 812 758 quattuor
843 707 1021 745 millibus
1053 708 1295 743 armatorum
1325 705 1477 742 relictis
1516 704 1567 742 ad
1598 716 1697 754 prae-

196 785 246 821 16
263 782 409 820 sidium
439 781 681 819 Aehaeorum
713 784 752 818 et
783 780 960 830 quinque
996 777 1128 826 longis
1159 777 1330 815 navibus
1361 777 1554 826 acceptis,
1600 789 1698 825 quas

261 855 297 891 si
327 853 541 891 adiecisset
570 852 702 890 missae
733 865 860 901 nuper
890 851 942 888 ad
968 863 1009 888 se
1033 849 1153 887 classi
1169 848 1558 897 Carthaginiensium
1588 851 1628 885 et
1650 861 1699 885 ex

262 925 456 974 Bithynia
486 925 535 962 ab
567 937 662 973 rege
680 923 827 960 Prusia
851 921 1106 960 venientibus
1130 920 1311 966 navibus,
1341 923 1537 958 statuerat
1566 919 1702 958 navali

264 997 409 1047 proelio
441 997 637 1034 lacessere
667 995 882 1041 Romanos,
927 994 1005 1031 iam
1048 993 1118 1030 diu
1165 993 1205 1029 in
1250 992 1415 1041 regione
1445 1005 1491 1029 ea
1520 994 1702 1042 potentes

194 1072 246 1108 17
262 1070 394 1107 maris.
455 1068 549 1118 Ipse
580 1068 630 1105 ab
662 1080 706 1105 eo
739 1066 910 1104 concilio
953 1065 1087 1114 Argos
1118 1077 1340 1113 regressus3
1381 1063 1458 1100 iam
1490 1063 1594 1101 enim
1624 1062 1702 1101 Ne·

263 1154 439 1179 meorum
471 1140 688 1190 appetebat
732 1143 909 1188 tempus,
957 1150 1044 1187 quae
1091 1137 1291 1174 celebrare
1337 1135 1503 1174 volebat
1531 1148 1702 1185 praesen·

261 1213 320 1251 tia
351 1226 434 1250 sua.

147 1282 195 1330 31
383 1283 587 1333 Occupato
633 1295 727 1331 rege
776 1284 975 1331 apparatu
1019 1280 1207 1317 ludorum
1251 1282 1293 1316 et
1337 1292 1409 1328 per
1453 1278 1537 1316 dies
1584 1278 1705 1315 festos

266 1357 452 1394 licentius
484 1368 603 1405 quam
644 1354 749 1390 inter
794 1352 895 1390 belli
940 1356 1122 1402 tempora
1165 1351 1395 1389 remittente
1433 1350 1628 1396 animum,
1660 1349 1706 1386 P.

266 1427 474 1478 Sulpicius
506 1428 555 1464 ab
586 1425 795 1476 Naupacto
827 1425 1029 1474 profectus
1060 1425 1226 1462 classem
1253 1423 1412 1474 appulit
1444 1422 1549 1459 inter
1567 1420 1703 1470 Sicyo·

266 1513 357 1537 nem
389 1503 429 1537 et
460 1497 714 1543 Corinthum,
761 1510 980 1546 agrumque
1025 1496 1286 1534 nobilissimae
1331 1494 1556 1532 fertilitatis
1587 1493 1707 1531 effuse

225 1574 247 1609 2
266 1572 450 1610 vastavit.
480 1570 606 1608 Fama
624 1570 708 1607 eius
725 1570 784 1606 rei
801 1569 1043 1618 Philippum
1068 1567 1117 1604 ab
1147 1567 1254 1605 ludis
1281 1567 1448 1613 excivit,
1479 1566 1707 1616 raptimque

270 1657 359 1681 cum
376 1644 559 1693 equitatu
574 1643 789 1692 profectus,
810 1640 929 1678 iussis
947 1640 1139 1689 subsequi
1154 1639 1370 1689 peditibus,
1393 1639 1546 1688 palatos
1562 1637 1710 1688 passim

268 1729 340 1766 per
386 1728 504 1764 agros
551 1727 771 1764 gravesque
816 1713 966 1763 praeda,
1009 1716 1055 1749 ut
1100 1712 1169 1761 qui
1200 1711 1302 1748 nihil
1346 1711 1427 1747 tale
1473 1713 1708 1755 metuerent,

225 1787 431 1825 3adortus
462 1786 665 1824 Romanos
697 1785 889 1835 compulit
918 1786 960 1821 111
992 1797 1123 1822 naves.
1186 1782 1338 1820 Classis
1369 1781 1552 1820 Romana
1582 1780 1710 1819 haud-

272 1873 473 1910 quaquam
490 1859 582 1895 laeta
597 1858 735 1908 praeda
750 1858 1004 1907 Naupactum
1028 1855 1167 1901 rediit3
1192 1854 1385 1904 Philippo
1410 1853 1596 1892 ludorum
1613 1866 1710 1902 quo-

274 1944 361 1980 que,
379 1931 449 1980 qui
476 1931 624 1980 reliqui
649 1934 776 1977 erant,
807 1929 1080 1968 celebritatem
1098 1930 1429 1976 quantaecunque,
1453 1925 1501 1963 de
1517 1925 1710 1963 Romanis

228 2004 416 2048 4tamen,
445 2003 629 2040 victoriae
659 2005 786 2052 partae
817 2002 921 2039 fama
952 2002 1128 2045 auxerat,
1167 1999 1390 2048 laetitiaque
1421 1997 1577 2046 ingenti
1611 1997 1710 2034 cele·

274 2075 380 2112 brati
409 2075 501 2111 festi
533 2074 631 2119 dies,
670 2087 714 2111 eo
755 2073 881 2122 magis
928 2072 1067 2118 etiam,
1100 2071 1226 2120 quod,
1257 2069 1508 2120 populariter
1551 2068 1712 2118 dempto

275 2146 418 2195 capitis
450 2145 598 2193 insigni
615 2158 872 2195 purpuraque
896 2149 1016 2193 atque
1041 2143 1121 2181 alio
1152 2142 1265 2191 regio
1297 2141 1454 2187 habitu,
1485 2143 1713 2190 aequaverat

276 2217 418 2255 ceteris
450 2231 490 2255 se
522 2217 564 2254 in
595 2217 778 2266 speciem,
809 2230 887 2265 quo
904 2215 1006 2252 nihil
1036 2215 1192 2264 gratius
1218 2218 1277 2251 est
1301 2213 1531 2251 civitatibus
1555 2212 1713 2258 liberis;

238 2288 596 2338 5praebuissetque
642 2288 748 2326 haud
781 2287 942 2325 dubiam
989 2300 1035 2325 eo
1067 2287 1172 2324 facto
1217 2299 1327 2336 spem
1372 2285 1588 2331 libertatis,
1634 2284 1712 2322 nisi

278 2361 412 2399 omnia
443 2360 696 2398 intoleranda
723 2359 896 2396 libidine
923 2359 1029 2396 foeda
1054 2372 1098 2396 ac
1117 2358 1310 2396 deformia
1327 2356 1531 2395 effecisset.
1579 2355 1713 2405 Vaga-

276 2433 397 2470 batur
428 2433 533 2469 enim
579 2444 668 2469 cum
698 2445 776 2469 uno
823 2434 893 2469 aut
923 2431 1049 2468 altero
1097 2430 1240 2467 comite
1281 2442 1352 2479 per
1381 2428 1545 2465 maritas
1576 2427 1713 2465 domos

230 2505 252 2541 6
273 2503 357 2541 dies
387 2507 614 2553 noctesque,
647 2507 686 2541 et
716 2502 996 2541 summittendo
1021 2515 1060 2539 se
1087 2502 1128 2538 111
1156 2502 1356 2551 privatum
1380 2499 1600 2548 fastigium,
1633 2512 1711 2549 quo

277 2575 406 2612 minus
438 2580 685 2624 conspectus,
716 2588 762 2613 ec
793 2574 962 2613 solutior
993 2577 1096 2620 erat,
1127 2576 1167 2610 et
1196 2572 1440 2619 libertatem,
1471 2585 1592 2622 quum
1624 2571 1715 2609 aliis

229 2649 249 2682 7
270 2660 412 2685 vanam
444 2647 696 2695 ostendisset,
726 2651 851 2685 totam
884 2646 925 2683 in
958 2659 1068 2683 suam
1099 2644 1304 2682 licentiam
1335 2646 1522 2683 verterat.
1573 2642 1713 2692 Neque
