1789 2955
532 133 635 164 Liber
661 133 784 163 xxiv.
828 132 883 174 (A.
911 132 973 163 Ch.
1000 130 1094 175 214.)
1438 133 1520 174 195

107 266 296 310 Insulam,
335 277 539 303 consensu
572 264 751 301 omnium
784 264 942 301 deiecta
975 270 1048 301 est.
1118 265 1273 301 Secutae
1306 270 1346 301 et
1377 269 1520 302 ceterae

107 348 170 373 res
202 336 307 373 hanc
337 335 642 372 inclinationem
674 334 898 370 animorum
933 336 987 370 ad
1019 335 1256 370 libertatem.

226 406 497 455 Hippocrates
514 410 635 453 atque
655 405 872 453 Epicydes,
898 405 1037 441 audita
1054 410 1183 441 morte
1202 405 1373 454 tyranni,
1400 418 1519 453 quam
1535 404 1562 444 5

107 476 379 526 Hippocrates
403 476 524 512 etiam
547 475 689 511 nuntio
714 474 927 511 interfecto
953 476 1083 511 celare
1109 475 1302 519 voluerat,
1330 477 1479 512 deserti
1497 488 1520 512 a

107 548 308 593 militibus,
340 547 433 596 quia
456 546 498 582 id
522 546 763 582 tutissimum
786 557 834 581 ex
858 546 1124 594 praesentibus
1149 546 1372 590 videbatur,
1404 546 1520 594 Syra-

108 631 224 655 cusas
248 618 425 661 rediere;
452 617 518 652 ubi
541 629 592 652 ne
612 615 787 664 suspecti
805 616 1113 651 obversarentur
1131 622 1322 664 tanquam
1341 616 1520 652 novandi
1536 615 1561 654 6

106 701 169 725 res
187 689 362 736 aliquam
382 687 643 724 occasionem
662 692 900 734 quaerentes,
925 691 1117 734 praetores
1134 687 1318 734 primum,
1338 686 1434 722 dein
1451 698 1522 734 per

107 770 180 795 eos
206 764 391 795 senatum
414 758 581 794 adeunt.
644 757 706 793 Ab
730 756 961 793 Hannibale
985 768 1028 792 se
1051 756 1196 793 missos
1221 757 1443 804 praedicant
1467 758 1521 793 ad
1537 754 1559 794 7

107 828 400 878 Hieronymum
439 833 631 875 tanquam
665 828 836 865 amicum
871 839 918 864 ac
951 827 1105 863 socium
1137 826 1318 875 paruisse
1350 828 1520 875 imperio

107 899 205 943 eius,
239 899 350 935 cuius
383 899 601 947 imperator
633 910 727 935 suus
759 898 939 934 voluerit.
1013 896 1129 932 Velle
1161 898 1215 932 ad
1248 896 1520 933 Hannibalem

105 969 256 1012 redire;
291 974 481 1013 ceterum,
515 981 636 1016 quum
659 969 732 1004 iter
757 974 883 1004 tutum
906 979 991 1004 non
1015 967 1075 1011 sit,
1106 967 1345 1015 vagantibus
1370 966 1557 1016 passimS

106 1051 177 1087 per
201 1044 327 1075 totam
350 1039 523 1076 Siciliam
547 1038 756 1083 Romanis,
786 1044 936 1086 petere,
968 1042 1010 1074 ut
1032 1038 1206 1086 praesidii
1231 1038 1330 1073 dent
1354 1037 1519 1084 aliquid,

106 1120 187 1156 quo
219 1108 374 1146 Locros
413 1109 454 1145 in
485 1109 641 1145 Italiam
681 1109 974 1156 perducantur;
1014 1108 1183 1156 gratiam
1224 1119 1415 1156 magnam
1449 1119 1520 1144 eos

106 1191 228 1227 parva
251 1191 376 1228 opera
403 1180 513 1228 apud
533 1179 804 1215 Hannibalem
822 1179 1004 1215 inituros.
1053 1178 1187 1215 Facile
1205 1190 1268 1214 res
1284 1178 1496 1226 impetrata
1510 1189 1517 1220 ;
1533 1177 1557 1217 9

106 1250 215 1285 abire
249 1251 356 1286 enim
388 1251 513 1287 duces
544 1251 679 1298 regios
712 1261 834 1297 quum
867 1249 1018 1297 peritos
1050 1249 1211 1293 militiae,
1246 1254 1328 1284 tum
1353 1254 1520 1296 egentes

106 1320 277 1356 eosdem
308 1326 429 1368 atque
461 1321 640 1357 audaces
672 1321 909 1368 cupiebant;
944 1320 1018 1355 sed
1048 1320 1160 1367 quod
1183 1319 1387 1363 volebant,
1421 1331 1518 1363 non,

106 1402 225 1438 quam
250 1395 449 1427 maturato
474 1403 577 1439 opus
602 1396 699 1434 erat,
724 1390 879 1427 naviter
896 1390 1185 1438 expediebant.
1233 1389 1396 1425 Interim
1413 1389 1521 1425 iuve-
1539 1388 1592 1429 10

105 1472 178 1497 nes
211 1460 399 1498 militares
431 1467 471 1498 et
502 1462 651 1498 assueti
679 1460 867 1497 militibus
891 1472 998 1496 nunc
1022 1460 1133 1507 apud
1158 1471 1229 1495 eos
1253 1460 1379 1508 ipsos,
1413 1472 1520 1496 nunc

106 1531 216 1579 apud
255 1531 498 1580 transfugas,
539 1544 710 1580 quorum
748 1532 921 1567 maxima
953 1542 1045 1579 pars
1079 1543 1127 1566 ex
1158 1530 1367 1566 navalibus
1400 1530 1520 1567 sociis

106 1601 382 1637 Romanorum
421 1608 519 1646 erat,
559 1614 667 1638 nunc
699 1603 820 1638 etiam
853 1602 963 1649 apud
995 1600 1141 1636 infimae
1173 1601 1301 1649 plebis
1335 1601 1520 1637 homines

107 1671 272 1707 crimina
297 1673 486 1708 serebant
507 1673 548 1708 in
575 1677 759 1709 senatum
778 1673 1095 1720 optimatesque:
1121 1671 1162 1706 id
1181 1672 1310 1708 moliri
1329 1672 1430 1709 clam
1449 1683 1520 1707 eos
1539 1670 1588 1710 11

106 1747 227 1790 atque
252 1747 416 1787 struere,
442 1748 484 1778 ut
501 1743 707 1791 Syracusae
732 1755 802 1791 per
826 1742 1004 1790 speciem
1026 1741 1296 1778 reconciliatae
1314 1742 1520 1778 societatis

104 1812 145 1847 in
179 1812 341 1848 dicione
375 1813 653 1849 Romanorum
687 1814 777 1856 sint,
817 1812 913 1849 dein
947 1812 1070 1848 factio
1103 1824 1150 1848 ac
1183 1812 1301 1860 pauci
1334 1817 1520 1848 auctores

106 1881 270 1918 foederis
301 1883 484 1919 renovati
517 1884 790 1920 dominentur.

223 1952 297 1989 His
315 1953 530 1990 audiendis
548 1954 846 2001 credendisque
865 1958 1096 2002 opportuna
1113 1953 1326 1989 multitudo
1340 1953 1521 1990 maiorin
1583 1950 1649 1995 24

106 2023 193 2059 dies
211 2023 430 2071 Syracusas
454 2024 699 2068 confluebat,
726 2036 803 2060 nec
820 2023 992 2072 Epicydi
1018 2024 1146 2060 solum
1173 2036 1287 2072 spem
1311 2025 1522 2060 novanda-

105 2105 190 2128 rum
228 2105 372 2137 rerum,
413 2095 488 2129 sed
520 2095 795 2131 Adranodoro
836 2094 957 2130 etiam
995 2095 1214 2142 praebebat.
1280 2094 1358 2140 Qui
1392 2094 1563 2133 fessus?

105 2163 273 2199 tandem
297 2163 431 2200 uxoris
448 2164 615 2201 vocibus
633 2165 851 2209 monentis,
875 2177 983 2201 nunc
1000 2165 1098 2200 illud
1117 2177 1206 2201 esse
1225 2170 1383 2213 tempus
1402 2177 1522 2202 occu-

106 2233 231 2281 pandi
257 2244 333 2276 res,
365 2233 462 2269 dum
487 2236 646 2271 turbata
670 2235 807 2271 omnia
831 2247 936 2272 nova
963 2240 1084 2282 atque
1109 2235 1321 2271 incondita
1338 2235 1521 2271 libertate

106 2308 255 2346 essent,
289 2303 385 2339 dum
418 2304 537 2353 regiis
562 2305 774 2353 stipendiis
799 2310 936 2353 pastus
961 2305 1241 2342 obversaretur
1263 2305 1390 2349 miles,
1424 2306 1521 2340 dum

106 2373 157 2408 ab
190 2372 420 2410 Hannibale
459 2375 568 2411 missi
609 2376 734 2411 duces
773 2376 922 2411 assueti
962 2375 1150 2412 militibus
1184 2376 1319 2411 iuvare
1352 2380 1521 2423 possent

105 2443 281 2492 incepta,
308 2455 397 2480 cum
415 2444 641 2490 Themisto,
668 2445 730 2482 cui
749 2445 919 2482 Gelonis
943 2444 1022 2481 filia
1046 2451 1173 2494 nupta
1197 2450 1294 2489 erat,
1321 2457 1403 2480 rem
1423 2457 1520 2482 con—

107 2514 303 2550 sociatam
329 2526 483 2563 paucos
508 2521 602 2563 post
625 2516 712 2552 dies
730 2516 908 2552 Aristoni
934 2516 1095 2552 cuidam
1120 2517 1273 2564 tragico
1293 2515 1432 2559 actori,
1458 2515 1520 2552 cui

107 2589 146 2620 et
177 2585 255 2620 alia
287 2596 435 2621 arcana
463 2586 712 2622 committere
737 2591 930 2629 assuerat,
964 2587 1125 2622 incaute
1150 2585 1290 2633 aperit.
1354 2584 1458 2621 Huic
1481 2584 1561 2625 et3

106 2666 234 2702 genus
259 2660 298 2690 et
322 2654 483 2692 fortuna
508 2655 680 2692 honesta
706 2662 832 2701 erant,
862 2668 937 2692 nec
962 2668 1038 2700 ars,
1068 2655 1161 2703 quia
1186 2656 1282 2692 nihil
1306 2657 1384 2692 tale
1409 2658 1519 2704 apud

1171 2721 1236 2756 13*
