1768 2943
932 83 1029 114 XXX

271 200 326 242 ex)
364 200 384 233 4
425 199 638 241 (denuntiato
664 199 738 240 Mg.
769 199 845 230 Em.
873 201 952 232 355.
986 198 1103 237 Codd.,
1129 200 1243 230 Drak.
1270 199 1436 241 nuntiato)
1465 198 1468 238 ζ
1495 199 1676 241 (excedere

270 259 389 291 ordine
415 259 501 300 Mg„
528 259 594 301 cfr.
621 257 698 288 Em.
726 260 780 291 53.
812 258 925 296 Codd.,
951 257 1066 288 Drak.
1093 267 1120 288 e.
1147 258 1314 300 ordinem)
1348 259 1367 291 7
1399 258 1455 300 (ab
1482 269 1522 290 eo
1549 259 1678 290 intenta

271 319 300 349 I.
327 318 374 349 H.
410 318 502 348 Voss.
529 317 561 347 P
582 316 815 354 oboedienter,
842 316 955 347 Drak.
982 316 1027 347 ob
1053 317 1088 347 id
1113 316 1187 359 int.)
1218 317 1221 352 ἓ
1249 316 1283 358 (e
1308 318 1388 348 add.
1410 318 1483 358 Alg.
1499 317 1576 347 Em.
1592 316 1677 358 355)

273 376 317 410 10
342 376 524 418 (orientem
551 354 720 416 spectans,
747 375 847 405 busta
872 375 944 405 lac.
976 376 1083 406 Gron.
1111 379 1145 405 et
1174 375 1250 406 Uss.
1277 376 1311 406 P
1331 375 1676 416 spectabestaliquan-

270 440 350 466 tum.
389 435 502 465 Drak.
542 444 572 464 o.
606 433 791 474 spectabat.
830 443 858 464 a.
893 433 912 463 i.
950 444 992 464 m.
1032 434 1263 476 includuntur)
1300 433 1344 467 12
1381 434 1525 476 (possint
1551 433 1674 464 Luchs.

276 493 392 531 Codd.,
418 493 532 524 Drak.
559 491 711 533 possent)
740 491 782 524 13
809 492 940 523 dicente
967 491 1087 533 (Codd.
1121 494 1188 523 duo
1214 492 1317 535 recc.)
1345 493 1388 526 16
1414 491 1508 535 (Lac.
1542 494 1678 523 notavit

278 553 418 587 Weiss.;
442 551 675 592 supplementi
697 551 853 591 formam
879 553 921 582 ab
943 551 1086 582 Hertzio
1112 550 1349 593 sumpsimus.)
1377 550 1381 594 1
1411 549 1585 593 (occupari
1605 550 1677 581 We-

269 612 362 641 senb.
395 609 512 648 Codd.,
539 611 652 641 Drak.
678 609 862 650 occupare)
890 609 932 647 X,
959 609 980 643 5
1006 610 1141 651 cognita
1166 620 1240 641 eam
1267 610 1514 641 dubitationem
1548 621 1566 640 e
1590 610 1676 641 coni.

270 670 316 700 H.
338 669 473 700 Weberi
495 668 585 711 (Mg.
601 669 679 700 Em.
695 672 774 702 355.
790 669 822 699 P
844 667 928 711 tum)
956 668 977 701 6
1004 679 1190 700 convocare
1211 668 1338 710 (Codd.
1354 669 1436 711 aliq.
1458 667 1559 710 recc.)
1579 668 1639 707 XI,
1656 668 1673 701 1

270 726 303 769 (a
328 731 410 758 ante
435 727 517 758 mari
543 728 623 758 add.
656 725 779 770 Gron.)
806 726 827 760 5
851 726 1054 768 (sustinuere
1086 726 1204 758 lVeiss.
1238 728 1269 757 P
1299 731 1332 758 et
1354 728 1469 758 Drak.
1497 726 1678 768 sustinere)

271 786 292 819 6
324 785 419 827 (inde
457 786 532 827 Mg.
570 786 648 817 Em.
687 789 766 820 355.
809 786 922 824 Codd.,
961 786 1073 816 Drak.
1113 785 1192 816 inde
1230 785 1279 827 et)
1327 785 1349 819 8
1399 785 1449 828 (ut
1487 785 1522 817 in
1558 785 1674 827 perfic.

269 845 339 875 lac.
380 844 488 875 Periz.
534 846 568 879 P
614 844 756 876 interfic.
809 845 922 875 Drak.
973 850 1009 875 ut
1060 844 1158 875 simul
1207 844 1241 874 in
1283 843 1459 886 faciendo)
1507 844 1528 877 9
1578 844 1629 875 his
1670 841 1674 885 Ι

268 902 456 944 (aliquanto
494 905 597 934 malit
637 902 804 946 PVesenb.)
845 902 847 945 ἰ
888 902 1026 944 (ceterae
1067 902 1163 934 Crev.
1220 903 1337 942 Codd.,
1387 904 1500 934 Drak.
1551 900 1677 944 cetera)

271 962 315 996 13
341 967 397 993 aut
423 973 501 994 aree
527 972 682 993 cessuros
708 973 725 992 e
750 963 835 993 coni.
868 963 975 995 Gron.
1015 960 1119 1003 (Edd.
1155 966 1235 993 vett.
1263 962 1295 992 P
1317 959 1524 1004 arcessuros)
1564 960 1606 994 17
1643 960 1678 1002 (e

269 1027 370 1062 portu
390 1026 458 1062 pro
484 1021 519 1051 in
544 1027 642 1062 portu
671 1022 809 1062 Sz'gon.;
836 1021 914 1051 Em.
942 1018 1024 1062 356)
1062 1019 1108 1053 20
1144 1019 1283 1062 (factam
1321 1022 1395 1051 edd.
1434 1024 1515 1051 vett.
1559 1019 1675 1058 Codd.,

269 1082 383 1111 Drak.
418 1079 556 1123 factum)
587 1080 664 1118 XII,
693 1079 710 1112 1
745 1079 801 1122 (ad
827 1080 906 1110 add.
939 1078 1109 1120 Wesenb.)
1133 1079 1154 1112 4
1180 1078 1274 1120 (post
1299 1090 1369 1110 rem
1395 1080 1519 1110 factam
1547 1079 1622 1120 Mg.
1649 1078 1681 1109 P

269 1141 548 1180 postraEmeacta.
577 1140 691 1170 Drak.
731 1144 807 1179 post
833 1148 901 1169 rem
929 1139 1053 1180 actam)
1086 1143 1089 1167 L
1118 1137 1354 1179 (comprobata
1387 1138 1569 1169 auctoritas
1601 1138 1677 1169 Uss.

273 1197 348 1241 Cfr.
387 1198 467 1229 Em.
493 1200 573 1232 356.
608 1197 722 1236 Codd.,
749 1197 862 1228 Drak.
891 1207 966 1227 cum
993 1203 1064 1227 rato
1091 1196 1288 1239 auctoritas)
1325 1197 1346 1230 5
1383 1197 1560 1239 (Romane,
1587 1197 1680 1238 quod

271 1257 367 1288 codd.
387 1261 472 1297 post
506 1256 700 1297 Troiugena
736 1257 882 1294 addunt,
921 1256 1033 1286 deleri
1069 1256 1171 1286 iussit
1199 1257 1238 1286 G.
1271 1256 1511 1287 Hermannus.
1563 1255 1676 1286 Drak.

270 1315 466 1357 Troiugena
491 1315 643 1347 Cannam
668 1315 823 1346 Romane
849 1313 944 1356 fuge)
976 1314 997 1347 6
1023 1313 1199 1356 (Wesenb.
1223 1319 1304 1355 post
1328 1315 1489 1356 frugifera
1515 1315 1679 1346 excidisse

269 1379 304 1405 ut
324 1372 457 1416 putat.)
483 1373 503 1407 7
531 1373 669 1416 (flumen
695 1374 717 1404 ii
743 1375 860 1405 Αἶα-ἢ.
889 1375 923 1407 P
950 1373 1089 1411 flumini,
1123 1373 1235 1404 Drak.
1270 1373 1411 1415 flumen)
1437 1374 1458 1407 9
1483 1373 1594 1412 vultis,
1620 1383 1677 1404 vo-

270 1432 357 1464 mica
383 1443 457 1474 quae
485 1431 652 1475 (Macrob.
670 1434 815 1464 Saturn.
843 1433 872 1470 l,
895 1435 950 1466 17.
977 1432 1090 1463 Drak.
1117 1436 1158 1463 ut
1181 1432 1258 1473 nos)
1288 1430 1290 1475 }
1320 1443 1359 1464 ex
1385 1433 1524 1474 publico
1538 1437 1677 1473 partem,

270 1497 398 1533 partem
423 1492 547 1533 privati
573 1503 591 1522 e
615 1492 698 1522 coni.
726 1492 949 1522 llsommsenz'i
986 1491 1030 1524 10
1061 1490 1185 1532 (pascit
1211 1491 1244 1521 P
1265 1495 1386 1522 contra
1412 1492 1524 1522 Macr.
1563 1491 1676 1521 Drak.

268 1556 420 1591 pascunt.
459 1551 588 1582 Hostes
625 1554 806 1582 vastantes
837 1560 906 1580 non
931 1554 1085 1590 pascunt
1121 1560 1238 1590 agros,
1276 1551 1401 1581 saltem
1439 1561 1508 1581 non
1528 1549 1676 1590 placide.

268 1610 394 1650 Apollo
414 1611 539 1651 pascit,
565 1610 630 1641 hoc
655 1613 714 1648 est,
742 1610 858 1640 nutrit
881 1607 1045 1651 campos.)
1060 1608 1101 1641 11
1124 1608 1231 1650 (Edd.
1258 1613 1337 1640 vett.
1365 1609 1548 1640 decemviri
1572 1607 1678 1638 libros

268 1667 326 1709 de)
352 1668 395 1702 13
420 1668 540 1710 hisque
557 1668 648 1710 (Mg.
664 1668 835 1709 Piisquae
855 1668 969 1698 Drak.
985 1666 1106 1710 iisque)
1126 1667 1170 1701 15
1187 1668 1222 1698 in
1247 1668 1434 1709 propatulis
1460 1666 1565 1709 (Edd.
1580 1665 1679 1708 vett.)

268 1727 364 1766 XIII,
391 1727 413 1761 5
437 1727 548 1769 (Vid.‚
570 1739 612 1758 ne
636 1727 759 1758 Livius
783 1727 983 1767 scripserit:
1009 1727 1100 1767 quod
1126 1732 1252 1758 aestate.
1279 1720 1509 1757 Frumentum
1542 1735 1611 1756 non
1642 1725 1678 1754 in

269 1790 379 1817 certos
399 1788 559 1827 populos,
585 1788 648 1817 sed
670 1787 767 1826 apud
790 1796 870 1816 suos
895 1786 1054 1826 quodque
1073 1787 1224 1826 populos
1248 1788 1497 1826 comportatum
1516 1782 1620 1825 erat.)
1635 1782 1679 1816 10

269 1845 459 1886 agrestibus
485 1845 631 1877 externis
655 1844 746 1886 (Mg.
774 1845 851 1875 Em.
879 1846 958 1877 356.
987 1844 1021 1874 P
1048 1844 1239 1884 agrestibus
1264 1843 1305 1874 iis
1331 1843 1492 1880 externis,
1519 1853 1560 1873 su
1587 1852 1630 1872 ra
1656 1852 1677 1871 n

267 1904 396 1944 scripto
410 1914 436 1934 r.
451 1904 566 1934 Drak.
593 1914 623 1934 a.
650 1903 690 1934 iis
715 1913 754 1934 ex
769 1901 882 1943 terris)
896 1902 988 1940 XIV,
1005 1901 1023 1934 1
1051 1912 1090 1932 ac
1116 1903 1222 1933 multa
1247 1902 1396 1943 pernicie
1423 1912 1440 1931 e
1457 1901 1540 1931 coni.
1570 1898 1677 1940 (Prae-

267 1964 387 1993 stabat
405 1962 510 2003 prior
534 1963 706 1993 Muelleri
729 1963 816 1992 coni.
849 1961 952 1991 multa
983 1960 1126 1991 militum
1154 1961 1330 2002 pernicie.)
1356 1960 1377 1993 2
1403 1959 1538 2001 (legatis
1562 1958 1675 1998 suppl.

267 2021 397 2059 Alsch„
424 2026 535 2052 castra
552 2020 647 2052 Crev.
676 2020 788 2051 Drak.
817 2019 1013 2050 convocatis
1039 2019 1181 2050 tribunis
1208 2023 1243 2049 et
1263 2020 1382 2050 castris
1405 2017 1454 2061 se)
1480 2018 1500 2051 4
1527 2017 1678 2058 proxima

269 2079 356 2110 forte
390 2084 460 2111 erat
497 2079 599 2121 (forte
625 2080 701 2120 Mg.
729 2079 807 2119 Em.
835 2080 914 2111 357.
941 2078 973 2108 P
1006 2078 1158 2118 proxime
1199 2083 1307 2118 portae
1334 2078 1491 2108 hostium.
1529 2075 1677 2107 hostium

269 2141 474 2169 notaveram
492 2139 529 2169 in
545 2138 725 2178 superiore
742 2137 900 2168 editione.
952 2137 1064 2168 Drak.
1092 2137 1248 2177 proxima
1273 2142 1382 2177 portae
1408 2133 1569 2178 hostium)
1594 2133 1616 2167 8
1634 2134 1677 2164 ab

269 2197 462 2228 revocando
487 2195 902 2238 remorandoque(Codd.
930 2207 1010 2226 recc.
1033 2197 1202 2236 plerique.
1222 2195 1254 2226 P
1276 2193 1552 2235 revocandoque)
1572 2193 1594 2226 9
1608 2192 1677 2223 vol·

268 2255 388 2293 nerati,
426 2255 525 2287 etiam
563 2265 647 2297 quos
684 2254 850 2297 (Interp.)
880 2253 882 2295 h
913 2255 1001 2285 vires
1033 2254 1169 2295 sanguis
1201 2252 1301 2295 (Cod.
1335 2264 1425 2284 unus
1462 2263 1528 2283 rec.
1562 2252 1675 2282 Drak.

269 2313 488 2356 sanguisque)
515 2313 559 2346 12
584 2313 718 2356 (deletis
741 2318 808 2353 pro
834 2313 974 2344 deiectis
999 2314 1074 2354 Mg.
1089 2313 1168 2344 Em.
1184 2311 1268 2353 358)
1294 2312 1368 2349 XV,
1395 2312 1416 2345 9
1442 2321 1511 2341 non
1536 2309 1676 2340 militum

269 2372 373 2414 (Edd.
401 2377 481 2404 vett.
512 2373 587 2416 Csr.
613 2373 692 2403 Em.
711 2370 794 2414 383)
821 2371 865 2405 10
889 2371 982 2413 (apte
1009 2372 1051 2402 ad
1076 2371 1242 2412 tegendas
1256 2371 1372 2401 Alsch.
1403 2371 1436 2404 P
1459 2368 1676 2410 aptegendaS.

269 2432 382 2462 Drak.
411 2432 455 2462 ad
480 2430 658 2473 tegendas)
683 2430 727 2463 13
752 2431 875 2472 (prope
888 2434 956 2471 pro
983 2440 1126 2471 propere
1144 2427 1256 2471 Crev.)
1283 2429 1328 2461 16
1352 2428 1403 2470 (P
1415 2439 1491 2459 cum
1516 2427 1595 2458 inde
1621 2426 1677 2457 alii

269 2490 478 2521 caedendum.
513 2489 612 2522 Corr.
648 2493 682 2519 et
704 2490 817 2530 suppl.
849 2490 956 2520 Gron.
984 2490 1099 2520 Drak.
1133 2498 1235 2529 quum
1268 2487 1324 2518 alii
1356 2487 1474 2518 urbem
1506 2485 1676 2524 tuendam,

270 2548 347 2579 inde
372 2548 427 2579 alii
453 2547 528 2591 cet.)
555 2548 598 2582 18
623 2547 752 2591 (herbis
771 2552 840 2588 pro
866 2547 1017 2578 hibernis
1032 2548 1103 2578 Iac.
1124 2544 1247 2588 Gron.)
1273 2545 1318 2579 20
1345 2545 1480 2587 (equitis
1497 2543 1677 2585 pro-equi-

270 2613 320 2637 tes
346 2607 418 2648 Mg.
448 2607 526 2638 Em.
554 2607 638 2649 356)
664 2607 756 2645 XVI,
782 2606 803 2639 2
828 2606 988 2648 (adedere
1020 2607 1127 2637 Gran.
1155 2607 1189 2640 P
1206 2610 1355 2642 anaere;'
1374 2604 1486 2636 Drak.
1513 2601 1628 2645 edere)
1655 2601 1677 2635 3
