1789 2955
265 76 342 114 186
645 74 761 108 Liber
786 73 933 109 XXIX.
988 75 1047 118 (A.
1074 86 1107 108 u.
1134 85 1163 108 c.
1189 75 1287 118 549.)

261 213 302 237 se
334 200 383 238 ad
415 214 480 239 eos
511 201 771 240 vindicandos
803 202 844 239 in
874 202 1100 240 libertatem
1131 202 1208 248 ait,
1239 205 1296 248 et,
1328 204 1372 239 ut
1402 201 1479 251 ipsi
1509 205 1686 253 cernant,

263 272 369 309 mitti
402 272 479 310 sibi
511 274 560 311 ab
601 273 716 312 domo
762 274 968 324 praesidia,
1013 274 1079 311 sed
1127 274 1285 323 quantis
1329 274 1496 322 viribus,
1541 278 1688 324 quanto

221 346 243 382 5
264 345 441 382 exercitu
473 345 515 382 id
545 345 695 383 bellum
726 349 899 396 geratur,
933 347 974 383 in
1013 359 1147 383 eorum
1186 349 1380 395 potestate
1420 359 1514 385 esse.
1575 346 1689 384 Duos

262 416 459 454 exercitus
475 416 686 464 Romanos,
717 431 839 455 unum
870 418 910 455 in
928 416 1078 465 Gallia,
1109 418 1278 454 alterum
1311 417 1352 454 in
1386 418 1553 456 Etruria
1584 431 1689 465 esse,

262 488 357 525 satis
389 490 500 535 scire,
531 488 599 540 Sp.
617 489 849 527 Lucretium
874 504 914 528 se
943 503 1030 527 cum
1061 489 1118 528 M.
1136 489 1252 526 Livio
1284 490 1532 537 iuncturum3
1566 491 1690 528 multa

261 560 386 597 millia
417 562 606 599 armanda
637 576 732 610 esse,
763 566 808 600 ut
839 562 993 600 duobus
1027 562 1216 609 ducibus,
1263 561 1416 599 duobus
1448 562 1690 600 exercitibus

220 631 451 671 GRomanis
483 634 700 672 resistatur.
761 634 869 673 Galli
907 648 1096 672 summam
1138 633 1186 670 ad
1232 633 1275 670 id
1306 647 1416 671 suam
1446 635 1690 673 voluntatem

265 717 346 742 esse
377 705 529 752 dicere;
560 706 628 744 sed
660 720 780 756 quum
811 721 890 744 una
922 710 1051 744 castra
1081 706 1262 743 Romana
1286 705 1395 744 intra
1426 706 1534 754 fines,
1564 707 1691 745 altera

266 775 303 812 in
321 775 492 814 finitima
507 782 617 815 terra
637 778 801 816 Etruria
824 793 948 830 prope
974 779 1014 816 in
1039 782 1252 828 conspectu
1274 777 1459 826 habeant,
1483 779 1517 816 si
1541 779 1689 829 palam-

262 847 341 896 fiat,
373 850 536 887 auxiliis
567 850 748 888 adiutum
773 851 821 888 ab
840 865 924 889 sese
941 851 1122 898 Poenum,
1154 851 1352 901 extemplo
1376 850 1540 888 infestos
1563 851 1690 888 utrin-

264 934 340 969 que
373 922 569 960 exercitus
602 923 643 960 in
674 937 814 973 agrum
846 937 959 961 suum
991 924 1238 970 incursuros3
1271 937 1317 960 ea
1347 923 1396 960 ab
1429 921 1559 960 Gallis
1591 922 1691 960 desi·

223 997 243 1031 7
265 992 432 1041 deraret,
450 995 594 1044 quibus
611 996 766 1034 occulte
784 996 967 1034 adiuvari
984 999 1136 1046 posset;
1169 995 1400 1045 Liguribus,
1425 995 1531 1045 quod
1548 995 1689 1045 procul

262 1079 357 1114 agro
389 1066 636 1118 urbibusque
668 1082 804 1107 eorum
836 1073 964 1106 castra
994 1068 1174 1106 Romana
1215 1068 1311 1115 sint,
1356 1067 1484 1105 libera
1521 1067 1692 1105 consilia

263 1151 369 1184 esse3
402 1139 493 1177 illos
525 1154 677 1178 armare
709 1141 956 1179 iuventutem
988 1143 1027 1178 et
1059 1154 1263 1190 capessere
1294 1153 1366 1190 pro
1397 1142 1511 1189 parte
1541 1139 1691 1177 bellum

219 1213 242 1250 8
262 1222 417 1259 aequum
449 1225 544 1249 esse.
604 1212 774 1262 Ligures
805 1213 911 1251 haud
942 1214 1135 1259 abnuere3
1176 1217 1330 1262 tempus
1369 1211 1485 1250 modo
1525 1211 1692 1249 duorum

262 1296 437 1320 mensum
468 1288 605 1334 petere
637 1285 688 1323 ad
720 1286 892 1323 dilectus
923 1285 1138 1323 habendos.
1199 1285 1366 1322 Interim
1397 1284 1517 1334 Mago
1545 1284 1691 1322 milites

263 1352 422 1403 Gallos,
468 1356 643 1395 dimissis
685 1358 786 1395 clam
817 1371 889 1408 per
920 1371 1037 1407 agros
1068 1371 1214 1404 eorum,
1246 1357 1428 1395 mercede
1459 1356 1690 1395 conducere.

264 1425 515 1466 Commeatus
547 1443 705 1480 quoque
736 1431 863 1468 omnis
902 1430 1059 1480 generis
1094 1430 1248 1467 occulte
1275 1430 1325 1467 ad
1356 1443 1443 1466 eum
1475 1443 1498 1466 a
1521 1427 1692 1467 Gallicis

224 1506 245 1541 9
265 1500 424 1549 populis
454 1502 727 1541 mittebantur.
782 1503 837 1540 M.
856 1502 995 1540 Livius
1019 1502 1233 1539 exercitum
1255 1502 1440 1540 volonum
1465 1514 1513 1538 ex
1527 1501 1693 1540 Etruria

264 1571 305 1608 in
339 1570 512 1611 Galliam
557 1575 759 1621 traducit,
806 1575 1041 1624 iunctusque
1072 1574 1279 1623 Lucretio,
1327 1574 1360 1611 si
1405 1587 1446 1611 se
1476 1573 1597 1622 Mago
1644 1587 1693 1611 ex

262 1642 480 1693 Liguribus
512 1648 677 1697 propius
707 1647 848 1685 urbem
873 1651 1039 1693 moveat,
1072 1646 1230 1684 obviam
1254 1646 1313 1683 ire
1335 1649 1462 1696 parat,
1495 1645 1528 1684 si
1543 1645 1692 1684 Poenus

262 1716 334 1754 sub
366 1719 514 1767 angulo
547 1719 716 1769 Alpium
749 1720 906 1770 quietus
937 1733 976 1757 se
1009 1719 1224 1765 contineat,
1272 1722 1311 1756 et
1354 1719 1439 1767 ipse
1485 1718 1526 1755 in
1557 1718 1691 1756 eadem

261 1789 424 1838 regione
457 1791 562 1829 circa
592 1792 822 1830 Ariminum
853 1792 984 1829 Italiae
1015 1791 1202 1842 praesidio
1233 1792 1400 1828 fut-urus.

374 1862 473 1901 Post
503 1864 678 1902 reditum
709 1878 758 1902 ex
789 1864 931 1902 Africa
963 1863 1003 1901 C.
1035 1864 1164 1911 Laelii,
1195 1866 1234 1901 et
1265 1862 1454 1913 Scipione
1485 1862 1690 1900 stimulato

261 1934 485 1973 Masinissae
517 1937 878 1984 adhortationibus,
911 1940 949 1974 et
978 1937 1196 1984 militibus,
1229 1935 1404 1986 praedam
1437 1949 1485 1972 ex
1515 1935 1690 1972 hostium

261 2011 369 2044 terra
401 2009 654 2047 cernentibus
685 2013 769 2048 tota
800 2010 924 2047 classe
957 2008 1097 2056 efferri,
1128 2008 1304 2046 accensis
1328 2007 1378 2045 ad
1408 2007 1690 2046 traiiciendum

263 2093 379 2129 quam
396 2082 579 2131 primum,
599 2082 817 2120 intervenit
841 2082 985 2120 maiori
1009 2081 1136 2119 minor
1159 2080 1361 2130 cogitatio,
1377 2079 1526 2117 Locros
1551 2079 1689 2116 urbem

262 2153 497 2203 recipiendi,
530 2167 617 2205 quae
649 2154 722 2192 sub
756 2154 1018 2192 defectionem
1041 2153 1175 2191 Italiae
1200 2152 1424 2190 desciverat
1453 2156 1492 2189 et
1522 2152 1610 2202 ipsa
1641 2151 1690 2189 ad

222 2231 244 2266 ‘2
262 2224 418 2263 Poenos.
467 2225 565 2277 Spes
597 2231 728 2264 autem
759 2226 987 2264 affectandae
1013 2226 1096 2263 eius
1122 2226 1181 2263 rei
1205 2239 1252 2263 ex
1277 2225 1441 2262 minima
1463 2238 1507 2262 re
1530 2223 1689 2262 affulsit.

262 2297 509 2336 Latrociniis
549 2299 674 2347 magis
713 2313 830 2348 quam
876 2299 980 2336 iusto
1021 2299 1127 2336 bello
1172 2299 1213 2335 in
1244 2297 1418 2335 Bruttiis
1449 2297 1692 2346 gerebantur

261 2383 338 2419 res,
370 2371 571 2422 principio
617 2371 666 2409 ab
706 2371 893 2409 Numidis
936 2371 1041 2408 facto
1088 2373 1127 2407 et
1157 2369 1332 2407 Bruttiis
1377 2382 1456 2406 non
1501 2369 1691 2406 societate

263 2442 389 2491 magis
431 2443 586 2481 Punica
624 2457 742 2493 quam
783 2446 923 2492 suopte
962 2443 1122 2492 ingenio
1172 2441 1481 2491 congruentibus
1521 2441 1562 2478 in
1604 2454 1692 2478 eum

222 2518 244 2554 3
263 2529 428 2563 morem3
460 2520 661 2567 postremo
683 2515 855 2553 Romani
886 2528 1042 2564 quoque
1074 2514 1222 2551 milites
1255 2513 1490 2563 contagione
1521 2512 1693 2563 quadam

262 2592 376 2639 rapto
408 2589 640 2639 gaudentes,
671 2591 862 2638 quantum
893 2600 964 2637 per
994 2586 1114 2624 duces
1151 2585 1320 2632 licebat,
1365 2586 1617 2623 excursiones
1649 2585 1692 2622 in

218 2659 435 2699 4hostium
481 2674 596 2710 agros
641 2661 784 2699 facere.
859 2658 926 2697 Ab
972 2659 1021 2696 iis
1068 2658 1218 2709 egressi
1259 2657 1423 2708 quidam
1467 2657 1566 2695 urbe
1611 2657 1690 2695 Lo-
