1789 2955
494 77 609 112 Liber
632 76 821 112 XXVIII.
871 78 932 121 (A.
960 77 1024 113 Ch.
1049 79 1144 123 205.)
1442 83 1521 120 177

208 205 346 257 Scipio
363 219 495 256 quum,
513 209 558 243 ut
574 205 763 242 dilectum
779 204 956 257 haberet,
983 219 1111 256 neque
1126 207 1378 257 impetrasset
1398 221 1526 257 neque
1545 207 1597 245 13

94 291 336 329 magnopere
352 277 598 324 tetendisset,
628 279 674 314 ut
688 276 933 315 voluntarios
952 277 1094 316 ducere
1111 278 1190 317 sibi
1207 278 1354 317 milites
1372 279 1523 327 liceret,

93 350 224 389 tenuit
256 353 306 398 et,
338 349 431 399 quia
462 349 648 399 impensae
679 352 894 398 negaverat
922 350 980 387 rei
1020 350 1190 400 publicae
1222 351 1395 388 futuram
1428 351 1527 389 clas—
1549 351 1600 388 14

93 436 188 470 sem,
218 425 273 470 ut,
305 435 393 472 quae
425 421 474 459 ab
506 420 623 459 sociis
656 421 846 459 darentur
877 421 928 459 ad.
958 435 1080 460 novas
1107 421 1362 461 fabricandas
1392 436 1524 471 naves,

95 495 307 545 acciperet.
366 493 540 532 Etruriae
570 493 743 543 primum
774 493 914 543 populi
942 506 1014 544 pro
1045 494 1127 532 suis
1163 494 1330 544 quisque
1359 495 1523 533 faculta-

96 567 208 605 tibus
240 565 442 604 consulem
474 565 680 603 adiuturos
718 565 908 615 polliciti,
940 565 1102 603 Caerites
1132 566 1372 604 frumentum
1404 567 1524 604 sociis
1544 566 1593 603 15

96 639 306 678 navalibus
324 641 662 687 commeatumque
690 637 815 675 omnis
840 637 1009 687 generiS,
1025 637 1338 687 Populonienses
1363 638 1523 687 ferrum,

94 710 403 760 Tarquinienses
434 710 559 748 lintea
589 710 630 747 in
660 709 761 757 vela,
778 708 1036 747 Volaterrani
1067 710 1331 748 interamenta
1361 711 1523 749 navium

93 787 134 821 et
163 783 419 829 frumentum,
449 781 636 819 Arretini
666 782 744 818 tria
774 781 902 819 millia
932 784 1146 829 scutorum,
1177 783 1312 832 galeas
1342 783 1523 831 totidem,
1544 783 1592 819 16

91 856 187 906 pila,
219 867 335 904 gaesa,
364 853 500 891 hastas
524 853 674 902 longas,
705 852 877 890 millium
903 853 1197 903 quinquaginta
1220 868 1409 892 summam
1432 856 1522 906 pari

92 927 286 976 cuiusque
332 926 489 975 generis
536 938 701 962 numero
733 925 984 975 expleturos,
1032 939 1205 974 secures,
1236 930 1358 974 rutra,
1390 927 1522 975 falces,
1543 926 1591 962 17

92 999 281 1044 alveolos,
313 998 448 1046 molas,
479 1000 670 1048 quantum
708 997 751 1034 in
789 997 1056 1047 quadraginta
1094 999 1231 1048 longas
1270 1013 1389 1037 naves
1420 1013 1520 1050 opus

100 1074 216 1119 esset,
245 1070 375 1108 tritici
405 1072 561 1107 centum
593 1072 632 1106 et
654 1069 800 1119 viginti
822 1069 950 1107 millia
973 1069 1157 1118 modium,
1189 1074 1227 1108 et
1258 1072 1299 1109 in
1330 1072 1521 1110 viaticum

98 1142 383 1181 decurionibus
407 1141 706 1191 remigibusque
738 1142 972 1188 collaturos3
1005 1142 1205 1190 Perusini,
1234 1143 1402 1192 Clusini,
1419 1144 1521 1182 Rus·
1543 1142 1593 1179 18

93 1214 238 1254 sellani
270 1214 442 1252 abietem
488 1214 531 1251 in
575 1214 826 1251 fabricandas
870 1227 990 1252 naves
1029 1218 1067 1251 et
1103 1216 1294 1253 frumenti
1333 1229 1519 1266 magnum

91 1300 317 1333 numerum;
350 1286 481 1324 abiete
513 1299 560 1323 ex
591 1285 764 1335 publicis
795 1286 909 1324 silvis
942 1290 1000 1324 est
1023 1300 1130 1326 usus.
1177 1287 1357 1325 Umbriae
1383 1288 1523 1338 populi
1543 1287 1593 1325 19

91 1363 132 1398 et
163 1362 309 1410 praeter
339 1358 411 1395 hos
449 1357 616 1396 Nursini
647 1360 686 1395 et
716 1357 880 1395 Reatini
922 1361 962 1396 et
991 1358 1237 1398 Amiternini
1270 1359 1521 1410 Sabinusque

95 1431 226 1470 omnis
243 1444 337 1481 ager
352 1430 503 1468 milites
519 1430 703 1480 polliciti.
750 1430 888 1478 Marsi,
905 1430 1067 1480 Peligni
1084 1432 1386 1482 Marrucinique
1403 1432 1518 1469 multi

90 1503 314 1542 voluntarii
331 1503 490 1541 nomina
515 1503 555 1540 in
581 1503 744 1539 classem
771 1502 977 1540 dederunt.
1040 1503 1240 1542 Camertes
1263 1518 1384 1554 quum
1412 1517 1523 1554 aequo
1541 1504 1594 1540 20

91 1576 238 1614 foedere
270 1589 359 1612 cum
388 1575 582 1613 Romanis
613 1577 753 1621 essent,
785 1575 984 1613 cohortem
1015 1579 1205 1614 armatam
1244 1581 1518 1615 sexcentorum

92 1648 298 1686 hominum
316 1646 521 1685 miserunt.
569 1645 755 1694 Triginta
778 1647 938 1684 navium
963 1648 1119 1695 carinae,
1148 1649 1294 1698 viginti
1327 1649 1520 1699 quinque·
1539 1649 1587 1685 21

91 1734 232 1768 remes,
251 1720 386 1757 decem
403 1719 686 1769 quadriremeS,
715 1731 834 1768 quum
861 1723 990 1756 essent
1005 1721 1156 1770 positae,
1182 1721 1267 1771 ipse
1292 1721 1348 1758 ita
1373 1721 1519 1758 institit

91 1793 220 1844 operi,
252 1796 297 1829 ut
329 1792 391 1829 die
424 1790 725 1841 quadragesimo
757 1791 917 1840 quinto,
956 1805 1073 1841 quam
1118 1806 1164 1830 ex
1195 1793 1308 1830 silvis
1340 1793 1519 1831 detracta

94 1864 263 1902 materia
295 1866 394 1910 erat,
422 1876 543 1901 naves
573 1863 777 1900 instructae
809 1866 1048 1913 armataeque
1086 1865 1126 1901 in
1164 1878 1306 1914 aquam
1337 1865 1517 1903 deductae

91 1936 185 1974 sint.
232 1935 442 1973 Profectus
473 1935 514 1972 in
532 1933 713 1972 Siciliam
745 1938 803 1972 est
825 1936 995 1985 triginta
1019 1937 1184 1974 navibus
1202 1937 1342 1986 longis,
1372 1938 1510 1975 volun·
1597 1934 1657 1982 46

98 2008 295 2045 tariorum
313 2011 464 2057 septem
481 2007 602 2044 ferme
619 2007 801 2044 millibus
828 2007 868 2045 in
892 2021 1009 2046 naves
1031 2008 1240 2058 impositis.
1284 2009 1338 2046 Et
1353 2009 1399 2047 P.
1414 2010 1520 2047 Lici-
1539 2011 1562 2047 2

94 2080 187 2117 nius
205 2080 245 2117 in
263 2079 446 2117 Bruttios
463 2079 513 2116 ad
532 2079 630 2116 duos
649 2080 843 2117 exercitus
862 2080 1086 2118 consulares
1102 2081 1223 2118 venit.
1270 2081 1333 2119 Ex
1359 2082 1409 2119 iis
1427 2095 1516 2119 eum

94 2151 173 2190 sibi
190 2151 370 2201 sumpsit,
389 2164 504 2201 quem
514 2151 762 2190 L.Veturius
780 2152 916 2189 consul
933 2152 1148 2199 habuerat,
1164 2152 1343 2201 Metello,
1360 2157 1415 2204 ut,
1435 2154 1520 2203 qui·
1540 2155 1563 2192 3

93 2224 169 2262 bus
185 2224 410 2273 praefuisset
426 2224 662 2273 legionibus,
678 2224 727 2261 iis
744 2227 941 2273 praeesset,
958 2225 1114 2262 facilius
1138 2238 1225 2262 cum
1251 2227 1418 2263 assuetis
1445 2226 1515 2263 im-

93 2296 205 2346 perio
222 2309 306 2333 rem
323 2299 525 2345 gesturum
542 2299 664 2343 ratus,
679 2296 874 2346 permisit.
915 2296 969 2334 Et
984 2300 1174 2347 praetores
1192 2298 1338 2335 diversi
1361 2299 1401 2335 in
1425 2312 1515 2348 pro-

90 2368 248 2406 vincias
264 2368 448 2418 profecti.
466 2368 519 2406 Et
536 2368 630 2417 quia
647 2368 817 2418 pecunia
833 2368 883 2406 ad
900 2369 1047 2406 bellum
1067 2369 1215 2417 deerat,
1231 2371 1317 2419 agri
1328 2369 1521 2420 Campani
1537 2370 1563 2406 4

90 2440 293 2489 regionem
311 2453 334 2477 a
349 2441 455 2478 fossa
466 2439 607 2478 Graeca
624 2441 675 2478 ad
692 2454 800 2478 mare
815 2455 969 2479 versam
984 2441 1156 2479 vendere
1173 2445 1388 2490 quaestores
1406 2442 1514 2489 iussi,

94 2511 244 2549 indicio
263 2526 420 2562 quoque
445 2513 651 2563 permisso,
679 2513 746 2563 qui
771 2526 865 2563 ager
891 2514 988 2552 civis
1015 2513 1208 2564 Campani
1233 2515 1382 2562 suisset,
1406 2514 1464 2552 uti
1486 2514 1519 2552 is
1537 2515 1561 2553 5

158 2582 262 2608 Livius
283 2590 319 2609 ex
338 2591 396 2609 rec.
416 2584 569 2616 Madvigii.
605 2585 659 2611 1v.
1201 2584 1242 2616 12
