1768 2943
535 111 641 141 Liber
668 111 760 141 XXI.
812 111 868 152 (A.
897 111 958 142 Ch.
987 110 1080 153 218.)
1460 112 1514 152 29

93 244 252 281 silentio
285 255 378 280 mox
411 254 555 279 omnes
588 242 775 278 traducti.
845 242 1063 278 Castellum
1096 242 1206 287 inde,
1249 244 1361 291 quod
1395 248 1516 292 caput
1536 242 1581 281 ll

91 315 176 352 eius
207 314 385 364 regionis
418 318 515 357 erat,
549 312 783 361 viculosque
816 313 1096 349 circumiectos
1130 314 1250 361 capit,
1285 319 1324 350 et
1354 315 1514 362 captivo

91 386 170 422 cibo
193 398 242 421 ac
264 384 480 434 pecoribus
503 395 573 432 per
599 383 773 420 triduum
799 384 1017 420 exercitum
1043 384 1138 420 aluit
1148 395 1157 428 ;
1192 390 1244 428 et,
1274 385 1367 432 quia
1393 398 1466 421 nec
1492 401 1513 420 α

91 456 294 493 montanis
309 456 438 504 primo
458 454 651 504 perculsis
668 466 743 490 nec
764 455 855 491 loco
872 467 1022 503 magno
1037 467 1161 503 opere
1173 455 1513 503 impediebantur,

92 527 340 575 aliquantum
373 538 424 563 eo
457 526 590 562 triduo
624 525 696 561 viae
729 525 919 562 confecit.

207 598 448 634 Perventum
472 597 570 633 inde
596 596 650 631 ad
676 594 929 644 frequentem
955 596 1174 633 cultoribus
1193 596 1326 642 alium,
1353 602 1394 632 ut
1412 596 1514 633 inter
1576 592 1642 637 34

90 673 323 713 montanos,
356 667 564 716 populum.
628 666 685 702 lbi
709 679 795 703 non
821 667 926 703 bello
953 672 1108 715 aperto,
1144 668 1218 704 sed
1244 668 1324 704 suis
1348 668 1512 711 artibus,

91 740 232 776 fraude
275 743 316 775 et
355 739 526 782 insidiis,
571 742 632 774 est
669 750 796 786 prope
837 738 1143 774 circumventus.
1223 738 1377 787 Magno
1417 743 1513 775 natu
1529 738 1556 775 2

89 810 291 859 principes
309 809 566 846 castellorum
585 813 768 844 oratores
782 809 836 844 ad
849 809 1020 844 Poenum
1033 809 1210 853 veniunt,
1230 810 1371 847 alienis
1386 809 1512 851 malis.

90 881 172 917 utili
198 880 398 929 exemplo,
434 880 583 916 doctos
607 884 881 915 memorantes
906 879 1123 915 amicitiam
1147 881 1264 917 malle
1290 893 1411 928 quam
1436 881 1512 916 vim

90 951 259 1001 experiri
276 951 514 995 Poenorum3
543 951 679 998 itaque
705 949 947 986 obedienter
963 950 1161 998 imperata
1180 951 1377 995 facturos;
1405 964 1514 988 com-
1531 948 1555 986 3

89 1027 266 1059 meatum
298 1021 532 1069 itinerisque
564 1021 692 1057 duces
725 1025 765 1056 et
798 1021 851 1056 ad
884 1020 1007 1056 fidem
1030 1022 1322 1070 promissorum
1347 1023 1513 1059 obsides

90 1094 304 1142 acciperet.
353 1091 561 1128 Hannibal
578 1103 656 1127 nec
673 1096 825 1127 temere
844 1092 1097 1128 credendum
1114 1105 1192 1129 nec
1210 1095 1514 1141 aspernandum
1529 1090 1555 1129 4.

89 1169 211 1209 ratus,
230 1176 282 1200 ne
299 1163 501 1212 repudiati
519 1167 658 1211 aperte
676 1162 815 1199 hostes
834 1162 988 1207 fierent,
1008 1164 1186 1212 benigne
1205 1176 1328 1212 quum
1345 1177 1514 1213 respon—

89 1236 228 1279 disset,
256 1234 480 1278 obsidibus,
507 1245 610 1281 quos
629 1234 796 1277 dabant,
816 1234 995 1282 acceptis
1014 1240 1054 1270 et
1071 1241 1315 1279 commeatu,
1335 1248 1456 1283 quem
1473 1236 1513 1271 in

89 1307 194 1343 viam
217 1306 295 1355 ipsi
319 1304 559 1347 detulerant,
590 1317 698 1348 usus,
728 1316 986 1352 nequaquam
1013 1310 1054 1341 ut
1078 1306 1181 1342 inter
1208 1311 1378 1354 pacatos
1404 1318 1514 1342 com-

88 1377 223 1426 posito
257 1376 419 1425 agmine
453 1376 578 1412 duces
611 1387 752 1411 eorum
785 1375 976 1423 sequitur.
1045 1377 1220 1413 Primum
1253 1389 1403 1425 agmen
1436 1377 1515 1413 ele-
1530 1373 1556 1409 ε’)

88 1447 229 1496 phanti
261 1453 301 1484 et
332 1446 488 1495 equites
522 1451 654 1490 erant;
689 1446 775 1494 ipse
809 1452 902 1495 post
935 1459 1024 1483 cum
1058 1448 1206 1484 robore
1235 1448 1418 1497 peditum
1443 1448 1515 1485 cir-

89 1523 373 1567 cumspectans
398 1518 592 1554 sollicitus
615 1517 752 1554 omnia
776 1518 1009 1554 incedebat.
1065 1518 1146 1555 Ubi
1171 1519 1212 1555 in
1239 1520 1513 1568 angustiorem
1530 1517 1555 1553 (ἰ

87 1589 192 1625 viam
216 1594 257 1625 et
280 1594 394 1637 parte
418 1589 544 1625 altera
569 1589 790 1625 subiectam
814 1589 909 1637 iugo
928 1589 1092 1637 insuper
1109 1590 1333 1626 imminenti
1351 1596 1512 1627 ventum

88 1665 162 1704 est,
206 1660 386 1707 undique
419 1672 467 1696 ex
499 1660 655 1696 insidiis
688 1659 862 1703 barbari,
897 1672 921 1695 a
954 1659 1099 1704 fronte,
1135 1661 1186 1697 ab
1221 1666 1335 1710 tergo
1370 1662 1512 1703 coorti,

88 1731 285 1774 cominus,
320 1730 477 1767 eminus
510 1736 665 1778 petunt,
701 1741 797 1766 saxa
830 1730 1012 1778 ingentia
1039 1731 1081 1766 in
1108 1744 1255 1779 agmen
1280 1733 1512 1769 devolvunt.

87 1801 265 1838 Maxima
296 1801 348 1837 ab
381 1805 497 1850 tergo
525 1801 582 1837 vis
609 1801 816 1837 hominum
845 1801 1026 1849 urgebat.
1091 1801 1135 1837 In
1161 1814 1234 1838 eos
1259 1813 1374 1837 versa
1400 1801 1513 1849 pedi·
1532 1799 1552 1837 T

87 1878 170 1909 tum
211 1872 320 1909 acies
358 1872 471 1908 haud
510 1871 677 1907 dubium
717 1871 824 1916 fecit,
872 1872 980 1920 quin,
1025 1873 1101 1909 nisi
1142 1873 1298 1908 firmata
1336 1877 1513 1908 extrema

87 1943 259 1991 agminis
291 1942 473 1987 fuissent,
507 1942 652 1991 ingens
681 1943 722 1978 in
749 1955 799 1979 eo
826 1943 927 1979 saltu
952 1943 1195 1992 accipienda
1220 1944 1357 1980 clades
1383 1943 1512 1979 fuerit.

87 2013 204 2050 Tunc
237 2025 401 2062 quoque
434 2014 488 2049 ad
514 2018 734 2050 extremum
760 2013 923 2062 periculi
949 2026 996 2050 ac
1019 2026 1147 2062 prope
1173 2014 1393 2062 perniciem
1418 2026 1512 2050 ven·
1529 2015 1553 2051 δ’

87 2091 170 2121 tum
202 2090 282 2128 est;
315 2097 411 2121 nam
444 2085 543 2120 dum
575 2090 785 2122 cunctatur
811 2084 1017 2121 Hannibal
1050 2085 1264 2121 demittere
1298 2097 1445 2134 agmen
1472 2085 1511 2121 in

87 2155 309 2204 angustias,
335 2155 429 2204 quia
453 2168 552 2200 non,
578 2161 621 2192 ut
644 2156 732 2205 ipse
757 2156 958 2204 equitibus
983 2156 1174 2204 praesidio
1200 2161 1297 2200 erat,
1325 2156 1380 2192 ita
1398 2156 1512 2204 pedi-

87 2226 192 2263 tibus
231 2226 446 2274 quicquam
478 2227 529 2262 ab
563 2232 678 2275 tergo
712 2227 844 2263 auxilii
877 2227 1105 2275 reliquerat,
1148 2232 1410 2263 occursantes
1443 2227 1553 2275 peril

89 2297 253 2345 obliqua
284 2297 481 2340 montani,
521 2298 745 2347 interrupto
780 2298 916 2334 medio
951 2298 1126 2346 agmine,
1172 2298 1276 2333 viam
1309 2298 1511 2339 insedere,

87 2379 251 2416 noxque
276 2380 357 2404 una
374 2367 595 2405 Hannibali
623 2368 709 2405 sine
735 2369 936 2417 equitibus
961 2373 1083 2417 atque
1101 2368 1403 2417 impedimentis
1422 2374 1511 2403 acta

88 2443 162 2475 est.
209 2439 379 2475 Postero
398 2439 479 2484 die,
497 2439 578 2475 iam
596 2440 760 2487 segnius
777 2440 1136 2477 intercursantibus
1155 2440 1349 2483 barbaris,
1368 2440 1512 2475 iunctae
1577 2434 1639 2479 35

89 2509 231 2557 copiae,
266 2509 471 2557 saltusque
494 2510 605 2546 haud
629 2511 716 2547 sine
741 2511 871 2555 clade,
902 2510 1055 2547 maiore
1081 2515 1218 2546 tamen
1242 2510 1509 2545 iumentorum

89 2591 208 2627 quam
235 2579 443 2616 hominum
468 2581 660 2630 pernicie,
687 2587 911 2630 superatus.
960 2581 1062 2618 Inde
1088 2581 1271 2617 montani
1299 2580 1512 2628 pauciores
1529 2582 1553 2619 2

89 2649 168 2686 iam
196 2655 237 2686 et
262 2651 459 2688 latrocinii
485 2652 613 2701 magis
638 2664 760 2700 quam
783 2652 875 2688 belli
901 2665 1013 2688 more
1041 2652 1355 2695 concursabant,
1384 2652 1511 2688 modo
