1789 2955
236 88 319 125 260
661 82 777 118 Liber
802 81 923 116 XXX.
973 82 1034 125 (A.
1061 93 1094 116 u.
1121 93 1150 118 c.
1176 82 1272 124 552.)

236 212 333 249 adeo
364 224 442 249 non
473 210 735 256 sustinebant,
766 213 810 247 ut
835 213 973 246 contra
999 209 1131 258 etiam,
1166 222 1212 246 ne
1240 209 1470 246 resistentes
1495 209 1668 259 pertina-

242 284 342 321 citer
372 283 521 332 primos
554 281 741 318 caedendo
773 281 824 318 ad
856 293 897 317 se
929 280 1159 330 perveniret
1189 280 1337 327 hostis,
1378 281 1519 330 pedem
1549 280 1670 318 refer-

200 356 341 392 6rent.
402 355 537 404 Igitur
569 353 787 390 auxiliares
818 356 931 401 terga
963 351 1061 389 dant
1091 356 1254 402 repente
1296 355 1335 389 et
1373 352 1413 389 in
1443 365 1534 390 suos
1565 352 1673 389 versi

240 427 389 477 partim
420 427 605 475 refugere
637 425 677 462 in
718 424 931 462 secundam
963 424 1108 471 aciem,
1146 424 1292 473 partim
1323 437 1401 462 non
1432 423 1672 473 recipientes

199 499 221 535 7
240 499 405 544 caedere,
438 501 482 535 ut
513 501 551 534 et
576 497 696 546 paulo
722 500 812 534 ante
835 509 914 533 non
941 495 1069 533 adiuti
1097 499 1136 533 et
1159 498 1254 533 tunc
1280 496 1450 541 exclusi;
1483 499 1523 532 et
1550 508 1673 545 prope

240 570 317 607 duo
351 570 429 607 iam
460 569 658 618 permixta
690 568 831 618 proelia
863 570 987 614 erant,
1019 581 1139 616 quum
1172 566 1525 616 Carthaginienses
1556 567 1674 604 simul

240 655 327 679 cum
358 640 562 687 hostibus,
602 639 720 677 simul
759 653 846 676 cum
886 639 966 676 suis
1006 643 1244 687 cogerentur
1284 652 1423 676 manus
1455 651 1672 677 conserere.

196 713 329 751 8N0n
358 717 491 750 tamen
525 713 582 750 ita
613 711 817 761 perculsos
856 711 1061 759 iratosque
1104 711 1144 748 in
1187 711 1312 749 aciem
1353 724 1561 761 accepere,
1607 709 1676 747 sed

243 785 420 824 densatis
453 784 662 821 ordinibus
693 783 734 820 in
767 795 916 821 cornua
946 795 1193 832 vacuumque
1226 783 1332 820 circa
1359 796 1540 833 campum
1564 785 1677 820 extra

241 857 426 907 proelium
459 857 622 905 eiecere,
655 869 704 892 ne
734 854 880 904 pavido
912 855 1006 903 fuga
1048 859 1085 892 et
1117 855 1349 892 vulneribus
1382 854 1511 892 milite
1551 854 1678 892 since-

200 930 223 965 9
241 943 325 967 ram
346 932 383 966 et
401 929 599 976 integram
618 927 742 964 aciem
759 926 980 963 miscerent.
1028 926 1215 964 Ceterum
1239 930 1352 964 tanta
1379 930 1532 975 stra-ges
1555 925 1678 963 homi-

245 1015 337 1038 num
355 1012 637 1048 armorumque
656 999 799 1045 locum,
823 998 863 1035 in
881 1010 959 1046 quo
980 1001 1175 1036 steterant
1190 999 1311 1049 paulo
1337 1004 1427 1036 ante
1455 998 1678 1043 auxiliares,

245 1073 530 1122 compleverat,
571 1075 615 1107 ut
660 1083 784 1120 prope
816 1069 1026 1107 difficilior
1057 1071 1252 1108 transitus
1284 1075 1406 1117 esset,
1451 1083 1570 1120 quam
1609 1081 1681 1119 per

179 1144 228 1182 10
248 1144 444 1181 confertos
460 1143 594 1180 hostes
624 1142 765 1179 fuerat.
825 1141 991 1191 Itaque,
1024 1142 1092 1191 qui
1123 1143 1242 1192 primi
1274 1145 1398 1189 erant,
1429 1142 1577 1180 hastati
1609 1153 1681 1191 per

245 1216 424 1253 cumulos
457 1227 668 1264 corporum
699 1226 978 1263 armorumque
1003 1218 1040 1251 et
1063 1214 1195 1252 tabem
1220 1215 1439 1264 sanguinis,
1472 1227 1550 1263 qua
1574 1213 1680 1263 quis-

246 1301 322 1337 que
338 1290 508 1337 poterat,
532 1289 744 1336 sequentes
762 1285 919 1323 hostem
947 1289 984 1323 et
1011 1287 1125 1335 signa
1152 1289 1190 1323 et
1214 1286 1376 1324 ordines
1404 1285 1681 1324 confuderunt.

246 1360 480 1409 Principum
520 1346 679 1408 quoque
720 1358 834 1406 signa
871 1357 1057 1395 fluctuari
1097 1362 1300 1412 coeperant
1338 1371 1480 1407 vagam
1519 1360 1610 1395 ante
1642 1370 1682 1394 se

181 1430 450 1469 llcernendo
482 1430 619 1468 aciem.
682 1429 798 1475 Quod
840 1428 975 1479 Scipio
1015 1430 1084 1467 ubi
1126 1430 1248 1477 vidit,
1295 1430 1474 1479 receptui
1514 1441 1682 1479 propere

248 1516 391 1541 canere
432 1502 602 1540 hastatis
634 1502 763 1548 iussit,
809 1505 867 1549 et,
910 1502 1054 1540 sauciis
1085 1502 1126 1539 in
1165 1505 1405 1552 postremam
1438 1502 1560 1539 aciem
1593 1500 1684 1538 sub·

248 1575 404 1621 duct-is,
442 1573 648 1624 principes
679 1573 922 1623 triariosque
960 1574 1001 1611 in
1040 1587 1189 1612 cornua
1220 1574 1396 1619 inducit,
1443 1586 1521 1623 quo
1558 1573 1686 1611 tutior

182 1646 230 1683 12
248 1646 481 1696 firmiorque
527 1645 660 1683 media
703 1645 951 1683 hastatorum
997 1646 1102 1684 acies
1149 1649 1262 1684 esset.
1338 1645 1402 1683 Ita
1446 1658 1592 1683 novum
1638 1643 1686 1682 de

248 1719 405 1767 integro
423 1718 610 1768 proelium
628 1721 758 1756 ortum
783 1722 859 1764 est3
893 1718 1045 1769 quippe
1071 1719 1122 1756 ad
1147 1731 1261 1756 veros
1285 1718 1420 1756 hostes
1451 1720 1687 1768 perventum

248 1794 344 1837 erat,
375 1794 413 1827 et
444 1803 644 1827 armorum
662 1803 807 1839 genere
840 1793 879 1827 et-
909 1804 983 1828 usu
1014 1790 1171 1828 militiae
1203 1793 1243 1827 et
1272 1790 1377 1828 fama
1402 1802 1534 1827 rerum
1557 1792 1686 1839 gesta-

186 1862 234 1900 13
251 1875 339 1899 rum
365 1865 404 1899 et
428 1861 707 1912 magnitudine
724 1861 789 1899 vel
806 1862 893 1912 spei
916 1863 980 1900 vel
1004 1862 1175 1913 periculi
1198 1875 1334 1912 pares;
1367 1861 1436 1899 sed
1460 1865 1498 1899 et
1523 1874 1686 1899 numero

249 1933 435 1984 superior
465 1933 672 1972 Romanus
714 1937 799 1972 erat
840 1938 880 1971 et
925 1935 1076 1981 animo,
1123 1933 1230 1984 quod
1270 1934 1347 1971 iam
1388 1933 1562 1983 equites,
1608 1933 1687 1970 iam

253 2006 488 2056 elephantos
520 2006 692 2054 fuderat,
724 2006 814 2053 iam,
844 2006 975 2056 prima
1005 2007 1090 2045 acie
1116 2006 1243 2056 pulsa,
1275 2006 1315 2043 in
1343 2005 1557 2043 secundam
1588 2017 1687 2055 pug-

108 2073 162 2121 35
250 2078 384 2116 nabat.
445 2076 494 2114 In
510 2080 689 2127 tempore
708 2077 858 2115 Laelius
875 2091 919 2116 ac
937 2078 1165 2125 Masinissa,
1189 2078 1328 2127 pulsos
1352 2090 1423 2127 per
1441 2077 1689 2127 aliquantum

253 2149 378 2199 spatii
410 2149 537 2186 secuti
569 2150 744 2198 equites,
782 2153 1030 2188 revertentes
1071 2151 1114 2187 in
1146 2163 1326 2188 aversam
1356 2149 1530 2186 hostium
1561 2148 1688 2186 aciem

209 2221 232 2257 2
252 2221 469 2259 incurrere.
515 2221 557 2258 Is
574 2221 732 2258 demum
761 2222 939 2271 equitum
966 2222 1137 2272 impetus
1158 2222 1333 2272 perculit
1349 2222 1516 2259 hostem.
1564 2219 1688 2258 Multi

252 2293 514 2331 circumventi
546 2293 586 2330 in
618 2293 701 2330 acie
734 2293 842 2339 caesi3
874 2294 998 2331 multi
1029 2307 1100 2344 per
1132 2296 1335 2344 patentem
1367 2293 1475 2331 circa
1507 2305 1689 2342 campum

208 2365 231 2401 3
248 2364 343 2414 fuga
375 2365 518 2414 sparsi,
547 2367 709 2402 tenente
737 2365 869 2403 omnia
896 2366 1090 2415 equitatu,
1120 2366 1268 2415 passim
1292 2365 1544 2403 interierunt.
1594 2363 1688 2402 Car-

253 2435 570 2485 thaginiensium
601 2437 880 2486 sociorumque
912 2449 1012 2474 caesa
1039 2451 1083 2475 eo
1116 2437 1180 2475 die
1219 2450 1340 2487 supra
1364 2436 1493 2474 millia
1522 2436 1689 2486 viginti;

252 2521 325 2558 par
370 2508 493 2545 ferme
539 2521 727 2546 numerus
768 2511 908 2558 captus
949 2522 1037 2545 cum
1084 2509 1208 2558 signis
1248 2507 1492 2546 militaribus
1531 2511 1689 2546 centum

252 2579 423 2629 triginta
465 2579 636 2627 duobus,
675 2580 900 2631 elephantis
941 2580 1143 2626 undecim;
1190 2580 1364 2618 victores
1403 2579 1453 2618 ad
1493 2579 1607 2616 mille
1649 2581 1688 2616 et

254 2651 493 2700 quingentos
525 2651 715 2689 cecidere.
