1768 2943
221 81 303 122 122
639 78 743 109 Liber
768 78 896 109 xxm.
928 76 984 119 (A.
1009 87 1039 108 u.
1063 87 1090 108 e.
1113 76 1208 118 538.)

219 211 374 258 equites
391 208 639 246 habeamus?
664 209 882 246 Pecuniam
899 209 1044 245 deesse
1063 209 1258 252 dicamus,
1275 214 1469 256 tanquam
1486 220 1535 244 ea
1548 214 1635 244 tan-

180 279 205 320 6
220 288 302 317 tum
327 277 460 317 desit?
493 279 612 323 Nihil,
639 292 691 316 ne
716 281 829 327 quod
847 280 1123 328 suppleremus
1141 279 1319 327 quidem,
1344 279 1463 315 nobis
1480 278 1638 326 reliquit

221 351 394 387 fortuna.
428 350 646 398 Legiones,
662 350 874 397 equitatus,
890 362 1013 394 arma,
1029 350 1157 398 signa,
1174 349 1266 396 equi
1275 349 1438 396 virique,
1449 348 1636 396 pecunia,

221 426 472 457 commeatus
489 425 559 456 aut
574 421 615 457 in
633 421 720 457 acie
738 426 808 456 aut
823 420 926 457 binis
944 425 1110 468 postero
1129 420 1195 455 die
1214 418 1370 455 amissis
1383 418 1522 455 castris
1535 417 1639 466 peri-

182 490 204 530 7
223 496 350 527 erunt.
398 491 539 538 Itaque
563 503 648 527 non
673 491 814 527 iuvetis
838 503 914 527 nos
939 490 980 527 in
999 490 1104 527 bello
1124 494 1298 538 oportet,
1326 488 1538 537 Campani,
1565 489 1639 525 sed

181 561 339 610 Spaene
371 562 519 597 bellum
552 573 625 610 pro
658 562 778 598 nobis
811 561 1049 609 suscipiatis.
1120 559 1270 595 Veniat
1300 559 1342 595 in
1374 564 1565 603 mentem,
1599 564 1642 594 ut

223 632 405 680 trepidos
424 632 633 680 quondam
651 632 826 668 maiores
844 637 999 668 vestros
1017 631 1120 667 intra
1134 630 1284 666 moenia
1299 629 1546 678 compulsos,
1564 640 1640 666 nee

222 702 444 738 Samnitem
461 702 588 738 modo
607 702 780 745 hostem,
805 703 878 739 sed
897 702 1016 738 etiam
1036 700 1259 737 Sidicinum
1276 705 1485 749 paventes,
1504 711 1642 747 recep·

222 778 285 808 tos
313 772 353 808 in
378 772 500 808 fidem
525 773 581 808 ad
601 773 816 809 Saticulam
846 772 1163 814 defenderimus,
1193 776 1452 819 coeptumque
1479 774 1643 818 propter

223 854 294 879 vos
321 854 412 879 cum
429 843 674 880 Samnitibus
700 844 846 879 bellum
872 855 943 891 per
968 847 1129 878 centum
1147 853 1275 890 prope
1293 853 1438 884 annos,
1464 841 1643 876 variante

183 911 385 952 9f0rtuna
417 919 618 958 eventum,
653 914 871 950 tulerimus.
940 912 1113 949 Adiicite
1146 913 1201 947 ad
1233 912 1331 956 haec,
1365 911 1477 959 quod
1511 910 1644 946 foedus

226 996 383 1032 aequum
417 984 579 1027 deditis,
614 985 727 1032 quod
759 985 870 1032 leges
902 989 1068 1026 vestras,
1103 983 1216 1031 quod
1249 983 1304 1019 ad
1336 988 1569 1023 extremum,
1603 979 1645 1015 id

225 1055 337 1102 quod
370 1059 464 1090 ante
489 1053 749 1091 Cannensem
772 1060 880 1091 certe
904 1054 1062 1090 cladem
1084 1054 1303 1090 maximum
1326 1053 1410 1095 fuit,
1445 1051 1646 1088 civitatem

225 1130 407 1161 nostram
438 1137 598 1173 magnae
631 1125 733 1173 parti
766 1130 942 1160 vestrum
966 1124 1154 1160 dedimus
1180 1122 1646 1168 communicavimusque

158 1193 211 1234 lO
226 1195 446 1232 vobiscum.
494 1195 635 1243 Itaque
663 1207 921 1232 communem
946 1206 1016 1231 vos
1042 1195 1147 1230 hanc
1172 1195 1344 1238 cladem,
1371 1205 1460 1241 quae
1478 1196 1647 1240 accepta

226 1271 298 1310 est,
325 1266 505 1310 credere,
534 1265 746 1314 Campani,
774 1270 948 1313 oportet,
976 1277 1234 1301 communem
1260 1264 1430 1313 patriam
1453 1262 1647 1299 tuendam

158 1335 207 1375 11
226 1336 405 1372 arbitrari
439 1347 542 1372 esse.
613 1335 708 1371 Non
741 1347 831 1371 cum
864 1335 1044 1371 Samnite
1076 1341 1145 1371 aut
1176 1334 1347 1371 Etrusco
1379 1345 1443 1370 res
1476 1338 1548 1376 est,
1589 1338 1643 1375 ut,

227 1407 340 1455 quod
367 1419 391 1442 a
420 1406 538 1442 nobis
567 1406 743 1442 ablatum
770 1405 830 1447 sit,
860 1405 899 1441 in
925 1405 1039 1442 Italia
1063 1411 1200 1442 tamen
1225 1404 1436 1453 imperium
1460 1408 1642 1445 maneat;

227 1478 376 1513 Poenus
399 1476 526 1513 hostis
553 1489 605 1512 ne
625 1476 768 1513 Africae
784 1476 948 1524 quidem
965 1476 1202 1524 indigenam
1220 1476 1270 1511 ab
1290 1474 1435 1511 ultimis
1453 1479 1645 1510 terrarum

228 1548 321 1591 oris,
348 1547 451 1583 freto
470 1546 627 1584 Oceani
645 1546 911 1594 Herculisque
938 1546 1148 1590 columnis,
1174 1551 1380 1594 expertem
1405 1544 1535 1581 omnis
1553 1543 1645 1578 iuris

161 1616 215 1656 12
230 1623 270 1654 et
293 1617 548 1655 condicionis
573 1623 614 1653 et
637 1617 783 1665 linguae
807 1629 936 1665 prope
961 1617 1148 1653 humanae
1165 1616 1330 1652 militem
1347 1614 1478 1652 trahit.
1528 1613 1645 1650 Hunc

227 1694 371 1724 natura
404 1694 443 1724 et
476 1687 655 1724 moribus
688 1687 882 1723 immitem
916 1687 1124 1735 ferumque
1150 1687 1314 1735 insuper
1339 1687 1420 1722 dux
1442 1685 1529 1734 ipse
1553 1684 1648 1720 effe·

228 1759 339 1804 ravit,
380 1759 572 1807 pontibus
613 1769 661 1794 ac
700 1758 874 1794 molibus
912 1770 960 1793 ex
993 1757 1260 1793 humanorum
1293 1767 1510 1805 corporum
1542 1760 1648 1791 strue

230 1829 428 1866 faciendis
454 1834 505 1872 et,
536 1828 649 1875 quod
674 1827 862 1876 proloqui
887 1827 1008 1863 etiam
1032 1828 1155 1876 piget,
1184 1827 1292 1863 vesci
1318 1826 1554 1875 corporibus
1579 1825 1649 1860 hu-

161 1897 214 1937 13
229 1899 358 1935 manis
383 1899 592 1935 docendo.
656 1897 730 1934 His
753 1897 932 1934 infandis
957 1903 1097 1946 pastos
1122 1896 1262 1946 epulis,
1288 1908 1391 1944 quos
1412 1896 1649 1944 contingere

230 1970 350 2006 etiam
383 1969 499 2006 nefas
533 1969 594 2013 sit,
630 1968 766 2005 videre
800 1973 920 2016 atque
954 1968 1104 2003 habere
1137 1967 1329 2003 dominos
1362 1972 1402 2003 et
1435 1979 1483 2002 ex
1515 1965 1650 2002 Africa

231 2046 271 2076 et
303 2053 326 2076 a
350 2039 596 2088 Carthagine
627 2039 713 2075 iura
746 2044 885 2087 petere
918 2044 959 2074 et
981 2038 1137 2074 Italiam
1169 2037 1435 2074 Numidarum
1461 2048 1509 2073 ac
1536 2036 1651 2072 Mau-

230 2123 364 2147 rorum
396 2110 479 2158 pati
505 2109 755 2158 provinciam
781 2121 884 2153 esse,
919 2109 982 2145 cui
1007 2120 1105 2152 non,
1138 2108 1279 2157 genito
1304 2109 1432 2144 modo
1455 2107 1497 2143 in
1523 2106 1650 2150 Italia,

164 2179 218 2219 14
234 2180 474 2217 detestabile
513 2177 588 2216 sit?
635 2179 847 2216 Pulchrum
889 2179 973 2224 erit,
1016 2178 1228 2227 Campani,
1269 2179 1502 2227 prolapsum
1536 2176 1652 2214 clade

234 2252 511 2287 Romanorum
536 2250 747 2298 imperium
771 2257 903 2287 vestra
926 2251 1020 2294 fide,
1045 2249 1185 2286 vestris
1211 2249 1357 2285 viribus
1381 2253 1582 2284 retentum
1605 2258 1653 2283 ac

167 2319 220 2359 15
235 2326 514 2369 recuperatum
538 2332 641 2356 esse.
691 2321 875 2369 Triginta
899 2321 1021 2357 millia
1045 2319 1242 2369 peditum,
1267 2323 1457 2366 quattuor
1475 2317 1654 2365 equitum

233 2392 403 2428 arbitror
435 2404 483 2427 ex
509 2390 735 2439 Campania
769 2391 886 2428 scribi
919 2402 1061 2440 posse;
1095 2390 1177 2425 iam
1209 2388 1392 2438 pecuniae
1418 2387 1569 2424 affatim
1594 2392 1654 2424 est

233 2461 515 2510 frumentique.
590 2461 630 2498 Si
663 2473 802 2510 parem
836 2461 1007 2498 fortunae
1039 2465 1180 2497 vestrae
1212 2459 1335 2495 fidem
1368 2458 1538 2502 habetis,
1577 2469 1653 2495 nec

233 2530 439 2568 Hannibal
472 2544 515 2569 se
547 2531 690 2568 vicisse
723 2532 871 2568 sentiet
901 2543 977 2568 nec
1011 2530 1186 2567 Romani
1218 2529 1345 2565 victos
1379 2540 1510 2565 esse.»

143 2597 171 2642 Β
351 2602 410 2638 Ab
434 2603 511 2639 hac
529 2602 714 2639 oratione
733 2601 910 2638 consulis
929 2600 1104 2637 dimissis
1121 2599 1468 2647 redeuntibusque
1487 2599 1654 2635 domum
