1768 2943
227 88 283 129 94
642 86 745 117 Liber
770 85 880 116 XXII.
920 85 975 127 (A.
1003 96 1032 116 u.
1061 96 1091 117 c.
1113 84 1205 128 538.)

229 223 359 262 cente,
386 217 523 254 omnia
548 230 569 253 e
594 229 635 253 re
660 218 820 266 publica
837 217 990 264 fideque
1014 224 1145 254 vestra
1169 218 1354 255 faceretis
1379 222 1419 254 et
1442 218 1535 254 mali
1561 231 1636 256 nec

227 301 319 324 mea
356 289 477 324 verba
515 288 676 325 auribus
717 289 855 324 vestris
894 300 969 325 nec
1009 288 1178 325 consilia
1210 288 1352 325 animis
1385 288 1634 337 acciperetis.

188 358 213 398 3
228 359 344 396 Nunc
370 364 409 395 et
434 359 631 407 collegam
656 364 767 394 tuum
792 364 831 394 et
855 363 894 395 te
917 359 1037 394 talem
1065 359 1188 395 virum
1206 358 1375 396 intuenti
1392 359 1488 394 mihi
1506 364 1638 396 tecum

229 430 361 467 omnis
386 430 516 466 oratio
542 435 615 474 est,
641 441 761 477 quem
785 428 904 466 video
929 429 1197 478 nequicquam
1225 435 1263 466 et
1288 430 1410 465 virum
1429 430 1581 466 bonum
1599 435 1639 466 et

230 501 356 538 civem
389 501 488 544 fore,
521 501 566 545 si,
592 501 716 536 altera
744 505 857 548 parte
885 501 1100 537 claudente
1127 513 1168 536 re
1197 500 1370 548 publica,
1402 500 1516 537 malis
1542 512 1638 537 con-

188 569 325 610 4siliis
357 572 467 608 idem
500 583 546 607 ac
579 571 697 608 bonis
730 571 823 608 iuris
849 576 888 607 et
921 571 1134 619 potestatis
1168 571 1253 607 erit.
1303 570 1421 608 Erras
1447 571 1566 615 enim,
1592 571 1638 608 L.

229 643 365 687 Paule,
402 643 432 678 si
461 641 531 677 tibi
558 641 689 678 minus
718 642 946 678 certaminis
983 654 1071 678 cum
1104 641 1150 678 C.
1179 641 1372 678 Terentio
1402 653 1520 689 quam
1550 654 1638 678 cum

230 713 460 749 Hannibale
479 712 652 749 futurum
671 724 833 757 censes;
860 713 999 749 nescio
1024 726 1075 749 an
1101 712 1283 749 infestior
1308 713 1369 749 hic
1388 713 1640 749 adversarius

189 781 349 832 5quam
382 783 446 819 ille
474 783 601 820 hostis
633 789 797 820 maneat
824 789 874 821 te.
938 784 1038 820 Cum
1066 784 1133 819 illo
1161 783 1199 819 in
1235 783 1321 820 acie
1346 779 1516 827 tantum,
1551 795 1639 820 cum

229 855 308 891 hoc
349 854 536 890 omnibus
576 854 674 891 locis
714 866 761 891 ac
803 854 1051 903 temporibus
1092 858 1312 890 certaturus
1345 865 1407 897 es;
1449 855 1641 890 adversus

230 925 502 961 Hannibalem
526 925 787 973 legionesque
814 925 899 961 eius
924 925 1001 962 tuis
1026 924 1225 973 equitibus
1250 936 1297 960 ac
1321 924 1524 972 peditibus
1542 937 1641 973 pug-

230 997 412 1032 nandum
429 995 499 1032 tibi
517 1000 590 1040 est,
618 995 747 1031 Varro
774 996 853 1031 dux
879 995 955 1032 tuis
979 994 1168 1032 militibus
1186 1000 1224 1031 te
1243 1000 1304 1032 est
1321 1000 1639 1044 oppugnaturus.

189 1064 214 1104 6
231 1067 387 1105 Ominis
413 1067 533 1103 etiam
559 1066 628 1102 tibi
654 1078 776 1103 causa
800 1067 902 1103 absit
931 1066 977 1103 C.
1005 1065 1188 1102 Flaminii
1215 1066 1423 1102 memoria.
1484 1066 1641 1102 Tamen

229 1139 294 1175 ille
333 1138 475 1175 consul
515 1138 679 1173 demum
718 1142 758 1173 et
797 1136 836 1172 in
875 1136 1081 1185 provincia
1114 1142 1153 1172 et
1185 1137 1239 1172 ad
1272 1136 1489 1173 exercitum
1521 1137 1643 1185 coepit

231 1209 382 1253 furere;
407 1209 484 1252 hic,
510 1208 741 1256 priusquam
767 1212 922 1256 peteret
942 1207 1207 1250 consulatum,
1233 1207 1385 1243 deinde
1402 1207 1443 1242 in
1460 1207 1641 1255 petendo

231 1280 462 1324 consulatu,
506 1290 613 1315 nunc
657 1290 820 1326 quoque
863 1279 1024 1322 consul,
1068 1278 1299 1326 priusquam
1339 1282 1469 1314 castra
1508 1277 1643 1313 videat

190 1347 212 1387 7
231 1356 299 1388 aut
323 1351 495 1393 hostem,
520 1349 682 1386 insanit.
732 1349 782 1384 Et
816 1349 882 1397 qui
911 1354 1044 1386 tantas
1071 1349 1149 1384 iam
1178 1360 1284 1385 nunc
1314 1349 1512 1397 procellas
1538 1360 1643 1397 proe-

230 1422 281 1458 lia
311 1426 432 1469 atque
459 1420 567 1457 acies
595 1420 789 1456 iactando
817 1420 920 1456 inter
946 1425 1110 1468 togatos
1138 1419 1228 1463 ciet,
1258 1419 1356 1467 quid
1383 1419 1486 1455 inter
1515 1430 1643 1454 arma-

230 1498 311 1529 tam
339 1492 585 1528 iuventutem
614 1502 756 1527 censes
791 1490 986 1527 facturum
1020 1496 1060 1527 et
1091 1490 1157 1526 ubi
1191 1490 1393 1538 extemplo
1426 1502 1488 1526 res
1522 1490 1644 1526 verba

192 1559 432 1611 Ssequitur?
466 1562 586 1610 Atqui
604 1562 634 1598 si
654 1561 731 1605 hic,
757 1561 869 1609 quod
888 1560 1084 1597 facturum
1111 1573 1154 1597 se
1179 1560 1405 1605 denuntiat,
1440 1560 1642 1608 extemplo

230 1633 480 1683 pugnaverit,
513 1638 582 1668 aut
611 1644 689 1680 ego
722 1644 806 1668 rem
836 1632 1059 1677 militarem,
1094 1632 1185 1668 belli
1208 1632 1285 1668 hoc
1307 1644 1450 1680 genus,
1485 1632 1644 1668 hostem

230 1706 335 1741 hunc
365 1705 523 1753 ignoro,
549 1708 618 1739 aut
641 1702 815 1738 nobilior
841 1702 940 1739 alius
959 1703 1243 1740 Trasumenno
1269 1704 1381 1741 locus
1398 1702 1546 1739 nostris
1564 1702 1643 1738 cla-

190 1772 215 1811 9
232 1776 349 1812 dibus
376 1775 459 1812 erit.
507 1773 592 1810 Nec
616 1773 818 1822 gloriandi
844 1778 1001 1822 tempus
1027 1775 1221 1811 adversus
1249 1786 1371 1810 unum
1399 1777 1471 1817 est,
1503 1777 1543 1808 et
1565 1784 1643 1820 ego

231 1846 536 1884 contemnendo
559 1845 692 1894 potius
714 1856 834 1892 quam
860 1845 1096 1893 appetendo
1119 1845 1288 1893 gloriam
1315 1845 1480 1880 modum
1507 1854 1644 1880 exces-

231 1918 367 1961 serim;
398 1917 472 1953 sed
496 1916 551 1952 ita
574 1927 638 1951 res
664 1927 707 1951 se
732 1915 874 1951 habet:
904 1927 985 1951 una
1011 1915 1113 1952 ratio
1139 1915 1230 1951 belli
1257 1914 1426 1963 gerendi
1451 1914 1644 1950 adversus

166 1984 220 2024 10
234 1987 506 2024 Hannibalem
530 1991 603 2030 est,
629 1998 709 2034 qua
732 1997 810 2034 ego
835 1985 955 2033 gessi.
1004 1985 1090 2022 Nec
1121 1991 1287 2022 eventus
1317 1985 1443 2021 modo
1468 1985 1546 2021 hoc
1571 1985 1645 2020 do-

234 2064 297 2095 cet
329 2056 553 2109 (stultorum
585 2056 660 2093 iste
693 2056 883 2105 magister
916 2053 1004 2107 est),
1039 2057 1114 2092 sed
1137 2057 1281 2093 eadem
1307 2055 1422 2100 ratio,
1457 2067 1546 2103 quae
1575 2054 1646 2091 fuit

164 2126 212 2165 11
234 2128 457 2176 futuraque,
491 2128 626 2164 donec
656 2139 719 2164 res
751 2127 908 2163 eaedem
931 2127 1165 2171 manebunt,
1197 2126 1453 2163 immutabilis
1479 2131 1552 2162 est.
1599 2125 1645 2161 In

231 2199 346 2235 Italia
377 2198 524 2234 bellum
555 2197 744 2246 gerimus,
778 2198 818 2233 in
851 2198 951 2234 sede
985 2209 1032 2234 ac
1066 2198 1154 2234 solo
1179 2202 1341 2240 nostro;
1375 2196 1512 2233 omnia
1540 2195 1646 2232 circa

233 2270 354 2318 plena
368 2268 511 2306 civium
523 2280 570 2305 ac
585 2268 788 2304 sociorum
802 2273 913 2312 sunt;
933 2268 1065 2313 armis,
1085 2268 1188 2313 viris,
1209 2267 1333 2316 equis,
1354 2266 1645 2303 commeatibus

166 2337 369 2378 l2iuvant
405 2339 695 2386 iuvabuntque:
737 2338 779 2374 id
818 2337 897 2374 iam
938 2338 1031 2374 fidei
1071 2339 1362 2375 documentum
1393 2337 1434 2373 in
1467 2336 1645 2372 adversis

232 2411 351 2447 rebus
376 2410 523 2447 nostris
549 2409 771 2452 dederunt;
798 2408 997 2452 meliores,
1024 2409 1319 2457 prudentiores,
1348 2407 1645 2444 constantiores

173 2478 314 2518 13nos
336 2485 494 2529 tempus
527 2479 697 2528 diesque
731 2479 837 2515 facit.
871 2478 1077 2515 Hannibal
1101 2483 1242 2515 contra
1267 2478 1307 2514 in
1331 2478 1476 2521 aliena,
1504 2478 1545 2513 in
1573 2477 1646 2513 ho·

236 2551 311 2587 stili
336 2556 397 2587 est
421 2556 525 2587 terra
547 2550 650 2586 inter
675 2549 810 2586 omnia
834 2549 995 2585 inimica
1011 2549 1251 2596 infestaque,
1278 2548 1416 2596 procul
1435 2548 1485 2583 ab
1504 2547 1644 2591 domo,

235 2622 286 2656 ab
316 2621 468 2669 patria;
506 2632 638 2668 neque
668 2621 721 2656 illi
750 2625 855 2656 terra
887 2632 1019 2667 neque
1051 2619 1149 2655 mari
1183 2623 1243 2655 est
1274 2629 1371 2666 pax;
1405 2618 1521 2654 nullae
1554 2629 1646 2653 eum
