1789 2955
232 69 281 105 14
625 63 739 98 Liber
764 62 911 98 XXVI.
959 64 1018 106 (A.
1045 75 1078 96 u.
1105 74 1134 97 c.
1160 64 1257 106 543.)

230 205 277 228 ne
310 191 350 228 in
377 191 462 228 foro
496 190 655 240 quidem
681 194 750 227 aut-
780 191 944 239 publico
977 190 1062 227 loco
1094 190 1320 239 principum
1354 191 1561 240 quisquam
1594 205 1661 241 ap-

230 262 413 311 parebat3
461 262 644 299 domibus
676 262 823 298 inclusi
853 263 992 311 patriae
1025 275 1205 299 occasum
1239 275 1324 298 cum
1364 276 1434 299 suo
1467 263 1588 301 exitio
1620 263 1661 300 in

159 335 209 371 10
228 334 315 370 dies
348 333 647 383 exspectabant.
710 332 870 370 Summa
903 346 1008 369 curae
1040 334 1167 370 omnis
1196 334 1235 369 in
1261 333 1469 371 Bostarem
1497 335 1661 371 Hanno-

231 418 411 454 nemque,
441 404 650 453 praefectos
678 404 856 453 praesidii
874 404 1030 448 Punici,
1056 417 1171 442 versa
1195 409 1292 451 erat,
1322 418 1406 451 suo,
1435 418 1514 442 non
1539 405 1661 443 socio-

160 476 205 512 11
227 489 312 513 rum
337 476 516 525 periculo
543 476 752 513 sollicitos.
798 476 846 521 Ii,
879 476 1120 525 conscriptis
1148 476 1198 513 ad
1221 476 1490 513 Hannibalem
1516 477 1662 514 litteris

231 560 309 583 non
334 547 459 583 libere
485 547 614 593 modo,
646 548 714 584 sed
741 548 860 584 etiam
887 561 1038 597 aspere,
1070 548 1215 596 quibus
1241 561 1319 585 non
1338 548 1514 597 Capuam
1539 548 1664 585 solam

230 618 421 655 traditam
454 619 494 654 in
526 633 685 656 manum
716 618 908 664 hostibus,
940 619 1010 655 sed
1041 632 1082 655 se
1107 632 1266 668 quoque
1293 623 1329 656 et
1360 618 1591 668 praesidium
1623 619 1664 656 in

166 690 214 726 12
233 702 366 727 omnes
399 690 599 727 cruciatus
636 690 816 739 proditos
849 691 1105 727 incusabant:
1137 691 1264 728 abisse
1296 704 1384 728 eum
1415 693 1454 727 in
1481 691 1665 728 Bruttios

232 761 343 798 velut
374 764 618 798 avertentem
651 775 745 808 sese,
778 775 826 798 ne
854 762 991 811 Capua
1023 763 1063 798 in
1095 763 1218 800 oculis
1250 763 1332 799 eius
1363 766 1591 812 caperetur3
1624 765 1667 800 at

232 832 391 869 hercule
414 832 616 870 Romanos
647 847 696 870 ne
716 834 1012 882 oppugnatione
1041 834 1202 883 quidem
1228 835 1338 871 urbis
1363 834 1554 871 Romanae
1579 835 1666 872 abs-

170 905 218 941 13
237 905 343 940 trahi
385 918 406 941 a
440 903 576 953 Capua
608 905 827 942 obsidenda
859 906 1051 953 potuisse;
1105 910 1216 943 tanto
1247 905 1557 942 constantiorem
1590 906 1666 942 ini-

235 976 379 1012 micum
425 976 647 1013 Romanum
692 990 809 1026 quani
855 978 1024 1014 amicum
1070 977 1239 1014 Poenum
1287 990 1380 1014 esse.
1441 975 1486 1013 Si
1530 977 1669 1015 redeat

236 1047 410 1096 Capuam
429 1048 660 1097 bellumque
687 1062 800 1085 omne
826 1062 870 1084 eo
898 1051 1041 1097 vertat,
1073 1052 1111 1085 et
1137 1062 1177 1085 se
1204 1052 1243 1085 et
1260 1048 1482 1097 Campanos
1506 1053 1667 1098 paratos

168 1121 217 1155 14
237 1119 436 1168 eruptioni
467 1120 563 1156 fore.
624 1119 714 1157 Non
754 1133 841 1156 cum
880 1120 1051 1168 Reginis
1097 1133 1226 1169 neque
1259 1119 1488 1157 Tarentinis
1519 1121 1667 1157 bellum

235 1194 419 1239 gesturos
449 1191 640 1227 transisse
672 1191 819 1240 Alpes;
866 1191 936 1227 ubi
968 1192 1158 1228 Romanae
1190 1191 1369 1240 legiones
1401 1192 1493 1239 sint,
1538 1192 1596 1228 ibi
1629 1196 1669 1229 et

235 1261 627 1310 Carthaginiensium
658 1264 853 1300 exercitus
877 1263 1022 1300 debere
1048 1277 1150 1310 esse3
1182 1263 1238 1300 sic
1264 1263 1314 1300 ad
1340 1263 1508 1309 Cannas,
1532 1263 1589 1300 sic
1617 1263 1669 1300 ad

235 1333 552 1370 Trasumennum
578 1347 659 1370 rem
692 1334 790 1370 bene
821 1338 984 1383 gestam,
1016 1335 1195 1372 coeundo
1228 1334 1549 1383 conferundoque
1581 1348 1669 1371 cum

163 1405 211 1441 15
232 1405 344 1442 hoste
376 1408 514 1450 castra,
545 1406 743 1442 fortunam
775 1406 991 1452 tentando;
1037 1407 1079 1443 in
1122 1407 1224 1444 hanc
1255 1407 1490 1443 sententiam
1521 1407 1668 1443 litterae

234 1477 472 1526 conscriptae
508 1476 705 1523 Numidis,
735 1479 941 1526 proposita
965 1478 1144 1515 mercede
1170 1491 1255 1515 eam
1282 1478 1469 1527 professis
1495 1491 1668 1527 operam,

235 1548 392 1586 dantur.
453 1548 490 1584 li
522 1549 652 1596 specie
683 1549 979 1596 transfugarum
1013 1563 1133 1598 quum
1166 1550 1216 1587 ad
1247 1550 1435 1586 Flaccum
1467 1550 1508 1586 in
1541 1553 1670 1587 castra

233 1621 446 1664 venissent,
478 1624 522 1656 ut
553 1620 646 1656 inde
677 1623 856 1669 tempore
888 1626 1004 1670 capto
1030 1622 1197 1666 abirent,
1229 1622 1443 1670 famesque,
1476 1634 1563 1670 quae
1589 1621 1668 1658 iam

235 1691 303 1728 diu
344 1690 492 1740 Capuae
532 1696 633 1737 erat,
679 1692 779 1728 nulli
818 1706 896 1730 non
935 1692 1186 1742 probabilem
1230 1705 1386 1729 causam
1416 1693 1670 1730 transitionis

161 1763 210 1800 16
229 1763 386 1810 faceret,
435 1763 576 1799 mulier
621 1767 787 1812 repente
821 1764 1026 1814 Campana
1073 1765 1115 1801 in
1159 1767 1288 1801 castra
1326 1765 1447 1810 venit,
1495 1769 1668 1802 scortum

234 1835 534 1884 transfugarum
563 1835 696 1882 unius,
727 1835 961 1885 indicatque
995 1836 1228 1885 imperatori
1251 1835 1444 1874 Romano.
1475 1835 1670 1873 Numidas

163 1906 210 1942 17
230 1906 368 1943 fraude
397 1907 617 1956 composita
642 1908 834 1944 transisse
859 1908 1098 1956 litterasque
1119 1908 1169 1945 ad
1186 1907 1458 1944 Hannibalem
1473 1907 1594 1944 ferre:
1626 1905 1668 1943 id

233 1991 353 2014 unum
386 1992 432 2014 ex
463 1978 524 2023 iis,
574 1979 644 2027 qui
676 1979 752 2016 sibi
783 1992 866 2016 rem
898 1979 1129 2028 aperuisset,
1176 1992 1343 2027 arguere
1374 1991 1458 2016 sese
1489 1981 1669 2027 paratam

233 2062 327 2086 esse.
376 2049 603 2086 Productus
631 2051 760 2099 primo
787 2051 885 2087 satis
903 2055 1141 2096 constanter‚
1172 2051 1359 2100 ignorare
1387 2063 1426 2087 se
1451 2050 1669 2096 mulierem,

235 2120 473 2166 simulabat3
503 2122 696 2169 paulatim
722 2122 812 2158 dein
830 2123 1033 2159 convictus
1051 2122 1169 2168 veris,
1197 2135 1316 2171 quum
1345 2124 1542 2159 tormenta
1557 2121 1670 2170 posci

234 2196 272 2229 et
301 2193 437 2241 parari
469 2192 636 2239 videret,
666 2193 792 2230 fassus
825 2198 884 2232 est
915 2194 955 2231 id
988 2194 1043 2231 ita
1075 2206 1177 2239 esse,
1222 2193 1448 2241 litteraeque
1488 2193 1666 2242 prolatae.

164 2264 213 2300 18
237 2264 318 2314 [Et]
338 2264 518 2301 additum
537 2264 654 2300 etiam
673 2265 833 2311 indic-io,
851 2265 958 2314 quod
975 2265 1192 2311 celabatur,
1219 2270 1259 2301 et
1276 2264 1375 2301 alios
1392 2264 1523 2313 specie
1539 2267 1669 2301 trans-

162 2336 209 2371 19
230 2336 412 2384 fugarum
444 2335 638 2372 Numidas
668 2337 807 2384 vagari
846 2337 885 2373 in
934 2337 1073 2373 castris
1105 2336 1310 2373 Romanis.
1370 2335 1407 2372 Ii
1434 2348 1554 2384 supra
1584 2348 1669 2384 sep-

233 2408 419 2455 tuaginta
450 2407 671 2456 comprensi
712 2411 752 2443 et
794 2420 878 2443 cum
911 2408 1132 2456 transfugis
1178 2407 1289 2459 novis
1334 2406 1499 2443 mulcati
1543 2406 1668 2454 virgis

234 2478 496 2527 manibusque
536 2478 714 2527 praecisis
754 2478 931 2528 Capuam
971 2479 1222 2527 rediguntur.
1283 2477 1547 2526 Conspectum
1586 2481 1668 2514 tam

92 2544 144 2592 13
230 2550 343 2586 triste
375 2550 613 2599 supplicium
652 2550 774 2598 fregit
815 2551 966 2587 animos
998 2550 1301 2598 Campanorum.
1361 2547 1585 2586 Concursus
1617 2547 1668 2586 ad

239 2621 389 2658 curiam
422 2621 562 2670 populi
593 2621 721 2658 fac-tus
754 2621 883 2669 coegit
914 2615 1089 2658 Loesium
1120 2624 1296 2658 senatum
1327 2632 1489 2665 vocare;
1520 2623 1558 2656 et
1587 2619 1669 2669 pri-
