1768 2943
267 97 291 137 ,ς
701 94 804 126 Liber
828 95 920 126 XXI.
949 93 1004 136 (A.
1031 105 1063 126 u.
1091 105 1119 126 c.
1146 93 1255 138 536.)

267 226 429 262 obviam
460 226 515 262 ad
545 237 656 262 mare
683 225 792 262 missi
817 226 869 262 ab
892 225 1136 270 Hannibale,
1170 226 1238 274 qui
1263 225 1457 271 dicerent,
1491 239 1568 263 nec
1593 232 1679 264 tuto

267 308 339 333 eos
371 296 553 333 adituros
584 297 687 333 inter
720 301 781 333 tot
812 302 894 332 tam
926 296 1210 333 effrenatarum
1241 297 1423 345 gentium
1446 309 1570 342 arma,
1602 310 1680 335 nec

269 366 486 403 Hannibali
518 366 560 402 in
591 371 706 402 tanto
740 366 969 402 discrimine
1001 378 1131 402 rerum
1164 379 1300 415 operae
1333 379 1422 403 esse
1454 367 1680 416 legationes

226 436 253 474 4
268 437 421 473 audire.
469 437 717 485 Apparebat,
750 447 836 472 non
864 436 1066 473 admissos
1088 436 1273 485 protinus
1296 435 1585 486 Carthaginem
1605 439 1680 474 itu-

267 519 346 544 ros.
395 507 567 543 Litteras
588 507 707 554 igitur
727 506 974 554 nuntiosque
995 507 1050 542 ad
1072 506 1275 554 principes
1294 506 1482 544 factionis
1499 507 1680 546 Barcinae

267 577 481 626 praemittit,
505 582 548 612 ut
568 582 842 625 praepararent
864 588 1027 613 suorum
1050 576 1222 620 animos,
1247 589 1300 612 ne
1322 577 1421 624 quid
1443 590 1535 626 pars
1558 579 1682 615 altera

152 642 195 687 ΙΟ
269 647 483 696 gratificari
505 647 658 695 populo
681 646 870 683 Romano
894 652 1046 695 posset.
1101 646 1255 694 Itaque,
1281 652 1546 695 praeterquam
1569 650 1683 696 quod

269 718 435 754 admissi
468 717 675 764 auditique
710 722 814 761 sunt,
849 729 898 752 ea
930 728 1093 764 quoque
1125 729 1230 752 vana
1261 712 1381 764 atque
1403 717 1511 754 irrita
1533 718 1682 767 legatio

231 786 356 825 2fuit.
410 787 562 823 Hanno
595 799 698 823 unus
730 788 924 823 adversus
957 791 1142 823 senatum
1174 798 1339 823 causam
1369 787 1532 824 foederis
1554 790 1682 837 magis

271 858 430 895 silentio
463 862 629 906 propter
660 858 941 894 auctoritatem
973 869 1095 904 quam
1127 868 1218 892 cum
1241 869 1410 893 assensu
1433 858 1684 894 audientium

230 926 255 965 3
272 929 367 976 egit⁷
398 940 471 976 per
493 928 596 964 deos
619 927 818 964 foederum
840 927 1011 963 arbitros
1034 939 1082 963 ac
1104 932 1228 964 testes
1251 933 1436 964 senatum
1459 928 1682 973 obtestans,

268 1011 320 1035 ne
352 999 584 1034 Romanum
616 1009 706 1034 cum
729 998 954 1046 Saguntino
988 998 1229 1034 suscitarent
1261 998 1409 1034 bellum
1420 1009 1428 1042 ;
1462 999 1682 1043 monuisse,

269 1068 502 1117 praedixisse
535 1080 591 1112 se,
624 1080 677 1104 ne
709 1067 948 1104 Hamilcaris
976 1067 1215 1116 progeniem
1238 1069 1293 1104 ad
1315 1068 1533 1104 exercitum
1554 1069 1685 1105 mitte-

268 1144 375 1183 rent;
409 1150 495 1175 non
515 1150 670 1182 manes,
694 1150 780 1174 non
802 1139 967 1186 stirpem
989 1139 1074 1174 eius
1096 1138 1386 1185 conquiescere
1408 1139 1490 1183 viri,
1514 1151 1591 1176 nec
1612 1151 1685 1176 un-

269 1221 404 1256 quam,
428 1209 564 1245 donec
586 1208 794 1256 sanguinis
811 1208 1069 1256 nominisque
1086 1207 1246 1244 Barcini
1266 1209 1479 1256 quisquam
1499 1210 1683 1258 supersit,

231 1278 457 1327 4quietura
488 1279 677 1315 Romana
719 1278 888 1315 foedera.
956 1279 1171 1315 «Iuvenem
1212 1279 1453 1327 flagrantem
1494 1280 1685 1328 cupidine

269 1350 382 1398 regni
414 1350 599 1397 viamque
630 1361 754 1385 unam
786 1349 841 1385 ad
871 1349 915 1385 id
947 1354 1193 1392 cernentem,
1229 1349 1260 1385 si
1284 1361 1332 1385 ex
1354 1349 1468 1386 bellis
1491 1350 1596 1386 bella
1624 1362 1686 1386 se-

269 1421 400 1456 rendo
434 1419 661 1456 succinctus
694 1419 814 1455 armis
846 1419 1154 1468 legionibusque
1187 1419 1304 1463 vivat,
1338 1420 1444 1455 velut
1475 1419 1684 1456 materiam

269 1490 352 1539 igni
384 1490 624 1538 praebentes,
659 1490 714 1525 ad
746 1489 943 1526 exercitus
974 1489 1149 1526 misistis.
1198 1489 1360 1526 Aluistis
1393 1502 1491 1538 ergo
1520 1490 1599 1526 hoc
1625 1490 1685 1526 in-

229 1558 474 1605 5cendium,
508 1571 590 1608 quo
623 1571 731 1595 nunc
763 1560 927 1596 ardetis.
982 1560 1205 1610 Saguntum
1237 1560 1355 1596 vestri
1388 1560 1687 1596 circumsedent

270 1631 480 1675 exercitus,
513 1630 624 1666 unde
658 1635 844 1666 arcentur
876 1629 1049 1675 foedere;
1083 1642 1177 1666 mox
1201 1630 1491 1679 Carthaginem
1519 1629 1686 1666 circum—

270 1701 473 1737 sedebunt
504 1700 701 1737 Romanae
735 1700 937 1748 legiones,
979 1701 1150 1737 ducibus
1182 1701 1329 1737 iisdem
1362 1701 1443 1745 dis,
1479 1712 1551 1749 per
1582 1712 1685 1748 quos

232 1768 544 1821 sspriorebello
576 1775 694 1819 rupta
726 1770 883 1807 foedera
915 1776 1008 1808 sunt
1038 1772 1120 1807 ulti.
1176 1770 1320 1807 Utrum
1356 1771 1517 1808 hostem
1538 1783 1591 1807 an
1613 1782 1686 1808 vos

271 1854 323 1877 an
346 1841 549 1877 fortunam
571 1841 776 1889 utriusque
798 1841 938 1890 populi
960 1840 1182 1890 ignoratis?
1217 1841 1397 1889 Legatos
1424 1841 1474 1877 ab
1498 1840 1620 1877 sociis
1647 1846 1688 1877 et

270 1922 344 1959 pro
385 1910 505 1947 sociis
539 1911 749 1947 venientes
782 1912 915 1948 bonus
947 1912 1166 1960 imperator
1200 1916 1331 1948 vester
1362 1911 1403 1947 in
1436 1915 1568 1947 castra
1600 1923 1685 1948 non

271 1980 451 2025 admisit;
491 1980 552 2017 ius
583 1982 766 2029 gentium
798 1982 973 2025 sustulit;
1013 1982 1052 2017 hi
1084 1986 1242 2026 tamen,
1282 1982 1394 2018 unde
1425 1993 1477 2017 ne
1510 1981 1686 2018 hostium

271 2051 437 2098 quidem
461 2051 582 2099 legati
606 2057 804 2097 arcentur,
829 2052 944 2100 pulsi,
970 2052 1024 2088 ad
1042 2063 1119 2088 nos
1137 2056 1352 2095 venerunt;
1377 2064 1441 2088 res
1459 2064 1506 2087 ex
1531 2051 1686 2088 foedere

271 2124 477 2168 repetunt;
511 2125 556 2156 ut
576 2121 736 2169 publica
761 2121 868 2158 fraus
893 2122 1009 2166 absit,
1035 2127 1243 2159 auctorem
1270 2123 1396 2170 culpae
1422 2127 1461 2158 et
1484 2133 1597 2158 reum
1614 2123 1686 2159 cri-

236 2188 393 2227 7minis
426 2190 669 2239 deposcunt.
724 2193 817 2238 Quo
851 2192 979 2228 lenius
1012 2197 1148 2240 agunt,
1183 2192 1347 2241 segnius
1374 2192 1586 2240 incipiunt,
1620 2204 1685 2236 eo,

271 2271 394 2308 quum
427 2261 636 2309 coeperint,
670 2274 823 2306 vereor,
856 2274 909 2298 ne
933 2263 1255 2310 perseverantius
1284 2262 1461 2300 saeviant.
1517 2262 1686 2310 AEgates

271 2330 422 2367 insulas
440 2330 692 2379 Erycemque
717 2337 812 2367 ante
836 2332 976 2368 oculos
1001 2332 1233 2381 proponite,
1263 2345 1352 2380 quae
1376 2337 1481 2368 terra
1504 2331 1685 2379 marique

235 2400 346 2449 >fiper
378 2405 568 2448 quattuor
599 2406 639 2437 et
670 2401 807 2449 viginti
840 2413 972 2438 annos
1004 2403 1113 2450 passi
1139 2404 1235 2440 sitis.
1284 2402 1371 2439 Nec
1394 2414 1493 2451 puer
1517 2401 1580 2438 hic
1605 2402 1686 2438 dux

273 2476 370 2515 erat,
397 2471 472 2507 sed
494 2475 609 2520 pater
632 2471 720 2519 ipse
744 2470 963 2516 Hamilcar,
989 2471 1098 2509 Mars
1124 2473 1236 2517 alter,
1261 2477 1304 2508 ut
1322 2472 1385 2509 isti
1403 2472 1555 2508 volunt.
1603 2472 1686 2508 Sed

273 2540 468 2585 Tarento,
501 2541 545 2577 id
577 2546 638 2578 est
669 2541 795 2585 Italia,
829 2553 914 2578 non
946 2541 1268 2578 abstinueramus
1301 2554 1349 2578 ex
1382 2541 1550 2585 foedere,
1585 2541 1687 2578 sicut

235 2609 383 2647 §inune
415 2611 598 2659 Sagunto
640 2623 726 2648 non
763 2611 1012 2649 abstinemus
1024 2623 1032 2656 ;
1071 2612 1251 2648 vicerunt
1289 2623 1387 2660 ergo
1426 2612 1467 2648 di
1500 2612 1686 2648 homines
