1789 2955
519 86 634 121 Liber
660 86 827 122 XXVII.
877 87 938 130 (A.
966 86 1030 120 Ch.
1055 87 1149 130 208.)
1474 91 1551 128 101

119 215 324 261 Ceterum,
355 227 477 263 quum
510 213 588 251 duo
636 214 862 251 consulares
906 214 1105 251 exercitus
1136 216 1217 250 ‘tam
1249 227 1372 263 prope
1403 214 1557 252 hostem
1577 218 1599 251 9

120 287 207 324 sine
240 286 408 324 ducibus
441 288 581 332 essent,
614 285 796 322 omnibus
821 285 915 322 aliis
940 285 1095 322 omissis
1120 299 1197 322 una
1224 286 1427 335 praecipua
1460 300 1553 324 cura

117 362 252 409 patres
285 359 557 409 populumque
589 357 750 395 incessit
780 357 961 395 consules
1008 358 1138 407 primo
1177 370 1336 406 quoque
1377 362 1555 408 tempore

118 431 292 477 creandi,
325 433 365 467 et
395 433 439 468 ut
477 443 542 468 eos
574 432 756 467 crearent
796 429 1059 479 potissimum,
1099 442 1267 479 quorum
1298 430 1425 467 virtus
1457 431 1553 468 satis

117 505 205 540 tuta
237 516 259 540 a
293 503 435 540 fraude
466 502 622 540 Punica
659 504 777 540 esset:
824 514 945 550 quum
988 504 1073 539 toto
1121 514 1166 539 eo
1213 501 1318 538 bello
1367 501 1556 539 damnosa
1581 502 1630 539 10

116 587 374 624 praepropera
406 588 450 612 ac
481 573 639 611 fervida
669 573 830 621 ingenia
862 573 1148 623 imperatorum
1189 573 1331 620 fuisse,
1376 576 1461 610 tum
1507 587 1551 611 eo

116 647 203 696 ipso
243 660 344 684 anno
391 646 572 684 consules
614 646 737 682 nimia
775 645 995 694 cupiditate
1041 645 1275 683 conserendi
1320 658 1407 682 cum
1439 646 1552 683 hoste

116 732 275 757 manum
309 719 350 756 111
382 718 660 768 necopinatam
692 717 872 755 fraudem
918 717 1049 766 lapsos
1090 731 1192 763 esse;
1239 720 1413 754 ceterum
1461 718 1555 756 deos
1577 719 1623 756 11

118 791 383 837 immortales,
429 790 627 827 miseritos
674 789 846 827 nominis
877 789 1069 836 Romani,
1115 790 1339 839 pepercisse
1375 789 1553 828 innoxiis

121 862 379 911 exercitibus,
398 862 664 899 temeritatem
684 861 888 899 consulum
914 861 1091 911 ipsorum
1115 862 1315 911 capitibus
1333 861 1550 899 damnasse.

116 935 249 982 Quum
295 934 650 983 circumspicerent
695 936 848 983 patres,
901 946 1094 982 quosnam
1140 934 1322 971 consules
1367 934 1554 980 facerent,
1629 925 1686 974 34

116 1003 234 1052 longe
265 1006 356 1041 ante
395 1006 496 1044 alios
542 1006 741 1043 eminebat
787 1005 828 1042 G.
869 1004 1062 1043 Claudius
1108 1005 1225 1043 Nero.
1299 1006 1351 1043 Ei
1398 1003 1596 1056 collega?

114 1075 385 1125 quaerebatur3
418 1081 457 1115 et
486 1078 615 1116 virum
655 1077 816 1127 quidem
863 1091 950 1114 eum
998 1078 1203 1127 egregium
1235 1077 1453 1125 ducebant,
1484 1078 1553 1116 sed

114 1148 403 1198 promptiorem
430 1149 716 1199 acrioremque,
743 1162 860 1199 qua-m
885 1152 1066 1199 tempora
1082 1150 1181 1187 belli
1204 1150 1454 1199 postularent
1485 1153 1553 1187 aut

113 1219 240 1257 hostis
270 1220 500 1269 Hannibal3
544 1222 848 1271 temperandum
901 1235 990 1259 acre
1036 1222 1241 1270 ingenium
1288 1222 1373 1259 eius
1420 1220 1595 1259 mode-3

115 1294 203 1329 rato
237 1295 275 1330 et
305 1293 495 1342 prudenti
525 1294 613 1331 viro
645 1293 835 1331 adiuncto
867 1295 1020 1343 collega
1051 1294 1277 1332 censebant.
1338 1293 1393 1330 M.
1410 1293 1552 1332 Livius

113 1368 211 1410 erat,
239 1365 374 1403 multis
401 1369 492 1403 ante
519 1366 634 1404 annis
659 1380 707 1403 ex
734 1367 946 1404 consulatu
977 1366 1118 1416 populi
1152 1366 1300 1403 iudicio
1329 1365 1552 1411 damnatus,

116 1450 235 1486 quam
266 1437 527 1486 ignominiam
560 1438 657 1476 adeo
686 1451 790 1487 aegre
820 1438 982 1485 tulerat,
1013 1441 1058 1475 ut
1088 1451 1155 1475 rus
1187 1437 1382 1486 migraret
1413 1440 1452 1475 et
1482 1435 1595 1487 per-1

113 1509 258 1547 multos
276 1523 400 1547 annos
427 1513 468 1547 et
492 1510 592 1548 urbe
621 1513 660 1547 et
686 1510 792 1548 omni
821 1513 926 1547 coetu
943 1510 1121 1548 caruerit
1136 1510 1353 1548 hominum.
1401 1508 1552 1547 Octavo
1572 1507 1594 1543 5

113 1581 237 1618 ferme
269 1584 360 1631 post
391 1581 687 1620 damnationem
724 1595 827 1619 anno
859 1581 914 1618 M.
949 1581 1145 1619 Claudius
1176 1581 1394 1618 Marcellus
1427 1584 1468 1618 et
1497 1581 1551 1618 M.

114 1652 304 1690 Valerius
334 1653 522 1691 Laevinus
568 1653 751 1691 consules
782 1653 1025 1690 reduxerant
1056 1667 1144 1690 eum
1190 1653 1230 1690 in
1275 1652 1435 1699 urbem;
1482 1653 1552 1690 sed

114 1728 202 1763 erat
227 1728 335 1764 veste
361 1726 540 1763 obsoleta
557 1726 784 1775 capilloque
810 1729 848 1763 et
873 1726 999 1763 barba
1016 1725 1224 1775 promissa,
1255 1738 1337 1774 prae
1363 1739 1403 1762 se
1419 1725 1550 1763 ferens

113 1797 153 1834 111
185 1797 298 1836 vultu
329 1798 550 1849 habituque
587 1799 784 1847 insignem
823 1797 1053 1835 memoriam
1095 1797 1323 1846 ignominiae
1363 1800 1549 1847 acceptae.

112 1870 158 1908 L.
176 1870 368 1908 Veturius
400 1874 439 1908 et
469 1871 516 1910 P.
535 1871 720 1909 Licinius
745 1883 926 1908 censores
943 1883 1031 1906 eum
1062 1869 1222 1906 tonderi
1254 1873 1292 1906 et
1323 1870 1550 1919 squalorem
1571 1868 1593 1903 6

113 1942 311 1993 deponere
342 1945 383 1980 et
413 1943 455 1980 in
486 1946 666 1981 senatum
697 1943 835 1980 venire
866 1942 1059 1990 fungique
1092 1941 1185 1979 aliis
1208 1941 1383 1991 publicis
1416 1955 1550 1979 mune-

112 2015 225 2052 ribus
256 2017 491 2064 coegerunt;
523 2015 592 2052 sed
623 2018 707 2051 tum
740 2027 897 2064 quoque
929 2016 999 2051 aut
1014 2014 1136 2051 verbo
1161 2014 1453 2051 assentiebatur
1481 2017 1549 2051 aut
1571 2013 1590 2047 7

112 2087 285 2138 pedibus
311 2087 353 2124 in
379 2087 621 2124 sententiam
653 2087 748 2136 ibat,
783 2086 907 2123 donec
934 2085 1096 2134 cognati
1111 2085 1284 2123 hominis
1317 2100 1405 2123 eum
1433 2099 1551 2124 causa

112 2159 167 2196 M.
185 2159 297 2196 Livii
318 2158 482 2207 Macati,
516 2172 638 2208 quum
670 2159 774 2196 fama
805 2158 890 2195 eius
921 2161 1118 2206 ageretur,
1150 2160 1321 2195 stantem
1348 2159 1478 2206 coegit
1510 2158 1551 2194 in

112 2234 253 2269 senatu
287 2230 525 2268 sententiam
558 2231 702 2268 dicere.
762 2229 876 2267 Tunc
914 2243 962 2266 ex
991 2232 1105 2267 tanto
1136 2230 1350 2267 intervallo
1383 2228 1589 2266 auditus&

115 2303 314 2340 convertit
340 2315 409 2340 ora
434 2302 640 2341 hominum
672 2303 713 2340 in
738 2315 778 2340 se
811 2315 1048 2351 causamque
1080 2301 1330 2340 sermonibus
1361 2300 1549 2350 praebuit,

111 2374 278 2423 indigno
307 2374 494 2412 iniuriam
525 2389 548 2412 a
579 2375 727 2424 populo
745 2374 901 2421 factam,
932 2387 1157 2423 magnoque
1183 2373 1224 2410 id
1249 2373 1391 2410 damno
1418 2373 1550 2417 fuisse,

113 2446 220 2496 quod
249 2450 330 2484 tam
376 2447 490 2496 gravi
522 2446 628 2484 bello
673 2459 745 2484 nec
777 2459 899 2495 opera
944 2459 1015 2483 nec
1047 2446 1214 2484 consilio
1246 2445 1340 2482 talis
1371 2444 1448 2482 viri
1479 2457 1550 2481 usa

113 2532 176 2556 res
223 2518 384 2568 publica
430 2520 552 2565 esset;
600 2518 642 2556 C.
676 2518 827 2556 Neroni
873 2531 1003 2567 neque
1035 2517 1081 2564 Q.
1113 2517 1287 2554 Fabium
1334 2529 1463 2565 neque
1495 2515 1592 2554 Me

114 2591 324 2628 Valerium
354 2590 562 2628 Laevinum
594 2590 680 2627 dari
712 2590 907 2639 collegam
937 2602 1064 2638 posse,
1102 2589 1196 2638 quia
1228 2589 1327 2625 duos
1358 2588 1549 2637 patricios

113 2664 241 2702 creari
275 2677 352 2702 non
386 2662 545 2708 liceret3
584 2662 750 2700 eandem
783 2675 943 2700 causam
975 2662 1015 2698 in
1047 2660 1091 2698 T.
1125 2660 1280 2698 Manlio
1314 2673 1420 2707 esse,
1451 2661 1621 2710 pree-10
