1789 2955
228 68 307 107 168
599 63 715 98 Liber
739 61 928 98 XXVIII.
976 63 1038 106 (A.
1064 74 1099 96 u.
1126 73 1156 97 0.
1182 63 1277 106 549.)

179 195 202 231 8
221 192 392 230 consilia
416 205 570 241 semper
594 191 692 238 visa,
725 205 812 229 mea
836 204 910 228 usu
934 190 1119 237 meliora3
1153 191 1332 237 alterius,
1363 190 1670 229 obtrectationis

227 269 347 315 atque
378 263 539 301 invidiae
571 262 760 300 adversus
793 266 1035 300 crescentem
1066 262 1107 299 in
1140 262 1226 300 dies
1257 263 1428 312 gloriam
1459 262 1671 300 fortissimi

184 338 206 374 9
228 336 412 375 consulis.
474 335 511 372 A
546 349 624 385 qua
656 335 882 384 suspicione
914 335 948 372 si
980 348 1040 371 me
1072 348 1201 384 neque
1235 335 1320 371 vita
1351 337 1440 372 acta
1472 337 1511 371 et
1541 347 1670 372 mores

228 409 305 446 mei
353 421 482 457 neque
530 407 733 445 dictatura
780 421 868 444 cum
915 407 1092 456 quinque
1125 406 1401 445 consulatibus
1432 409 1671 456 tantumque

229 481 368 529 gloriae
400 480 498 517 belli
545 479 730 528 domique
775 482 900 528 partae
934 478 1134 525 vindicat,
1165 481 1211 515 ut
1256 478 1422 528 propius
1467 478 1672 516 fastidium

228 554 313 590 eius
344 553 419 591 sim
451 564 569 602 quam
602 550 857 598 desiderium,
888 553 984 588 aetas
1015 551 1152 588 saltem
1185 550 1344 589 liberet.
1423 550 1520 598 Quae
1567 551 1671 588 enim

230 625 329 662 mihi
361 623 564 662 aemulatio
595 637 683 661 cum
715 637 760 661 eo
794 636 877 661 esse
908 627 1053 673 potest,
1096 623 1165 673 qui
1197 637 1246 661 ne
1277 622 1361 659 filio
1394 623 1555 672 quidem
1586 636 1671 661 meo

165 699 216 735 10
237 696 403 746 aequalis
435 695 512 733 sit‘?
557 695 625 732 Me
651 696 900 742 dictatorem,
933 709 1055 744 quum
1082 696 1259 744 vigerem
1290 694 1419 732 adhuc
1450 694 1602 733 viribus
1634 699 1674 733 et

227 770 268 806 in
300 782 418 806 cursu
450 768 713 805 maximarum
742 780 876 804 rerum
917 781 1059 814 essem,
1105 771 1354 805 recusantem
1386 781 1500 805 nenio
1533 770 1602 804 aut
1632 768 1673 805 in

229 844 370 878 senatu
402 844 471 878 aut
501 839 608 890 apud
638 839 831 890 populum
871 839 1046 886 audivit,
1093 853 1170 889 quo
1203 841 1333 877 minus
1365 840 1580 877 insectanti
1612 853 1673 877 me

230 913 425 962 magistro
457 912 649 962 equitum,
699 911 802 961 quod
837 912 959 949 fando
992 926 1196 962 nunquam
1231 916 1323 949 ante
1354 912 1539 949 auditum
1579 915 1675 958 erat,

162 987 207 1023 ll
231 986 441 1035 imperium
461 998 613 1022 mecum
632 987 879 1033 aequaretu1·;
913 984 1032 1021 rebus
1065 998 1183 1034 quam
1211 984 1346 1021 verbis
1364 984 1523 1033 assequi
1540 983 1674 1029 malui,

230 1062 283 1106 ut,
317 1058 387 1107 qui
419 1057 587 1095 aliorum
620 1056 772 1094 iudicio
805 1056 903 1093 mihi
935 1059 1190 1106 comparatus
1222 1061 1320 1103 erat,
1351 1070 1423 1093 sua
1456 1069 1547 1093 mox
1580 1069 1672 1092 con·

155 1131 203 1167 12
222 1130 394 1167 sessione
428 1143 486 1166 ine
518 1129 599 1166 sibi
631 1128 859 1177 pi‘aeferret3
904 1128 1049 1166 nedum
1093 1142 1166 1177 ego
1198 1130 1436 1179 perfunctus
1454 1127 1675 1164 honoribus

227 1202 447 1239 certamina
492 1201 591 1238 mihi
638 1204 758 1250 atque
791 1201 1084 1238 aemulationem
1131 1215 1217 1238 011111
1251 1201 1501 1238 adolescente
1531 1199 1674 1236 floren-

156 1274 378 1312 lsstissimo
410 1287 648 1324 proponam3
679 1272 877 1310 videlicet
907 1277 953 1310 ut
976 1274 1088 1320 mihi,
1121 1273 1197 1311 iam
1224 1274 1408 1319 vivendo,
1440 1286 1519 1309 non
1546 1272 1674 1309 solum

226 1347 346 1383 rebus
377 1345 563 1394 gerendis
595 1345 710 1391 fesso,
742 1345 775 1382 si
806 1345 899 1382 huic
934 1348 1082 1394 negata
1120 1345 1254 1394 fuerit,
1289 1344 1434 1383 Africa
1465 1343 1676 1393 provincia

226 1417 476 1455 decernatur.
538 1416 637 1454 Cum
670 1430 716 1454 ea
759 1417 900 1465 gloria,
933 1430 1020 1466 quae
1051 1421 1168 1467 parta
1200 1420 1276 1463 est,
1307 1416 1523 1454 vivendum
1557 1420 1675 1465 atque

163 1492 214 1528 14
232 1490 481 1526 moriendum
521 1492 591 1526 est.
653 1488 825 1525 Vincere
873 1503 945 1538 ego
993 1489 1187 1539 prohibui
1233 1488 1520 1535 Hannibalem,
1564 1492 1609 1525 ut
1654 1503 1677 1525 a

91 1559 144 1608 41
230 1562 357 1608 vobis,
391 1574 561 1610 quorum
593 1560 733 1610 vigent
764 1574 868 1598 nunc
899 1561 1017 1607 vires,
1059 1562 1178 1598 etiam
1218 1560 1328 1598 vinci
1360 1563 1505 1610 posset.
1565 1559 1677 1597 Illud

227 1637 267 1670 te
300 1633 398 1670 mihi
429 1634 646 1682 ignoscere,
680 1632 727 1672 P.
761 1632 936 1680 Corneli,
970 1646 1127 1683 aequum
1159 1633 1254 1680 erit,
1301 1632 1346 1683 51,
1389 1645 1511 1681 quum
1543 1632 1583 1669 in
1615 1646 1676 1670 me

228 1706 314 1755 ipso
348 1718 552 1755 nunquam
584 1705 711 1755 pluris
757 1704 901 1742 famam
934 1705 1141 1743 hominum
1187 1718 1305 1754 quam
1343 1718 1426 1742 rem
1472 1704 1676 1754 publicam

230 1777 404 1823 fecerim,
437 1791 486 1815 ne
517 1781 627 1815 tuam
667 1776 828 1826 quidem
861 1776 1033 1826 gloriam
1082 1777 1185 1815 bono
1231 1776 1396 1826 publico
1428 1789 1673 1825 praeponam.

191 1853 213 1888 2
232 1849 484 1898 Quanquam,
516 1849 549 1885 si
581 1851 651 1887 aut
680 1849 832 1886 bellum
863 1849 1016 1886 nullum
1045 1849 1085 1886 in
1111 1849 1232 1886 Italia
1257 1852 1325 1886 aut
1352 1848 1386 1885 is
1410 1848 1536 1885 hostis
1562 1850 1677 1894 esset,

232 1935 279 1958 ex
312 1934 388 1970 quo
419 1921 525 1958 victo
557 1921 659 1958 nihil
691 1921 830 1969 gloriae
863 1924 1120 1970 quaereretur,
1166 1921 1237 1970 qui
1278 1925 1317 1957 te
1350 1920 1390 1957 in
1421 1919 1546 1958 Italia
1576 1920 1673 1957 reti-

228 1996 354 2040 neret,
386 1994 460 2030 etsi
492 1993 533 2030 id
564 1993 667 2030 bono
699 1993 863 2042 publico
881 1993 1042 2040 faceret,
1075 1993 1195 2030 simul
1227 2006 1315 2030 cum
1333 1991 1440 2030 bello
1460 1992 1671 2029 materiam

185 2068 208 2103 3
227 2065 368 2115 gloriae
399 2068 478 2102 tuae
510 2066 585 2102 isse
618 2069 797 2114 ereptum
830 2065 962 2103 videri
993 2069 1140 2114 posset.
1188 2064 1320 2111 Quum
1350 2077 1445 2102 vero
1464 2063 1676 2100 Hannibal

226 2138 352 2175 hostis
400 2137 590 2174 incolumi
639 2138 817 2174 exercitu
867 2140 1054 2186 quartum
1087 2136 1286 2173 decimum
1332 2149 1480 2173 annum
1511 2135 1672 2173 Italiam

228 2209 424 2256 obsideat,
458 2208 672 2259 paenitebit
703 2213 752 2256 te,
785 2209 829 2246 P.
849 2208 1024 2255 Corneli,
1055 2208 1196 2257 gloriae
1223 2212 1313 2254 tuae,
1345 2208 1379 2245 si
1403 2208 1556 2246 hostem
1574 2220 1675 2254 eum,

230 2283 299 2332 qui
345 2285 407 2319 tot
450 2281 652 2327 funerum,
698 2284 760 2317 tot
806 2280 980 2317 cladium
1012 2280 1129 2318 nobis
1170 2293 1289 2318 causa
1333 2280 1432 2325 fuit,
1462 2283 1507 2316 tu
1539 2279 1676 2316 consul

233 2353 360 2391 Ralia
391 2353 594 2403 expuleris
639 2355 689 2399 et,
734 2352 838 2389 sicut
869 2365 991 2401 penes
1023 2352 1064 2389 C.
1098 2351 1306 2389 Lutatium
1351 2351 1498 2401 prioris
1530 2351 1677 2388 Punici

187 2426 211 2462 4
230 2425 454 2476 perpetrati
485 2425 584 2462 belli
613 2424 756 2461 titulus
789 2424 877 2470 fuit,
909 2424 965 2461 ita
996 2437 1118 2473 penes
1150 2427 1189 2460 te
1220 2423 1339 2460 huius
1370 2422 1522 2459 fuerit‘.>
1581 2421 1674 2461 Nisi

234 2501 301 2535 aut
317 2497 525 2534 Hamilcar
557 2495 781 2534 Hannibali
800 2496 880 2533 dux
907 2499 965 2532 est
988 2495 1268 2545 praeferundus
1292 2498 1361 2532 aut
1393 2493 1493 2531 illud
1523 2494 1674 2531 bellum

229 2569 335 2617 huic,
381 2572 451 2606 aut
496 2568 667 2606 victoria
705 2567 778 2605 illa
822 2567 949 2604 maior
995 2567 1220 2616 clariorque
1267 2579 1385 2616 quam
1425 2566 1508 2603 haec
1540 2565 1673 2615 (modo

186 2640 208 2677 5
227 2641 448 2689 contingat,
480 2643 526 2677 ut
555 2643 595 2677 te
628 2639 789 2677 consule
831 2639 1055 2688 vincamus)
1086 2639 1221 2676 sutura
1267 2642 1338 2677 est.
1400 2638 1441 2677 A
1472 2638 1676 2688 Drepanis
