<?xml version="1.0" encoding="UTF-8"?>
<!DOCTYPE html PUBLIC "-//W3C//DTD XHTML 1.0 Transitional//EN"
    "http://www.w3.org/TR/xhtml1/DTD/xhtml1-transitional.dtd">
<html xmlns="http://www.w3.org/1999/xhtml" xml:lang="en" lang="en">
 <head>
  <title>
</title>
<meta http-equiv="Content-Type" content="text/html;charset=utf-8" />
  <meta name='ocr-system' content='tesseract 3.04.00' />
  <meta name='ocr-capabilities' content='ocr_page ocr_carea ocr_par ocr_line ocrx_word'/>
</head>
<body>
  <div class='ocr_page' id='page_1' title='image "./historiarumroman02livyuoft_0549.png"; bbox 0 0 1789 2955; ppageno 0'>
   <div class='ocr_carea' id='block_1_1' title="bbox 498 71 1514 116">
    <p class='ocr_par' dir='ltr' id='par_1_1' title="bbox 498 71 1514 116">
     <span class='ocr_line' id='line_1_1' title="bbox 498 71 1514 116; baseline 0.007 -9"><span class='ocrx_word' id='word_1_1' title='bbox 498 73 612 107; x_wconf 86' lang='lat' dir='ltr'>Liber</span> <span class='ocrx_word' id='word_1_2' title='bbox 636 71 782 107; x_wconf 84' lang='lat' dir='ltr'>XXIX.</span> <span class='ocrx_word' id='word_1_3' title='bbox 840 75 900 116; x_wconf 90' lang='lat' dir='ltr'>(A.</span> <span class='ocrx_word' id='word_1_4' title='bbox 927 72 990 106; x_wconf 89' lang='lat' dir='ltr'>Ch.</span> <span class='ocrx_word' id='word_1_5' title='bbox 1017 75 1127 115; x_wconf 62' lang='lat'>204),</span> <span class='ocrx_word' id='word_1_6' title='bbox 1432 78 1514 115; x_wconf 84' lang='lat'>219</span> 
     </span>
    </p>
   </div>
   <div class='ocr_carea' id='block_1_2' title="bbox 71 197 1587 2621">
    <p class='ocr_par' dir='ltr' id='par_1_2' title="bbox 78 197 1513 462">
     <span class='ocr_line' id='line_1_2' title="bbox 80 197 1512 251; baseline 0.003 -15"><span class='ocrx_word' id='word_1_7' title='bbox 80 197 217 236; x_wconf 86' lang='lat' dir='ltr'>eodem</span> <span class='ocrx_word' id='word_1_8' title='bbox 262 199 422 238; x_wconf 89' lang='lat' dir='ltr'>nomine</span> <span class='ocrx_word' id='word_1_9' title='bbox 454 199 847 248; x_wconf 74' lang='lat' dir='ltr'>Carthaginiensium</span> <span class='ocrx_word' id='word_1_10' title='bbox 893 200 1011 237; x_wconf 88' lang='lat' dir='ltr'>duces</span> <span class='ocrx_word' id='word_1_11' title='bbox 1058 201 1213 238; x_wconf 89' lang='lat' dir='ltr'>duobus</span> <span class='ocrx_word' id='word_1_12' title='bbox 1260 202 1512 251; x_wconf 74' lang='lat' dir='ltr'>equestribus</span> 
     </span>
     <span class='ocr_line' id='line_1_3' title="bbox 79 270 1513 320; baseline 0.002 -13"><span class='ocrx_word' id='word_1_13' title='bbox 79 270 234 320; x_wconf 86' lang='lat' dir='ltr'>proeliis</span> <span class='ocrx_word' id='word_1_14' title='bbox 266 271 507 318; x_wconf 83' lang='lat' dir='ltr'>interfectos,</span> <span class='ocrx_word' id='word_1_15' title='bbox 539 285 618 309; x_wconf 93' lang='lat' dir='ltr'>non</span> <span class='ocrx_word' id='word_1_16' title='bbox 650 285 785 309; x_wconf 86' lang='lat' dir='ltr'>omnes</span> <span class='ocrx_word' id='word_1_17' title='bbox 817 275 997 309; x_wconf 75' lang='lat' dir='ltr'>auctores</span> <span class='ocrx_word' id='word_1_18' title='bbox 1042 276 1153 319; x_wconf 88' lang='lat' dir='ltr'>sunt,</span> <span class='ocrx_word' id='word_1_19' title='bbox 1198 273 1338 320; x_wconf 87' lang='lat' dir='ltr'>veriti,</span> <span class='ocrx_word' id='word_1_20' title='bbox 1385 273 1513 318; x_wconf 86' lang='lat' dir='ltr'>credo,</span> 
     </span>
     <span class='ocr_line' id='line_1_4' title="bbox 78 342 1512 393; baseline 0.003 -15"><span class='ocrx_word' id='word_1_21' title='bbox 78 354 128 378; x_wconf 91' lang='lat' dir='ltr'>ne</span> <span class='ocrx_word' id='word_1_22' title='bbox 160 342 317 380; x_wconf 84' lang='lat' dir='ltr'>falleret</span> <span class='ocrx_word' id='word_1_23' title='bbox 348 343 409 380; x_wconf 89' lang='lat' dir='ltr'>bis</span> <span class='ocrx_word' id='word_1_24' title='bbox 441 344 568 381; x_wconf 86' lang='lat' dir='ltr'>relata</span> <span class='ocrx_word' id='word_1_25' title='bbox 600 343 735 381; x_wconf 87' lang='lat' dir='ltr'>eadem</span> <span class='ocrx_word' id='word_1_26' title='bbox 767 357 848 390; x_wconf 86' lang='lat' dir='ltr'>res;</span> <span class='ocrx_word' id='word_1_27' title='bbox 881 343 1027 380; x_wconf 84' lang='lat' dir='ltr'>Caelius</span> <span class='ocrx_word' id='word_1_28' title='bbox 1060 344 1220 393; x_wconf 89' lang='lat' dir='ltr'>quidem</span> <span class='ocrx_word' id='word_1_29' title='bbox 1254 348 1291 382; x_wconf 89' lang='lat' dir='ltr'>et</span> <span class='ocrx_word' id='word_1_30' title='bbox 1323 345 1512 382; x_wconf 85' lang='lat' dir='ltr'>Valerius</span> 
     </span>
     <span class='ocr_line' id='line_1_5' title="bbox 78 414 867 462; baseline 0.004 -12"><span class='ocrx_word' id='word_1_31' title='bbox 78 416 238 462; x_wconf 90' lang='lat' dir='ltr'>captum</span> <span class='ocrx_word' id='word_1_32' title='bbox 270 415 390 452; x_wconf 89' lang='lat' dir='ltr'>etiam</span> <span class='ocrx_word' id='word_1_33' title='bbox 421 414 658 453; x_wconf 84' lang='lat' dir='ltr'>Hannonem</span> <span class='ocrx_word' id='word_1_34' title='bbox 690 414 867 453; x_wconf 86' lang='lat' dir='ltr'>tradunt.</span> 
     </span>
    </p>

    <p class='ocr_par' dir='ltr' id='par_1_3' title="bbox 71 484 1587 2621">
     <span class='ocr_line' id='line_1_6' title="bbox 193 484 1556 537; baseline 0.001 -15"><span class='ocrx_word' id='word_1_35' title='bbox 193 484 330 535; x_wconf 84' lang='lat' dir='ltr'>Scipio</span> <span class='ocrx_word' id='word_1_36' title='bbox 348 488 555 536; x_wconf 75' lang='lat' dir='ltr'>praefectos</span> <span class='ocrx_word' id='word_1_37' title='bbox 580 487 824 536; x_wconf 75' lang='lat' dir='ltr'>equitesque,</span> <span class='ocrx_word' id='word_1_38' title='bbox 856 489 976 536; x_wconf 87' lang='lat' dir='ltr'>prout</span> <span class='ocrx_word' id='word_1_39' title='bbox 1001 487 1194 536; x_wconf 91' lang='lat' dir='ltr'>cuiusque</span> <span class='ocrx_word' id='word_1_40' title='bbox 1220 501 1341 537; x_wconf 85' lang='lat' dir='ltr'>opera</span> <span class='ocrx_word' id='word_1_41' title='bbox 1372 488 1512 535; x_wconf 73' lang='lat' dir='ltr'>fuerat,</span> <span class='ocrx_word' id='word_1_42' title='bbox 1535 488 1556 523; x_wconf 81' lang='lat'><strong>3</strong></span> 
     </span>
     <span class='ocr_line' id='line_1_7' title="bbox 81 557 1556 608; baseline 0.001 -14"><span class='ocrx_word' id='word_1_43' title='bbox 81 560 173 594; x_wconf 88' lang='lat' dir='ltr'>ante</span> <span class='ocrx_word' id='word_1_44' title='bbox 206 570 338 594; x_wconf 88' lang='lat' dir='ltr'>omnes</span> <span class='ocrx_word' id='word_1_45' title='bbox 356 557 610 597; x_wconf 82' lang='lat' dir='ltr'>Masinissam</span> <span class='ocrx_word' id='word_1_46' title='bbox 643 558 869 607; x_wconf 84' lang='lat' dir='ltr'>insignibus</span> <span class='ocrx_word' id='word_1_47' title='bbox 902 558 1016 595; x_wconf 88' lang='lat' dir='ltr'>donis</span> <span class='ocrx_word' id='word_1_48' title='bbox 1035 558 1179 604; x_wconf 85' lang='lat' dir='ltr'>donat;</span> <span class='ocrx_word' id='word_1_49' title='bbox 1212 562 1250 596; x_wconf 88' lang='lat' dir='ltr'>et</span> <span class='ocrx_word' id='word_1_50' title='bbox 1272 558 1386 596; x_wconf 87' lang='lat' dir='ltr'>firmo</span> <span class='ocrx_word' id='word_1_51' title='bbox 1416 560 1556 608; x_wconf 76' lang='lat' dir='ltr'>pree-4</span> 
     </span>
     <span class='ocr_line' id='line_1_8' title="bbox 78 628 1511 680; baseline 0.001 -14"><span class='ocrx_word' id='word_1_52' title='bbox 78 628 180 666; x_wconf 84' lang='lat' dir='ltr'>sidio</span> <span class='ocrx_word' id='word_1_53' title='bbox 213 628 376 666; x_wconf 83' lang='lat' dir='ltr'>Salaecae</span> <span class='ocrx_word' id='word_1_54' title='bbox 408 630 616 680; x_wconf 88' lang='lat' dir='ltr'>imposito,</span> <span class='ocrx_word' id='word_1_55' title='bbox 661 631 747 680; x_wconf 88' lang='lat' dir='ltr'>ipse</span> <span class='ocrx_word' id='word_1_56' title='bbox 780 644 867 667; x_wconf 80' lang='lat' dir='ltr'>cuin</span> <span class='ocrx_word' id='word_1_57' title='bbox 900 633 1030 667; x_wconf 84' lang='lat' dir='ltr'>cetero</span> <span class='ocrx_word' id='word_1_58' title='bbox 1070 630 1251 667; x_wconf 85' lang='lat' dir='ltr'>exercitu</span> <span class='ocrx_word' id='word_1_59' title='bbox 1296 631 1511 680; x_wconf 87' lang='lat' dir='ltr'>profectus,</span> 
     </span>
     <span class='ocr_line' id='line_1_9' title="bbox 74 701 1510 752; baseline 0.001 -15"><span class='ocrx_word' id='word_1_60' title='bbox 74 714 153 738; x_wconf 89' lang='lat' dir='ltr'>non</span> <span class='ocrx_word' id='word_1_61' title='bbox 184 701 289 749; x_wconf 84' lang='lat' dir='ltr'>agris</span> <span class='ocrx_word' id='word_1_62' title='bbox 321 702 450 749; x_wconf 87' lang='lat' dir='ltr'>modO,</span> <span class='ocrx_word' id='word_1_63' title='bbox 483 716 720 752; x_wconf 87' lang='lat' dir='ltr'>quacunque</span> <span class='ocrx_word' id='word_1_64' title='bbox 746 702 966 748; x_wconf 82' lang='lat' dir='ltr'>incedebat,</span> <span class='ocrx_word' id='word_1_65' title='bbox 996 702 1213 751; x_wconf 88' lang='lat' dir='ltr'>populatis,</span> <span class='ocrx_word' id='word_1_66' title='bbox 1246 702 1314 739; x_wconf 86' lang='lat' dir='ltr'>sed</span> <span class='ocrx_word' id='word_1_67' title='bbox 1341 702 1510 739; x_wconf 75' lang='lat' dir='ltr'>urbibus</span> 
     </span>
     <span class='ocr_line' id='line_1_10' title="bbox 75 772 1550 824; baseline 0.001 -15"><span class='ocrx_word' id='word_1_68' title='bbox 75 772 196 810; x_wconf 86' lang='lat' dir='ltr'>etiam</span> <span class='ocrx_word' id='word_1_69' title='bbox 229 773 470 823; x_wconf 87' lang='lat' dir='ltr'>quibusdam</span> <span class='ocrx_word' id='word_1_70' title='bbox 503 775 679 824; x_wconf 88' lang='lat' dir='ltr'>vicisque</span> <span class='ocrx_word' id='word_1_71' title='bbox 705 774 954 824; x_wconf 88' lang='lat' dir='ltr'>expugnatis,</span> <span class='ocrx_word' id='word_1_72' title='bbox 986 774 1066 810; x_wconf 86' lang='lat' dir='ltr'>late</span> <span class='ocrx_word' id='word_1_73' title='bbox 1098 774 1184 811; x_wconf 87' lang='lat' dir='ltr'>fuso</span> <span class='ocrx_word' id='word_1_74' title='bbox 1214 778 1368 811; x_wconf 85' lang='lat' dir='ltr'>terrore</span> <span class='ocrx_word' id='word_1_75' title='bbox 1400 774 1509 820; x_wconf 87' lang='lat' dir='ltr'>belli,</span> <span class='ocrx_word' id='word_1_76' title='bbox 1529 774 1550 810; x_wconf 84' lang='lat'>5</span> 
     </span>
     <span class='ocr_line' id='line_1_11' title="bbox 74 845 1509 896; baseline 0 -14"><span class='ocrx_word' id='word_1_77' title='bbox 74 845 244 894; x_wconf 86' lang='lat' dir='ltr'>septimo</span> <span class='ocrx_word' id='word_1_78' title='bbox 276 845 350 892; x_wconf 82' lang='lat' dir='ltr'>die,</span> <span class='ocrx_word' id='word_1_79' title='bbox 383 860 501 896; x_wconf 90' lang='lat' dir='ltr'>quam</span> <span class='ocrx_word' id='word_1_80' title='bbox 533 846 733 895; x_wconf 75' lang='lat' dir='ltr'>profectus</span> <span class='ocrx_word' id='word_1_81' title='bbox 765 849 861 892; x_wconf 86' lang='lat' dir='ltr'>erat,</span> <span class='ocrx_word' id='word_1_82' title='bbox 903 859 1086 894; x_wconf 86' lang='lat' dir='ltr'>magnam</span> <span class='ocrx_word' id='word_1_83' title='bbox 1125 846 1203 883; x_wconf 87' lang='lat' dir='ltr'>vim</span> <span class='ocrx_word' id='word_1_84' title='bbox 1235 846 1439 883; x_wconf 91' lang='lat' dir='ltr'>hominum</span> <span class='ocrx_word' id='word_1_85' title='bbox 1471 849 1509 883; x_wconf 90' lang='lat' dir='ltr'>et</span> 
     </span>
     <span class='ocr_line' id='line_1_12' title="bbox 75 917 1506 967; baseline 0.001 -14"><span class='ocrx_word' id='word_1_86' title='bbox 75 917 231 966; x_wconf 87' lang='lat' dir='ltr'>pecoris</span> <span class='ocrx_word' id='word_1_87' title='bbox 249 920 288 954; x_wconf 82' lang='lat' dir='ltr'>et</span> <span class='ocrx_word' id='word_1_88' title='bbox 305 919 430 955; x_wconf 87' lang='lat' dir='ltr'>omnis</span> <span class='ocrx_word' id='word_1_89' title='bbox 450 918 608 966; x_wconf 84' lang='lat' dir='ltr'>generis</span> <span class='ocrx_word' id='word_1_90' title='bbox 626 918 772 967; x_wconf 76' lang='lat' dir='ltr'>praedae</span> <span class='ocrx_word' id='word_1_91' title='bbox 798 918 960 954; x_wconf 87' lang='lat' dir='ltr'>trahens</span> <span class='ocrx_word' id='word_1_92' title='bbox 987 918 1028 953; x_wconf 88' lang='lat' dir='ltr'>in</span> <span class='ocrx_word' id='word_1_93' title='bbox 1047 921 1177 955; x_wconf 86' lang='lat' dir='ltr'>castra</span> <span class='ocrx_word' id='word_1_94' title='bbox 1202 918 1318 965; x_wconf 83' lang='lat' dir='ltr'>redit,</span> <span class='ocrx_word' id='word_1_95' title='bbox 1349 931 1506 967; x_wconf 87' lang='lat' dir='ltr'>graves-</span> 
     </span>
     <span class='ocr_line' id='line_1_13' title="bbox 74 988 1552 1040; baseline -0.001 -14"><span class='ocrx_word' id='word_1_96' title='bbox 74 1001 149 1038; x_wconf 88' lang='lat' dir='ltr'>que</span> <span class='ocrx_word' id='word_1_97' title='bbox 166 988 311 1026; x_wconf 74' lang='lat' dir='ltr'>iterum</span> <span class='ocrx_word' id='word_1_98' title='bbox 329 989 542 1026; x_wconf 90' lang='lat' dir='ltr'>hostilibus</span> <span class='ocrx_word' id='word_1_99' title='bbox 559 990 697 1039; x_wconf 90' lang='lat' dir='ltr'>spoliis</span> <span class='ocrx_word' id='word_1_100' title='bbox 715 1003 834 1026; x_wconf 87' lang='lat' dir='ltr'>naves</span> <span class='ocrx_word' id='word_1_101' title='bbox 852 989 1031 1026; x_wconf 83' lang='lat' dir='ltr'>dimittit.</span> <span class='ocrx_word' id='word_1_102' title='bbox 1050 989 1161 1036; x_wconf 84' lang='lat' dir='ltr'>Inde,</span> <span class='ocrx_word' id='word_1_103' title='bbox 1176 990 1332 1027; x_wconf 88' lang='lat' dir='ltr'>omissis</span> <span class='ocrx_word' id='word_1_104' title='bbox 1352 989 1510 1040; x_wconf 83' lang='lat' dir='ltr'>expedi·</span> <span class='ocrx_word' id='word_1_105' title='bbox 1529 990 1552 1025; x_wconf 69' lang='lat'>&lt;3</span> 
     </span>
     <span class='ocr_line' id='line_1_14' title="bbox 71 1061 1505 1112; baseline 0 -14"><span class='ocrx_word' id='word_1_106' title='bbox 71 1061 248 1098; x_wconf 74' lang='lat' dir='ltr'>tionibus</span> <span class='ocrx_word' id='word_1_107' title='bbox 265 1062 400 1112; x_wconf 83' lang='lat' dir='ltr'>parvis</span> <span class='ocrx_word' id='word_1_108' title='bbox 417 1061 838 1111; x_wconf 74' lang='lat' dir='ltr'>populationibusque,</span> <span class='ocrx_word' id='word_1_109' title='bbox 857 1061 906 1098; x_wconf 91' lang='lat' dir='ltr'>ad</span> <span class='ocrx_word' id='word_1_110' title='bbox 924 1061 1233 1111; x_wconf 83' lang='lat' dir='ltr'>oppugnandam</span> <span class='ocrx_word' id='word_1_111' title='bbox 1246 1062 1407 1100; x_wconf 84' lang='lat' dir='ltr'>Uticam</span> <span class='ocrx_word' id='word_1_112' title='bbox 1427 1075 1505 1099; x_wconf 91' lang='lat' dir='ltr'>om-</span> 
     </span>
     <span class='ocr_line' id='line_1_15' title="bbox 78 1132 1512 1182; baseline 0.001 -13"><span class='ocrx_word' id='word_1_113' title='bbox 78 1146 148 1170; x_wconf 88' lang='lat' dir='ltr'>nes</span> <span class='ocrx_word' id='word_1_114' title='bbox 164 1133 263 1171; x_wconf 85' lang='lat' dir='ltr'>belli</span> <span class='ocrx_word' id='word_1_115' title='bbox 278 1134 385 1171; x_wconf 84' lang='lat' dir='ltr'>vires</span> <span class='ocrx_word' id='word_1_116' title='bbox 405 1133 611 1179; x_wconf 83' lang='lat' dir='ltr'>convertit,</span> <span class='ocrx_word' id='word_1_117' title='bbox 632 1147 717 1170; x_wconf 88' lang='lat' dir='ltr'>eam</span> <span class='ocrx_word' id='word_1_118' title='bbox 736 1132 895 1179; x_wconf 82' lang='lat' dir='ltr'>deinde,</span> <span class='ocrx_word' id='word_1_119' title='bbox 912 1133 944 1169; x_wconf 83' lang='lat' dir='ltr'>si</span> <span class='ocrx_word' id='word_1_120' title='bbox 963 1134 1146 1182; x_wconf 81' lang='lat' dir='ltr'>cepisset,</span> <span class='ocrx_word' id='word_1_121' title='bbox 1164 1134 1294 1170; x_wconf 85' lang='lat' dir='ltr'>sedem</span> <span class='ocrx_word' id='word_1_122' title='bbox 1313 1134 1362 1170; x_wconf 88' lang='lat' dir='ltr'>ad</span> <span class='ocrx_word' id='word_1_123' title='bbox 1381 1136 1512 1171; x_wconf 86' lang='lat' dir='ltr'>cetera</span> 
     </span>
     <span class='ocr_line' id='line_1_16' title="bbox 75 1204 1559 1255; baseline 0.001 -14"><span class='ocrx_word' id='word_1_124' title='bbox 75 1204 328 1253; x_wconf 85' lang='lat' dir='ltr'>exsequenda</span> <span class='ocrx_word' id='word_1_125' title='bbox 359 1205 579 1242; x_wconf 81' lang='lat' dir='ltr'>habiturus.</span> <span class='ocrx_word' id='word_1_126' title='bbox 641 1204 769 1242; x_wconf 90' lang='lat' dir='ltr'>Simul</span> <span class='ocrx_word' id='word_1_127' title='bbox 811 1208 850 1242; x_wconf 84' lang='lat' dir='ltr'>et</span> <span class='ocrx_word' id='word_1_128' title='bbox 882 1219 904 1242; x_wconf 89' lang='lat' dir='ltr'>a</span> <span class='ocrx_word' id='word_1_129' title='bbox 946 1205 1072 1242; x_wconf 88' lang='lat' dir='ltr'>classe</span> <span class='ocrx_word' id='word_1_130' title='bbox 1105 1206 1265 1243; x_wconf 86' lang='lat' dir='ltr'>navales</span> <span class='ocrx_word' id='word_1_131' title='bbox 1298 1207 1406 1253; x_wconf 87' lang='lat' dir='ltr'>socii,</span> <span class='ocrx_word' id='word_1_132' title='bbox 1438 1220 1515 1255; x_wconf 86' lang='lat' dir='ltr'>qua</span> <span class='ocrx_word' id='word_1_133' title='bbox 1537 1207 1559 1239; x_wconf 72' lang='grc' dir='ltr'><em>Τ</em></span> 
     </span>
     <span class='ocr_line' id='line_1_17' title="bbox 75 1277 1512 1326; baseline 0.002 -14"><span class='ocrx_word' id='word_1_134' title='bbox 75 1289 123 1313; x_wconf 86' lang='lat' dir='ltr'>ex</span> <span class='ocrx_word' id='word_1_135' title='bbox 154 1280 268 1326; x_wconf 90' lang='lat' dir='ltr'>parte</span> <span class='ocrx_word' id='word_1_136' title='bbox 298 1277 394 1314; x_wconf 88' lang='lat' dir='ltr'>urbs</span> <span class='ocrx_word' id='word_1_137' title='bbox 425 1277 525 1314; x_wconf 82' lang='lat' dir='ltr'>mari</span> <span class='ocrx_word' id='word_1_138' title='bbox 557 1277 735 1324; x_wconf 87' lang='lat' dir='ltr'>alluitur,</span> <span class='ocrx_word' id='word_1_139' title='bbox 769 1277 914 1326; x_wconf 74' lang='lat' dir='ltr'>[simul]</span> <span class='ocrx_word' id='word_1_140' title='bbox 950 1281 987 1313; x_wconf 88' lang='lat' dir='ltr'>et</span> <span class='ocrx_word' id='word_1_141' title='bbox 1010 1278 1211 1314; x_wconf 84' lang='lat' dir='ltr'>terrestris</span> <span class='ocrx_word' id='word_1_142' title='bbox 1239 1279 1438 1315; x_wconf 86' lang='lat' dir='ltr'>exercitus</span> <span class='ocrx_word' id='word_1_143' title='bbox 1464 1279 1512 1315; x_wconf 79' lang='lat' dir='ltr'>ab</span> 
     </span>
     <span class='ocr_line' id='line_1_18' title="bbox 75 1348 1558 1399; baseline -0.001 -14"><span class='ocrx_word' id='word_1_144' title='bbox 75 1348 307 1386; x_wconf 88' lang='lat' dir='ltr'>imminente</span> <span class='ocrx_word' id='word_1_145' title='bbox 338 1362 463 1399; x_wconf 85' lang='lat' dir='ltr'>prope</span> <span class='ocrx_word' id='word_1_146' title='bbox 494 1349 591 1397; x_wconf 90' lang='lat' dir='ltr'>ipsis</span> <span class='ocrx_word' id='word_1_147' title='bbox 624 1349 821 1386; x_wconf 86' lang='lat' dir='ltr'>moenibus</span> <span class='ocrx_word' id='word_1_148' title='bbox 851 1349 1006 1386; x_wconf 88' lang='lat' dir='ltr'>tumulo</span> <span class='ocrx_word' id='word_1_149' title='bbox 1053 1353 1113 1386; x_wconf 89' lang='lat' dir='ltr'>est</span> <span class='ocrx_word' id='word_1_150' title='bbox 1158 1349 1353 1387; x_wconf 85' lang='lat' dir='ltr'>admotus.</span> <span class='ocrx_word' id='word_1_151' title='bbox 1415 1350 1512 1387; x_wconf 81' lang='lat' dir='ltr'>Tor·</span> <span class='ocrx_word' id='word_1_152' title='bbox 1534 1349 1558 1384; x_wconf 70' lang='lat'><em>8</em></span> 
     </span>
     <span class='ocr_line' id='line_1_19' title="bbox 75 1419 1514 1470; baseline 0.002 -14"><span class='ocrx_word' id='word_1_153' title='bbox 75 1423 209 1457; x_wconf 87' lang='lat' dir='ltr'>menta</span> <span class='ocrx_word' id='word_1_154' title='bbox 240 1421 523 1470; x_wconf 86' lang='lat' dir='ltr'>machinasque</span> <span class='ocrx_word' id='word_1_155' title='bbox 555 1424 593 1457; x_wconf 89' lang='lat' dir='ltr'>et</span> <span class='ocrx_word' id='word_1_156' title='bbox 625 1420 844 1458; x_wconf 82' lang='lat' dir='ltr'>advexerat</span> <span class='ocrx_word' id='word_1_157' title='bbox 875 1434 1019 1466; x_wconf 83' lang='lat' dir='ltr'>secum,</span> <span class='ocrx_word' id='word_1_158' title='bbox 1067 1424 1105 1458; x_wconf 84' lang='lat' dir='ltr'>et</span> <span class='ocrx_word' id='word_1_159' title='bbox 1144 1435 1191 1458; x_wconf 83' lang='lat' dir='ltr'>ex</span> <span class='ocrx_word' id='word_1_160' title='bbox 1223 1419 1363 1458; x_wconf 82' lang='lat' dir='ltr'>Sicilia</span> <span class='ocrx_word' id='word_1_161' title='bbox 1394 1422 1514 1459; x_wconf 86' lang='lat' dir='ltr'>missa</span> 
     </span>
     <span class='ocr_line' id='line_1_20' title="bbox 76 1493 1513 1539; baseline 0 -10"><span class='ocrx_word' id='word_1_162' title='bbox 76 1505 163 1529; x_wconf 88' lang='lat' dir='ltr'>cum</span> <span class='ocrx_word' id='word_1_163' title='bbox 196 1497 417 1530; x_wconf 86' lang='lat' dir='ltr'>commeatu</span> <span class='ocrx_word' id='word_1_164' title='bbox 450 1496 574 1539; x_wconf 78' lang='lat' dir='ltr'>erant,</span> <span class='ocrx_word' id='word_1_165' title='bbox 602 1496 641 1529; x_wconf 88' lang='lat' dir='ltr'>et</span> <span class='ocrx_word' id='word_1_166' title='bbox 664 1506 769 1531; x_wconf 88' lang='lat' dir='ltr'>nova</span> <span class='ocrx_word' id='word_1_167' title='bbox 796 1493 836 1529; x_wconf 93' lang='lat' dir='ltr'>in</span> <span class='ocrx_word' id='word_1_168' title='bbox 861 1494 1179 1539; x_wconf 82' lang='lat' dir='ltr'>armamentario,</span> <span class='ocrx_word' id='word_1_169' title='bbox 1213 1493 1348 1530; x_wconf 87' lang='lat' dir='ltr'>multis</span> <span class='ocrx_word' id='word_1_170' title='bbox 1372 1493 1513 1530; x_wconf 87' lang='lat' dir='ltr'>talium</span> 
     </span>
     <span class='ocr_line' id='line_1_21' title="bbox 77 1564 1556 1613; baseline 0 -13"><span class='ocrx_word' id='word_1_171' title='bbox 77 1577 243 1613; x_wconf 89' lang='lat' dir='ltr'>operum</span> <span class='ocrx_word' id='word_1_172' title='bbox 274 1565 496 1602; x_wconf 86' lang='lat' dir='ltr'>artificibus</span> <span class='ocrx_word' id='word_1_173' title='bbox 528 1565 576 1602; x_wconf 87' lang='lat' dir='ltr'>de</span> <span class='ocrx_word' id='word_1_174' title='bbox 609 1565 808 1602; x_wconf 83' lang='lat' dir='ltr'>industria</span> <span class='ocrx_word' id='word_1_175' title='bbox 840 1565 1014 1611; x_wconf 73' lang='lat' dir='ltr'>inclusis,</span> <span class='ocrx_word' id='word_1_176' title='bbox 1047 1564 1206 1602; x_wconf 88' lang='lat' dir='ltr'>fiebant.</span> <span class='ocrx_word' id='word_1_177' title='bbox 1255 1564 1514 1602; x_wconf 82' lang='lat' dir='ltr'>Uticensibus</span> <span class='ocrx_word' id='word_1_178' title='bbox 1534 1566 1556 1600; x_wconf 75' lang='lat'>9</span> 
     </span>
     <span class='ocr_line' id='line_1_22' title="bbox 75 1635 1514 1687; baseline 0 -14"><span class='ocrx_word' id='word_1_179' title='bbox 75 1639 189 1673; x_wconf 86' lang='lat' dir='ltr'>tanta</span> <span class='ocrx_word' id='word_1_180' title='bbox 233 1636 413 1687; x_wconf 86' lang='lat' dir='ltr'>undique</span> <span class='ocrx_word' id='word_1_181' title='bbox 452 1638 553 1674; x_wconf 86' lang='lat' dir='ltr'>mole</span> <span class='ocrx_word' id='word_1_182' title='bbox 594 1636 863 1673; x_wconf 85' lang='lat' dir='ltr'>circumsessis</span> <span class='ocrx_word' id='word_1_183' title='bbox 908 1636 948 1672; x_wconf 88' lang='lat' dir='ltr'>in</span> <span class='ocrx_word' id='word_1_184' title='bbox 983 1635 1309 1686; x_wconf 83' lang='lat' dir='ltr'>Carthaginiensi</span> <span class='ocrx_word' id='word_1_185' title='bbox 1353 1636 1514 1686; x_wconf 90' lang='lat' dir='ltr'>populo,</span> 
     </span>
     <span class='ocr_line' id='line_1_23' title="bbox 81 1707 1512 1758; baseline -0.001 -13"><span class='ocrx_word' id='word_1_186' title='bbox 81 1707 479 1758; x_wconf 82' lang='lat' dir='ltr'>Carthaginiensibus</span> <span class='ocrx_word' id='word_1_187' title='bbox 504 1709 544 1745; x_wconf 91' lang='grc'>111</span> <span class='ocrx_word' id='word_1_188' title='bbox 562 1708 819 1746; x_wconf 83' lang='lat' dir='ltr'>Hasdrubale</span> <span class='ocrx_word' id='word_1_189' title='bbox 852 1708 920 1754; x_wconf 77' lang='lat' dir='ltr'>ita,</span> <span class='ocrx_word' id='word_1_190' title='bbox 952 1709 985 1745; x_wconf 88' lang='lat' dir='ltr'>si</span> <span class='ocrx_word' id='word_1_191' title='bbox 1016 1709 1049 1745; x_wconf 90' lang='lat' dir='ltr'>is</span> <span class='ocrx_word' id='word_1_192' title='bbox 1073 1709 1261 1746; x_wconf 86' lang='lat' dir='ltr'>movisset</span> <span class='ocrx_word' id='word_1_193' title='bbox 1279 1707 1512 1758; x_wconf 81' lang='lat' dir='ltr'>Syphacem,</span> 
     </span>
     <span class='ocr_line' id='line_1_24' title="bbox 79 1780 1514 1830; baseline 0 -13"><span class='ocrx_word' id='word_1_194' title='bbox 79 1793 169 1830; x_wconf 87' lang='lat' dir='ltr'>spes</span> <span class='ocrx_word' id='word_1_195' title='bbox 202 1781 330 1818; x_wconf 91' lang='lat' dir='ltr'>omnis</span> <span class='ocrx_word' id='word_1_196' title='bbox 363 1785 465 1828; x_wconf 81' lang='lat' dir='ltr'>erat3</span> <span class='ocrx_word' id='word_1_197' title='bbox 512 1781 581 1818; x_wconf 88' lang='lat' dir='ltr'>sed</span> <span class='ocrx_word' id='word_1_198' title='bbox 627 1780 827 1817; x_wconf 88' lang='lat' dir='ltr'>desiderio</span> <span class='ocrx_word' id='word_1_199' title='bbox 872 1780 1137 1828; x_wconf 87' lang='lat' dir='ltr'>indigentium</span> <span class='ocrx_word' id='word_1_200' title='bbox 1184 1781 1326 1818; x_wconf 85' lang='lat' dir='ltr'>auxilii</span> <span class='ocrx_word' id='word_1_201' title='bbox 1356 1780 1514 1817; x_wconf 87' lang='lat' dir='ltr'>tardius</span> 
     </span>
     <span class='ocr_line' id='line_1_25' title="bbox 81 1851 1587 1901; baseline -0.001 -12"><span class='ocrx_word' id='word_1_202' title='bbox 81 1854 224 1889; x_wconf 89' lang='lat' dir='ltr'>cuncta</span> <span class='ocrx_word' id='word_1_203' title='bbox 269 1854 543 1890; x_wconf 81' lang='lat' dir='ltr'>movebantur.</span> <span class='ocrx_word' id='word_1_204' title='bbox 605 1851 838 1890; x_wconf 85' lang='lat' dir='ltr'>Hasdrubal</span> <span class='ocrx_word' id='word_1_205' title='bbox 895 1853 1162 1889; x_wconf 83' lang='lat' dir='ltr'>intentissima</span> <span class='ocrx_word' id='word_1_206' title='bbox 1218 1852 1514 1901; x_wconf 86' lang='lat' dir='ltr'>conquisitione</span> <span class='ocrx_word' id='word_1_207' title='bbox 1537 1853 1587 1888; x_wconf 83' lang='grc'>10</span> 
     </span>
     <span class='ocr_line' id='line_1_26' title="bbox 79 1924 1513 1974; baseline 0 -14"><span class='ocrx_word' id='word_1_208' title='bbox 79 1936 200 1973; x_wconf 89' lang='lat' dir='ltr'>quum</span> <span class='ocrx_word' id='word_1_209' title='bbox 234 1924 284 1962; x_wconf 84' lang='lat' dir='ltr'>ad</span> <span class='ocrx_word' id='word_1_210' title='bbox 301 1925 467 1974; x_wconf 84' lang='lat' dir='ltr'>triginta</span> <span class='ocrx_word' id='word_1_211' title='bbox 486 1924 614 1962; x_wconf 84' lang='lat' dir='ltr'>millia</span> <span class='ocrx_word' id='word_1_212' title='bbox 632 1924 823 1973; x_wconf 79' lang='lat' dir='ltr'>peditum,</span> <span class='ocrx_word' id='word_1_213' title='bbox 856 1924 934 1961; x_wconf 89' lang='lat' dir='ltr'>tria</span> <span class='ocrx_word' id='word_1_214' title='bbox 959 1925 1139 1974; x_wconf 88' lang='lat' dir='ltr'>equitum</span> <span class='ocrx_word' id='word_1_215' title='bbox 1157 1925 1402 1971; x_wconf 74' lang='lat' dir='ltr'>confecisset,</span> <span class='ocrx_word' id='word_1_216' title='bbox 1434 1938 1513 1961; x_wconf 89' lang='lat' dir='ltr'>non</span> 
     </span>
     <span class='ocr_line' id='line_1_27' title="bbox 80 1995 1515 2046; baseline 0.001 -14"><span class='ocrx_word' id='word_1_217' title='bbox 80 1998 212 2033; x_wconf 84' lang='lat' dir='ltr'>tamen</span> <span class='ocrx_word' id='word_1_218' title='bbox 244 2000 334 2034; x_wconf 86' lang='lat' dir='ltr'>ante</span> <span class='ocrx_word' id='word_1_219' title='bbox 366 1996 581 2034; x_wconf 87' lang='lat' dir='ltr'>adventum</span> <span class='ocrx_word' id='word_1_220' title='bbox 600 1995 796 2045; x_wconf 81' lang='lat' dir='ltr'>Syphacis</span> <span class='ocrx_word' id='word_1_221' title='bbox 829 1999 958 2033; x_wconf 81' lang='lat' dir='ltr'>castra</span> <span class='ocrx_word' id='word_1_222' title='bbox 984 1997 1150 2046; x_wconf 87' lang='lat' dir='ltr'>propius</span> <span class='ocrx_word' id='word_1_223' title='bbox 1174 1997 1326 2034; x_wconf 88' lang='lat' dir='ltr'>hostem</span> <span class='ocrx_word' id='word_1_224' title='bbox 1358 2010 1515 2034; x_wconf 85' lang='lat' dir='ltr'>movere</span> 
     </span>
     <span class='ocr_line' id='line_1_28' title="bbox 80 2067 1587 2119; baseline -0.001 -15"><span class='ocrx_word' id='word_1_225' title='bbox 80 2071 140 2104; x_wconf 86' lang='lat' dir='ltr'>est</span> <span class='ocrx_word' id='word_1_226' title='bbox 170 2081 301 2106; x_wconf 85' lang='lat' dir='ltr'>ausus.</span> <span class='ocrx_word' id='word_1_227' title='bbox 349 2068 511 2118; x_wconf 86' lang='lat' dir='ltr'>Syphax</span> <span class='ocrx_word' id='word_1_228' title='bbox 542 2083 628 2106; x_wconf 72' lang='lat' dir='ltr'>culn</span> <span class='ocrx_word' id='word_1_229' title='bbox 655 2067 949 2117; x_wconf 84' lang='lat' dir='ltr'>quinquaginta</span> <span class='ocrx_word' id='word_1_230' title='bbox 966 2069 1144 2106; x_wconf 88' lang='lat' dir='ltr'>millibus</span> <span class='ocrx_word' id='word_1_231' title='bbox 1167 2069 1361 2119; x_wconf 89' lang='lat' dir='ltr'>peditum,</span> <span class='ocrx_word' id='word_1_232' title='bbox 1386 2069 1517 2106; x_wconf 86' lang='lat' dir='ltr'>decem</span> <span class='ocrx_word' id='word_1_233' title='bbox 1543 2067 1587 2103; x_wconf 87' lang='lat' dir='ltr'>ll</span> 
     </span>
     <span class='ocr_line' id='line_1_29' title="bbox 83 2140 1515 2190; baseline 0 -14"><span class='ocrx_word' id='word_1_234' title='bbox 83 2140 265 2189; x_wconf 90' lang='lat' dir='ltr'>equitum</span> <span class='ocrx_word' id='word_1_235' title='bbox 310 2140 494 2187; x_wconf 85' lang='lat' dir='ltr'>advenit,</span> <span class='ocrx_word' id='word_1_236' title='bbox 543 2140 830 2188; x_wconf 85' lang='lat' dir='ltr'>confestimque</span> <span class='ocrx_word' id='word_1_237' title='bbox 876 2140 993 2176; x_wconf 87' lang='lat' dir='ltr'>motis</span> <span class='ocrx_word' id='word_1_238' title='bbox 1037 2154 1058 2176; x_wconf 87' lang='lat' dir='ltr'>a</span> <span class='ocrx_word' id='word_1_239' title='bbox 1091 2140 1334 2190; x_wconf 83' lang='lat' dir='ltr'>Carthagine</span> <span class='ocrx_word' id='word_1_240' title='bbox 1366 2140 1515 2186; x_wconf 70' lang='lat' dir='ltr'>castris,</span> 
     </span>
     <span class='ocr_line' id='line_1_30' title="bbox 79 2211 1585 2261; baseline -0.001 -13"><span class='ocrx_word' id='word_1_241' title='bbox 79 2211 186 2249; x_wconf 88' lang='lat' dir='ltr'>haud</span> <span class='ocrx_word' id='word_1_242' title='bbox 216 2213 358 2261; x_wconf 87' lang='lat' dir='ltr'>procul</span> <span class='ocrx_word' id='word_1_243' title='bbox 383 2213 504 2250; x_wconf 88' lang='lat' dir='ltr'>Utica</span> <span class='ocrx_word' id='word_1_244' title='bbox 536 2213 905 2261; x_wconf 88' lang='lat' dir='ltr'>munitionibusque</span> <span class='ocrx_word' id='word_1_245' title='bbox 932 2212 1126 2249; x_wconf 83' lang='lat' dir='ltr'>Romanis</span> <span class='ocrx_word' id='word_1_246' title='bbox 1160 2212 1352 2250; x_wconf 89' lang='lat' dir='ltr'>consedit.</span> <span class='ocrx_word' id='word_1_247' title='bbox 1409 2212 1585 2259; x_wconf 70' lang='lat' dir='ltr'>Quo-1⁴2</span> 
     </span>
     <span class='ocr_line' id='line_1_31' title="bbox 80 2277 1515 2333; baseline 0.001 -14"><span class='ocrx_word' id='word_1_248' title='bbox 80 2296 169 2320; x_wconf 81' lang='lat' dir='ltr'>rum</span> <span class='ocrx_word' id='word_1_249' title='bbox 201 2283 395 2322; x_wconf 80' lang='lat' dir='ltr'>adventus</span> <span class='ocrx_word' id='word_1_250' title='bbox 420 2277 515 2322; x_wconf 75' lang='lat' dir='ltr'>&#39;hoc</span> <span class='ocrx_word' id='word_1_251' title='bbox 554 2288 685 2322; x_wconf 91' lang='lat' dir='ltr'>tamen</span> <span class='ocrx_word' id='word_1_252' title='bbox 732 2284 921 2322; x_wconf 84' lang='lat' dir='ltr'>momenti</span> <span class='ocrx_word' id='word_1_253' title='bbox 951 2284 1068 2331; x_wconf 91' lang='lat' dir='ltr'>fecit,</span> <span class='ocrx_word' id='word_1_254' title='bbox 1116 2288 1159 2320; x_wconf 92' lang='lat' dir='ltr'>ut</span> <span class='ocrx_word' id='word_1_255' title='bbox 1192 2283 1347 2333; x_wconf 86' lang='lat' dir='ltr'>Scipio,</span> <span class='ocrx_word' id='word_1_256' title='bbox 1394 2297 1515 2333; x_wconf 88' lang='lat' dir='ltr'>quum</span> 
     </span>
     <span class='ocr_line' id='line_1_32' title="bbox 81 2354 1517 2406; baseline 0.001 -14"><span class='ocrx_word' id='word_1_257' title='bbox 81 2354 349 2404; x_wconf 84' lang='lat' dir='ltr'>quadraginta</span> <span class='ocrx_word' id='word_1_258' title='bbox 372 2357 495 2394; x_wconf 87' lang='lat' dir='ltr'>ferme</span> <span class='ocrx_word' id='word_1_259' title='bbox 522 2356 606 2393; x_wconf 89' lang='lat' dir='ltr'>dies</span> <span class='ocrx_word' id='word_1_260' title='bbox 633 2356 897 2406; x_wconf 88' lang='lat' dir='ltr'>nequicquam</span> <span class='ocrx_word' id='word_1_261' title='bbox 925 2357 1054 2393; x_wconf 83' lang='lat' dir='ltr'>onmia</span> <span class='ocrx_word' id='word_1_262' title='bbox 1072 2357 1278 2405; x_wconf 83' lang='lat' dir='ltr'>experiens</span> <span class='ocrx_word' id='word_1_263' title='bbox 1296 2356 1517 2393; x_wconf 87' lang='lat' dir='ltr'>obsedisset</span> 
     </span>
     <span class='ocr_line' id='line_1_33' title="bbox 80 2426 1582 2477; baseline -0.001 -12"><span class='ocrx_word' id='word_1_264' title='bbox 80 2426 252 2475; x_wconf 85' lang='lat' dir='ltr'>Uticam,</span> <span class='ocrx_word' id='word_1_265' title='bbox 283 2428 515 2466; x_wconf 86' lang='lat' dir='ltr'>abscederet</span> <span class='ocrx_word' id='word_1_266' title='bbox 545 2428 636 2466; x_wconf 89' lang='lat' dir='ltr'>inde</span> <span class='ocrx_word' id='word_1_267' title='bbox 668 2428 787 2465; x_wconf 86' lang='lat' dir='ltr'>irrito</span> <span class='ocrx_word' id='word_1_268' title='bbox 820 2428 990 2477; x_wconf 87' lang='lat' dir='ltr'>incepto.</span> <span class='ocrx_word' id='word_1_269' title='bbox 1045 2428 1098 2465; x_wconf 87' lang='lat' dir='ltr'>Et</span> <span class='ocrx_word' id='word_1_270' title='bbox 1128 2427 1221 2476; x_wconf 87' lang='lat' dir='ltr'>(iam</span> <span class='ocrx_word' id='word_1_271' title='bbox 1254 2429 1357 2465; x_wconf 87' lang='lat' dir='ltr'>enim</span> <span class='ocrx_word' id='word_1_272' title='bbox 1388 2428 1512 2465; x_wconf 79' lang='lat' dir='ltr'>hiems</span> <span class='ocrx_word' id='word_1_273' title='bbox 1534 2428 1582 2463; x_wconf 79' lang='lat'>13</span> 
     </span>
     <span class='ocr_line' id='line_1_34' title="bbox 82 2498 1514 2553; baseline -0.001 -16"><span class='ocrx_word' id='word_1_274' title='bbox 82 2498 279 2553; x_wconf 87' lang='lat' dir='ltr'>instabat)</span> <span class='ocrx_word' id='word_1_275' title='bbox 311 2503 440 2538; x_wconf 85' lang='lat' dir='ltr'>castra</span> <span class='ocrx_word' id='word_1_276' title='bbox 470 2500 640 2537; x_wconf 87' lang='lat' dir='ltr'>hiberna</span> <span class='ocrx_word' id='word_1_277' title='bbox 658 2500 697 2537; x_wconf 92' lang='lat' dir='ltr'>in</span> <span class='ocrx_word' id='word_1_278' title='bbox 715 2500 1006 2549; x_wconf 89' lang='lat' dir='ltr'>promuntorio,</span> <span class='ocrx_word' id='word_1_279' title='bbox 1038 2500 1144 2549; x_wconf 87' lang='lat' dir='ltr'>quod</span> <span class='ocrx_word' id='word_1_280' title='bbox 1170 2500 1280 2536; x_wconf 89' lang='lat' dir='ltr'>tenui</span> <span class='ocrx_word' id='word_1_281' title='bbox 1304 2501 1398 2549; x_wconf 90' lang='lat' dir='ltr'>iugo</span> <span class='ocrx_word' id='word_1_282' title='bbox 1425 2512 1514 2536; x_wconf 89' lang='lat' dir='ltr'>con-</span> 
     </span>
     <span class='ocr_line' id='line_1_35' title="bbox 81 2571 1516 2621; baseline -0.001 -12"><span class='ocrx_word' id='word_1_283' title='bbox 81 2572 227 2609; x_wconf 85' lang='lat' dir='ltr'>tinenti</span> <span class='ocrx_word' id='word_1_284' title='bbox 268 2572 475 2610; x_wconf 74' lang='lat' dir='ltr'>adhaerens</span> <span class='ocrx_word' id='word_1_285' title='bbox 522 2572 562 2609; x_wconf 90' lang='lat' dir='ltr'>in</span> <span class='ocrx_word' id='word_1_286' title='bbox 609 2572 857 2621; x_wconf 88' lang='lat' dir='ltr'>aliquantum</span> <span class='ocrx_word' id='word_1_287' title='bbox 905 2572 1024 2608; x_wconf 78' lang='lat' dir='ltr'>maris</span> <span class='ocrx_word' id='word_1_288' title='bbox 1070 2572 1241 2621; x_wconf 84' lang='lat' dir='ltr'>spatium</span> <span class='ocrx_word' id='word_1_289' title='bbox 1275 2571 1516 2618; x_wconf 82' lang='lat' dir='ltr'>extenditur,</span> 
     </span>
    </p>
   </div>
   <div class='ocr_carea' id='block_1_3' title="bbox 83 2642 1585 2692">
    <p class='ocr_par' dir='ltr' id='par_1_4' title="bbox 83 2642 1585 2692">
     <span class='ocr_line' id='line_1_36' title="bbox 83 2642 1585 2692; baseline -0.001 -12"><span class='ocrx_word' id='word_1_290' title='bbox 83 2643 312 2682; x_wconf 89' lang='lat' dir='ltr'>communit.</span> <span class='ocrx_word' id='word_1_291' title='bbox 362 2644 453 2681; x_wconf 71' lang='lat' dir='ltr'>Uno</span> <span class='ocrx_word' id='word_1_292' title='bbox 485 2644 592 2681; x_wconf 87' lang='lat' dir='ltr'>vallo</span> <span class='ocrx_word' id='word_1_293' title='bbox 625 2646 665 2680; x_wconf 84' lang='lat' dir='ltr'>et</span> <span class='ocrx_word' id='word_1_294' title='bbox 694 2643 855 2681; x_wconf 84' lang='lat' dir='ltr'>navalia</span> <span class='ocrx_word' id='word_1_295' title='bbox 887 2646 926 2680; x_wconf 85' lang='lat' dir='ltr'>et</span> <span class='ocrx_word' id='word_1_296' title='bbox 949 2646 1078 2680; x_wconf 80' lang='lat' dir='ltr'>castra</span> <span class='ocrx_word' id='word_1_297' title='bbox 1110 2643 1383 2692; x_wconf 76' lang='lat' dir='ltr'>ainplectitur3</span> <span class='ocrx_word' id='word_1_298' title='bbox 1419 2643 1512 2692; x_wconf 86' lang='lat' dir='ltr'>iugo</span> <span class='ocrx_word' id='word_1_299' title='bbox 1536 2642 1585 2678; x_wconf 75' lang='lat'>14</span> 
     </span>
    </p>
   </div>
  </div>
 </body>
</html>
