1789 2955
472 49 587 84 Liber
612 48 735 83 XXX.
784 49 846 92 (A.
873 48 937 82 Ch.
962 47 1172 88 203—202.)
1458 48 1535 86 251

110 189 229 225 quem
258 175 409 214 vellent
440 176 481 214 in
513 174 655 214 Africa
689 174 839 213 bellum
870 187 1019 225 gerere.
1067 172 1212 211 Omnes
1236 173 1366 211 tribus
1394 173 1440 210 P.
1459 170 1543 209 Sci·
1563 172 1587 209 4

115 248 273 298 pionem
306 247 516 285 iusserunt.
563 247 704 285 Nihilo
737 247 865 284 minus
897 246 1075 284 consules
1100 245 1342 295 provinciam
1361 244 1541 282 Africam

110 319 184 366 (ita
229 319 335 355 enim
381 322 540 357 senatus
586 319 832 368 decreverat)
880 318 919 355 in
965 321 1111 355 sortem
1152 316 1418 354 coniecerunt.
1479 315 1539 353 Ti.
1564 314 1587 352 5

111 389 277 428 Claudio
297 389 439 428 Africa
456 390 600 440 evenit,
631 393 677 427 ut
702 390 994 440 quinquaginta
1021 389 1181 427 navium
1198 388 1374 434 classem,
1405 400 1540 425 omnes

110 462 431 511 quinqueremes,
462 462 502 498 in
526 461 709 499 Africam
741 461 960 507 traiiceret,
991 461 1160 510 parique
1192 459 1358 509 imperio
1390 472 1475 495 cum
1493 458 1539 495 P.

114 532 303 584 Scipione
320 533 570 584 [imperator]
589 536 713 580 esset3
738 532 794 570 M.
812 532 1008 570 Servilius
1026 532 1230 569 Etruriam
1255 531 1433 568 sortitus.
1493 530 1541 566 In
1566 530 1589 567 6

109 605 244 643 eadem
277 605 485 655 provincia
518 608 557 642 et
584 604 626 642 C.
654 603 824 642 Servilio
855 607 1112 654 prorogatum
1136 603 1357 653 imperium,
1388 603 1421 639 si
1452 616 1541 640 con-

113 677 238 714 sulem
285 689 446 714 manere
492 677 540 714 ad
586 676 724 714 urbem
771 680 910 713 senatu
951 676 1177 725 placuisset.
1237 674 1456 721 Praetores,
1488 674 1586 713 M.7

109 747 273 785 Sextius
291 746 467 785 Galliam
500 752 558 785 est
589 748 767 794 sortitus,
799 750 843 785 ut
873 747 971 785 duas
1006 748 1183 796 legiones
1214 746 1541 796 provinciamque

106 819 287 857 traderet
334 820 369 856 ei
419 820 467 856 P.
500 819 744 866 Quinctilius
783 819 933 865 Varus,
979 820 1020 857 C.
1053 819 1194 856 Livius
1224 818 1408 856 Bruttios
1453 831 1540 854 cum

108 890 262 929 duabus
304 891 539 940 legionibus,
583 892 729 941 quibus
760 891 806 930 P.
839 889 1099 941 Sempronius
1145 890 1359 940 proconsul
1405 889 1540 939 priore

112 976 214 1001 anno
245 963 481 1013 praefuerat3
513 962 841 1000 Cn.Tremellius
859 961 1050 1009 Siciliam,
1081 966 1126 1000 ut
1157 976 1179 1000 a
1210 962 1258 999 P.
1291 961 1420 999 Villio
1439 960 1541 1010 Tap·
1560 960 1585 997 8

109 1035 216 1085 pulo,
248 1038 418 1085 praetore
448 1035 596 1085 prioris
628 1035 735 1083 anni,
767 1035 1013 1084 provinciam
1036 1037 1074 1071 et
1107 1034 1204 1071 duas
1230 1034 1406 1083 legiones
1438 1033 1539 1070 acci-

105 1109 241 1157 peret;
275 1106 426 1144 Villius
459 1120 531 1156 pro
562 1109 735 1156 praetore
766 1106 912 1155 viginti
943 1106 1114 1144 navibus
1161 1106 1310 1154 longis,
1342 1105 1539 1142 militibus

108 1178 219 1216 mille
250 1191 360 1216 oram
391 1177 541 1216 Siciliae
572 1181 790 1225 tutaretur;
822 1177 875 1215 M.
908 1177 1154 1227 Pomponius
1193 1170 1539 1226 viginti-navibus
1560 1176 1583 1213 9

106 1250 271 1300 reliquis
303 1250 410 1287 mille
442 1253 482 1287 et
528 1250 765 1299 quingentos
811 1249 959 1287 milites
992 1249 1159 1287 Romam
1191 1248 1432 1298 deportaret.
1494 1248 1537 1286 C.

105 1321 278 1360 Aurelio
311 1321 438 1360 Oottae
462 1322 616 1359 urbana
641 1321 782 1358 evenit.
830 1320 986 1358 Ceteris
1002 1321 1072 1367 ita,
1103 1321 1163 1358 uti
1188 1321 1357 1370 quisque
1385 1319 1538 1357 obtine-

107 1394 206 1432 bant
249 1394 480 1444 provincias
525 1393 823 1443 exercitusque,
855 1395 1072 1442 prorogata
1117 1392 1297 1442 imperia.
1358 1391 1541 1429 Sedecim
1566 1390 1616 1429 10

107 1479 186 1504 non
218 1466 390 1516 amplius
422 1480 467 1504 eo
499 1479 602 1503 anno
634 1464 863 1514 legionibus
895 1464 1099 1502 defensum
1131 1464 1344 1514 imperium
1372 1467 1442 1501 est.
1487 1463 1541 1501 Et
1562 1463 1610 1501 ll

108 1541 153 1575 ut
182 1538 350 1588 placatis
382 1538 443 1575 dis
475 1538 608 1575 omnia
639 1537 861 1586 inciperent
892 1539 1153 1586 agerentque,
1192 1536 1321 1583 ludos,
1355 1549 1454 1585 quos
1485 1536 1540 1573 M.

106 1609 276 1647 Claudio
294 1609 500 1657 Marcello,
532 1609 577 1647 Τ.
611 1609 799 1656 Quinctio
833 1608 1062 1645 consulibus
1089 1607 1133 1644 T.
1152 1608 1328 1645 Manlius
1354 1607 1540 1654 dictator,

106 1695 285 1732 quasque
316 1682 467 1720 hostias
497 1682 669 1719 maiores
699 1683 885 1730 voverat,
933 1681 965 1717 si
1010 1693 1082 1730 per
1113 1680 1431 1729 quinquennium
1476 1693 1539 1717 res

109 1754 271 1804 publica
303 1753 440 1792 eodem
472 1757 579 1791 statu
610 1753 774 1799 fuisset,
819 1754 863 1789 ut
901 1765 967 1789 eos
1014 1751 1130 1789 ludos
1162 1752 1360 1798 consules,
1407 1751 1536 1801 prius-

107 1839 226 1876 quam
271 1825 322 1864 ad
366 1826 516 1863 bellum
558 1825 920 1875 proficiscerentur,
951 1824 1138 1861 facerent.
1198 1823 1305 1861 Ludi
1346 1823 1386 1860 in
1433 1823 1538 1860 circo
1565 1822 1614 1859 12

106 1911 178 1948 per
195 1897 452 1948 quatriduum
476 1898 583 1944 facti,
615 1897 845 1946 hostiaeque,
877 1895 1023 1946 quibus
1048 1899 1150 1933 votae
1177 1898 1302 1942 erant,
1334 1895 1395 1932 dis
1414 1907 1536 1934 caesae.

218 1970 331 2008 Inter
362 1970 447 2007 haec
479 1970 597 2007 simul
629 1982 730 2020 spes,
763 1968 880 2007 simul
908 1980 1004 2004 cura
1033 1968 1074 2004 in
1106 1967 1192 2005 dies
1225 1967 1438 2013 crescebat,
1471 1980 1542 2004 nec
1631 1961 1688 2011 28

106 2043 202 2081 satis
247 2045 399 2080 certum
445 2044 624 2080 constare
669 2042 775 2091 apud
808 2040 960 2078 animos
991 2042 1168 2089 poterat,
1212 2042 1344 2076 utrum
1392 2038 1539 2088 gaudio

106 2113 267 2164 dignius
299 2118 422 2161 esset,
452 2113 725 2151 Hannibalem
756 2116 847 2163 post
884 2115 1038 2150 sextum
1070 2111 1265 2148 decimum
1303 2124 1450 2148 annum
1491 2123 1539 2147 ex

107 2185 233 2224 Italia
249 2185 507 2224 decedentem
532 2199 697 2224 vacuam
723 2185 1013 2235 possessionem
1045 2183 1128 2221 eius
1152 2183 1366 2233 reliquisse
1390 2182 1539 2232 populo

106 2257 307 2305 Romano,
338 2272 388 2295 an
418 2258 544 2307 magis
575 2256 854 2303 metuendum,
900 2255 1007 2306 quod
1054 2255 1244 2293 incolumi
1290 2254 1466 2292 exercitu
1499 2254 1538 2291 in

107 2329 288 2368 Africam
318 2330 550 2368 transisset:
584 2330 712 2367 locum
740 2328 940 2375 nimirum,
972 2341 1049 2365 non
1074 2326 1298 2377 periculum
1324 2329 1539 2371 mutatum
1560 2325 1582 2361 2

108 2401 222 2440 cuius
251 2405 373 2440 tantae
420 2401 691 2440 dimicationis
736 2403 887 2446 vatem,
935 2400 1004 2449 qui
1050 2412 1176 2448 nuper
1215 2398 1459 2444 decessisset,
1493 2397 1539 2444 Q.

109 2473 280 2512 Fabium
310 2472 418 2511 haud
448 2474 597 2511 frustra
628 2485 769 2511 canere
800 2472 976 2518 solitum,
1005 2471 1229 2519 graviorem
1260 2470 1301 2506 in
1334 2482 1405 2506 sua
1428 2472 1537 2506 terra

108 2546 285 2583 futurum
316 2546 469 2584 hostem
500 2544 781 2591 Hannibalem,
827 2556 944 2593 quam
992 2542 1033 2579 iu
1082 2541 1215 2579 aliena
1245 2541 1397 2578 fuisset.
1459 2539 1542 2578 Nec
1563 2540 1586 2577 3
