1789 2955
268 66 321 103 42
667 63 782 99 Liber
807 63 953 99 XXVI.
1002 66 1063 108 (A.
1089 77 1124 100 u.
1150 77 1179 101 c.
1203 68 1299 111 544.)

268 189 384 236 iecto,
428 193 473 227 ut
503 191 632 240 prima
663 193 733 228 aut
764 191 868 228 inter
898 192 1049 241 primos
1079 195 1239 231 nomina
1269 208 1340 233 sua
1369 196 1521 233 vellent
1551 196 1590 233 in
1625 209 1698 246 pu·

267 261 382 299 blicis
412 262 560 300 tabulis
599 275 694 309 esse,
733 265 779 299 ut
815 277 886 300 nec
924 265 1127 302 triumviri
1168 267 1403 315 accipiundo
1445 280 1518 305 nec
1558 268 1698 306 scribae

198 334 248 371 12
267 333 481 371 referundo
534 334 772 373 sufficerent.
849 335 970 372 Hunc
1023 349 1254 373 consensum
1304 341 1463 375 senatus
1517 343 1699 388 equester

270 405 366 444 ordo
405 408 465 442 est
504 409 674 451 secutus,
722 406 918 454 equestris
959 407 1116 444 ordinis
1156 408 1284 457 plebs.
1346 409 1410 446 Ita
1441 410 1525 446 sine
1555 409 1700 457 edicto,

270 477 354 514 sine
407 477 648 514 coercitione
689 477 947 525 magistratus
994 492 1067 516 nec
1111 480 1259 529 remige
1302 480 1341 517 in
1381 481 1700 530 supplementum

269 562 341 585 nec
372 549 574 598 stipendio
606 563 669 586 res
700 549 861 598 publica
894 550 1020 597 eguit3
1057 551 1285 600 paratisque
1317 552 1502 589 omnibus
1533 553 1582 589 ad
1615 553 1699 590 bel-

270 620 363 666 lum,
394 620 575 657 consules
607 621 646 656 in
679 621 907 669 provincias
938 622 1106 670 profecti
1137 626 1239 661 sunt.

125 687 178 736 37
380 691 521 740 Neque
553 692 661 728 aliud
695 692 851 742 [magis]
883 698 1038 742 tempus
1069 693 1166 731 belli
1206 694 1292 741 fuit,
1333 708 1410 745 quo
1444 695 1698 744 Carthagini-

273 776 387 800 enses
403 763 653 812 Romanique
684 764 834 813 pariter
865 765 987 801 variis
1022 765 1180 802 casibus
1212 766 1384 803 immixti
1415 768 1542 816 magis
1569 767 1608 803 in
1633 781 1700 804 an—

225 834 387 884 20ipiti
429 849 498 884 spe
536 849 580 872 ac
620 839 727 872 metu
767 836 926 873 fuerint.
987 836 1089 873 Nam
1119 836 1311 874 Romanis
1343 841 1382 874 et
1412 839 1450 875 in
1484 839 1703 888 provinciis

270 907 361 943 hinc
396 907 433 942 iu
467 907 666 956 Hispania
696 906 872 944 adversae
905 921 979 953 res,
1022 908 1114 946 hinc
1145 922 1346 958 prosperae
1376 910 1416 946 in
1450 909 1588 947 Sicilia
1619 910 1701 948 luc·

227 978 352 1015 3tum
399 982 436 1015 et
484 979 665 1015 laetitiam
703 979 958 1019 miscuerant,
1006 984 1045 1016 et
1083 980 1122 1016 in
1162 980 1284 1018 Italia
1321 994 1440 1030 quum
1483 981 1701 1019 Tarentum

272 1051 458 1088 amissum
505 1050 648 1088 damno
695 1055 733 1087 et
774 1050 914 1096 dolori,
959 1055 1042 1087 tum
1081 1064 1152 1087 arx
1193 1066 1278 1089 cum
1317 1053 1507 1102 praesidio
1545 1057 1702 1092 retenta

228 1121 414 1171 4praeter
454 1136 560 1171 spem
602 1121 750 1171 gaudio
788 1123 874 1166 fuit,
921 1126 958 1158 et
997 1127 1190 1160 terrorem
1229 1124 1404 1161 subitum
1434 1137 1701 1174 pavoremque

270 1193 381 1230 urbis
413 1194 551 1231 Romae
583 1196 751 1232 obsessae
784 1199 822 1231 et-
853 1199 1093 1244 oppugnatae
1126 1194 1263 1245 Capua
1299 1200 1391 1245 post
1431 1196 1515 1240 dies
1555 1209 1701 1246 paucos

226 1263 249 1301 5
272 1268 387 1314 capta
425 1266 464 1302 in
507 1266 688 1303 laetitiam
727 1268 861 1306 vei-tit.
924 1267 1216 1304 Transmarinae
1249 1281 1405 1317 quoque
1437 1282 1498 1306 res
1531 1268 1702 1317 quadam

269 1337 355 1374 vice
387 1341 580 1387 pensatae:
628 1339 844 1388 Philippus
876 1339 1000 1376 hostis
1023 1342 1201 1388 tempore
1226 1340 1332 1377 haud
1357 1341 1453 1377 satis
1477 1344 1700 1389 opportuno

270 1410 410 1455 factus,
456 1409 584 1446 AEtoli
626 1412 716 1448 novi
759 1411 901 1447 adsciti
940 1411 1038 1447 socii
1071 1411 1313 1460 Attalusque
1345 1412 1456 1448 Asiae
1495 1424 1576 1457 rex,
1622 1412 1700 1449 iam

227 1480 379 1518 ssvelut
411 1481 685 1530 despondente
717 1484 877 1518 fortuna
908 1482 1099 1519 Romanis
1132 1483 1345 1531 imperium
1380 1484 1559 1520 orientis.
1606 1483 1700 1520 Car-

271 1552 542 1600 thaginienses
573 1567 731 1603 quoque
765 1554 910 1603 (fapuae
943 1555 1095 1591 amissae
1128 1554 1343 1592 Tarentum
1377 1559 1533 1604 captum
1572 1567 1700 1603 aequa-

271 1624 380 1665 bant.
429 1629 468 1661 et
506 1629 550 1662 ut
592 1626 641 1662 ad
682 1626 828 1663 moenia
865 1626 977 1662 urbis
1007 1626 1195 1663 Romanae
1238 1626 1348 1664 nullo
1386 1626 1620 1676 prohibente
1661 1638 1702 1663 se

229 1695 502 1746 7pervenisse
550 1698 588 1734 in
636 1698 767 1746 gloria
812 1698 1024 1747 ponebant,
1079 1698 1137 1734 ita
1181 1698 1347 1747 pigebat
1393 1699 1496 1735 irriti
1543 1697 1703 1747 incepti,

270 1768 528 1818 pudebatque
560 1769 659 1806 adeo
692 1783 732 1807 se
763 1774 928 1818 spretos,
967 1773 1022 1815 ut,
1053 1769 1282 1807 sedentibus
1313 1770 1409 1819 ipsis
1441 1769 1489 1806 ad
1522 1769 1703 1807 Romana

270 1841 426 1887 moenia,
454 1841 534 1878 alia
560 1846 675 1891 porta
700 1841 899 1878 exercitus
915 1841 1120 1878 Romanus
1147 1842 1186 1878 in
1215 1842 1453 1891 Hispaniam
1478 1841 1700 1880 duceretur.

226 1911 374 1961 81psae
406 1926 565 1962 quoque
596 1913 819 1963 Hispaniae,
865 1927 942 1962 quo
983 1913 1150 1963 propius
1187 1926 1295 1962 spem
1334 1916 1534 1959 venerant,
1579 1912 1703 1950 tantis

273 1983 428 2021 duobus
464 1985 634 2022 (lucibus
659 1985 983 2034 exercitibusque
1009 1985 1120 2022 caesis
1144 1985 1384 2021 debellatum
1412 1985 1469 2022 ibi
1497 1998 1541 2021 ac
1566 1985 1703 2034 pulsos

273 2055 367 2092 inde
384 2056 585 2093 Romanos
610 2070 702 2103 esse,
729 2069 775 2093 eo
800 2057 898 2106 plus,
923 2056 973 2094 ab
991 2056 1035 2094 L.
1053 2057 1219 2103 Marcio,
1241 2056 1501 2093 tumultuario
1519 2056 1628 2101 duce,
1652 2055 1703 2092 ad

272 2140 418 2164 vanum
435 2132 474 2165 et
491 2128 648 2165 irritum
665 2128 875 2166 victoriam
891 2129 1093 2165 redactam
1118 2142 1212 2167 esse.
1239 2128 1527 2175 indignationis
1551 2128 1702 2176 praebe-

230 2199 254 2236 9
272 2198 379 2236 bant.
425 2199 490 2236 Ita
514 2204 696 2249 aequante
720 2201 891 2247 fortuna,
909 2214 1100 2250 suspensa
1117 2200 1249 2237 omnia
1265 2199 1444 2248 utrisque
1462 2203 1586 2244 erant,
1603 2199 1702 2236 inte-

276 2283 348 2319 gra
359 2284 440 2320 spe,
450 2272 606 2320 integro
617 2276 734 2316 metu,
745 2273 855 2308 velut
863 2273 931 2309 illo
943 2276 1121 2321 tempore
1131 2272 1301 2321 primum
1310 2271 1457 2307 bellum
1468 2270 1702 2320 inciperent.

125 2337 180 2387 38
382 2343 654 2381 Hannibalem
685 2347 775 2381 ante
803 2344 933 2380 omnia
958 2344 1142 2390 angebat,
1173 2342 1278 2392 quod
1302 2342 1438 2392 Capua
1461 2342 1704 2391 pertinacius

275 2419 506 2464 oppugnata
537 2416 585 2452 ab
610 2415 799 2453 Romanis
831 2429 945 2464 quain
982 2416 1143 2451 defensa
1173 2416 1222 2452 ab
1254 2428 1294 2452 se
1326 2413 1538 2450 multorum
1572 2413 1703 2450 Italiae

233 2487 256 2523 2
275 2487 514 2536 populorum
545 2487 699 2524 animos
731 2491 938 2529 averterat,
980 2500 1077 2535 quos
1118 2499 1245 2535 neque
1277 2499 1410 2522 omnes
1439 2489 1574 2521 tenere
1605 2497 1704 2534 prae-

274 2558 404 2605 sienis,
444 2559 519 2596 nisi
550 2559 671 2596 vellet
701 2559 740 2596 in
772 2559 917 2595 multas
948 2571 1170 2607 parvasque
1201 2561 1334 2607 partes
1365 2569 1526 2606 carpere
1557 2556 1702 2594 exerci-

274 2633 370 2677 tum,
411 2631 518 2680 quod
560 2630 724 2668 minime
763 2633 848 2667 tum
888 2629 1135 2679 expediebat,
1181 2631 1347 2678 poterat,
1394 2640 1477 2673 nec,
1523 2627 1702 2664 deductis
