1789 2955
489 69 605 104 Liber
626 68 750 103 XXX.
795 70 854 112 (A.
877 68 941 102 Ch.
963 70 1056 112 203.)
1409 73 1488 111 237

55 194 318 244 navigaverit,
350 195 592 242 Hasdrubal,
625 196 841 234 Poenorum
875 196 1116 246 imperator,
1151 209 1228 234 non
1262 197 1346 246 ipse
1378 197 1493 236 modo
1512 197 1535 234 5

57 266 107 303 ad
139 279 226 304 eum
259 266 298 303 in
329 279 496 315 regnum
526 269 698 314 venerit,
745 268 813 305 sed
845 269 964 306 etiam
997 268 1121 305 filiam
1154 269 1191 306 ei
1222 272 1390 319 nuptum
1423 269 1488 307 de-

59 337 175 375 derit.
220 337 423 376 Habuisse
456 351 544 376 eum
576 353 655 377 uno
678 343 856 389 tempore
883 340 923 377 in
957 343 1156 390 potestate
1189 340 1288 378 duos
1321 341 1489 390 impera-

57 411 180 455 tores,
210 408 377 446 Poenum
396 409 711 460 Romanumque.
761 411 876 449 Sicut
899 412 948 449 ab
984 412 1047 449 dis
1079 413 1369 450 immortalibus
1401 414 1532 462 parsfi

56 483 228 530 utraque
260 480 405 518 hostiis
436 482 654 519 mactandis
687 495 824 532 pacem
856 484 1034 533 petisset,
1065 484 1121 521 ita
1152 485 1201 522 ab
1234 498 1278 522 eo
1304 485 1492 534 utrinque

57 553 212 603 pariter
243 552 460 590 amicitiam
503 554 680 602 petitam.
741 554 828 592 Iam
874 558 1007 593 tantas
1057 556 1244 594 habuisse
1291 569 1406 606 opeS,
1452 557 1534 593 ut7

57 623 314 662 Masinissam
346 637 470 672 regno
502 625 659 674 pulsum
700 639 744 664 eo
775 626 997 675 redegerit,
1042 632 1088 665 ut
1131 628 1214 665 vita
1259 627 1344 665 eius
1390 628 1494 664 fama

59 696 197 734 mortis
229 698 267 732 et
296 696 476 741 latebris,
524 697 697 734 ferarum
745 698 861 736 modo
909 699 950 735 in
983 699 1098 736 silvis
1144 703 1259 749 rapto
1305 699 1491 745 viventis.

61 771 278 816 tegeretur.
339 767 417 804 His
448 769 699 806 sermonibus
725 770 1065 808 circumstantium
1098 771 1318 809 celebratus
1350 784 1422 808 rex
1454 772 1537 808 in8

64 840 301 890 praetorium
333 838 385 876 ad
416 837 643 889 Scipionem
675 844 734 878 est
764 842 994 891 perductus.
1041 843 1173 881 Movit
1199 846 1238 881 et
1262 841 1491 892 Scipionem

59 924 179 961 quum
225 912 386 949 fortuna
431 911 604 961 pristina
648 912 725 950 viri
772 915 958 962 praesenti
1002 915 1172 952 fortunae
1211 915 1375 962 collata,
1406 918 1491 952 tum

57 982 283 1021 recordatio
327 983 496 1033 hospitii
543 984 771 1034 dextraeque
818 985 922 1023 datae
969 989 1007 1023 et
1052 986 1212 1024 foederis
1254 987 1415 1036 publice
1448 1000 1491 1023 ac

58 1054 250 1105 privatim
282 1055 420 1092 iuncti.
480 1056 630 1093 Eadem
678 1056 759 1093 haec
792 1060 831 1094 et
861 1056 1037 1107 Syphaci
1080 1059 1254 1096 animum
1298 1058 1536 1096 dederunt9

58 1127 99 1164 in
131 1126 372 1176 alloquendo
404 1127 570 1165 victore.
631 1128 732 1166 Nam
764 1142 884 1178 quum
918 1127 1073 1178 Scipio,
1106 1131 1204 1179 quid
1235 1130 1313 1168 sibi
1345 1131 1491 1168 voluis-

57 1202 127 1247 set,
161 1203 370 1248 quaereret,
402 1200 471 1249 qui
501 1213 580 1237 non
612 1200 843 1237 societatem
875 1201 1001 1238 solum
1029 1202 1233 1240 abnuisset
1256 1202 1491 1247 Romanam,

60 1270 130 1308 sed
163 1270 270 1308 ultro
300 1271 453 1308 bellum
484 1272 704 1319 intulisset,
749 1275 834 1309 tum
867 1272 937 1309 ille
969 1287 1153 1323 peccasse
1200 1273 1363 1323 quidem
1404 1286 1488 1311 sese
1509 1273 1558 1310 10

58 1345 179 1392 atque
211 1343 402 1380 insanisse
433 1344 648 1391 fatebatur,
678 1343 747 1381 sed
778 1357 857 1381 non
893 1348 978 1382 tum
1012 1346 1182 1393 demum,
1229 1358 1352 1395 quum
1384 1359 1492 1383 arma

58 1414 248 1452 adversus
271 1415 462 1464 populum
481 1414 704 1453 Romanum
729 1417 921 1466 cepisset;
953 1417 1102 1455 exitum
1133 1418 1194 1456 sui
1225 1418 1371 1455 furoris
1403 1431 1491 1454 eum

57 1486 195 1534 fuisse,
225 1499 305 1524 non
321 1487 585 1536 principium3
615 1491 699 1525 tum
734 1501 774 1526 se
792 1489 996 1535 insanisse,
1022 1492 1107 1526 tum
1131 1490 1308 1540 hospitia
1335 1490 1492 1539 privata
1512 1489 1559 1525 11

57 1561 98 1596 et
142 1558 308 1608 publica
352 1559 503 1597 foedera
549 1560 681 1597 omnia
719 1574 767 1597 ex
799 1561 931 1598 animo
965 1561 1138 1609 eiecisse,
1170 1575 1290 1612 quum
1325 1561 1492 1599 Cartha-

57 1629 278 1679 giniensem
325 1635 547 1669 matronam
602 1631 762 1669 domum
807 1633 1018 1682 acceperit.
1105 1633 1197 1670 Illis
1242 1633 1492 1683 nuptialibus
1513 1633 1561 1670 12

56 1702 210 1740 facibus
237 1702 393 1751 regiam
427 1703 692 1752 conflagrasse
731 1717 863 1750 suam;
910 1704 1021 1742 illam
1068 1705 1213 1743 furiam
1259 1708 1492 1755 pestemque

58 1774 242 1812 omnibus
274 1773 552 1812 delenimentis
585 1776 761 1812 animum
792 1789 904 1814 suum
922 1777 1115 1815 avertisse
1141 1779 1261 1826 atque
1286 1777 1493 1824 alienasse,

58 1859 131 1884 nec
162 1846 415 1896 conquiesse,
461 1846 588 1884 donec
636 1847 722 1897 ipsa
762 1849 946 1886 manibus
978 1849 1059 1886 suis
1089 1849 1242 1886 nefaria
1273 1849 1352 1886 sibi
1385 1861 1493 1886 arma

54 1917 246 1956 adversus
292 1918 490 1968 hospitem
536 1922 657 1969 atque
704 1920 872 1957 amicum
904 1919 1093 1959 induerit.
1155 1920 1325 1958 Perdito
1356 1924 1489 1958 tamen
1511 1919 1560 1957 13

56 1994 175 2040 atque
205 1989 354 2028 afflicto
386 1990 467 2028 sibi
485 1990 559 2028 hoc
586 1991 627 2027 in
652 1991 822 2029 miseriis
839 1992 972 2029 solatii
997 2005 1093 2039 esse,
1124 1993 1231 2042 quod
1256 1993 1297 2029 in
1316 1993 1492 2030 omnium

59 2061 262 2100 hominum
295 2062 565 2100 inimicissimi
597 2062 676 2100 sibi
707 2063 865 2101 domum
890 2077 934 2101 ac
959 2067 1121 2114 penates
1143 2064 1309 2102 eandem
1342 2067 1491 2114 pestem

60 2146 106 2171 ac
136 2134 283 2171 furiam
313 2134 505 2172 transisse
536 2134 679 2172 videat.
726 2135 866 2184 Neque
903 2136 1203 2186 prudentiorem
1234 2148 1363 2185 neque
1395 2148 1485 2173 con·
1508 2136 1560 2173 14

56 2206 292 2244 stantiorem
322 2206 577 2244 Masinissam
608 2220 727 2256 quam
761 2206 983 2257 Syphacem
1031 2222 1134 2256 esse,
1177 2208 1297 2246 etiam
1330 2208 1493 2246 iuventa

61 2277 342 2324 incautiorem;
389 2281 492 2315 certe
542 2279 706 2316 stultius
744 2279 858 2316 illuni
892 2282 1011 2329 atque
1045 2280 1374 2330 intemperantius
1405 2292 1490 2317 eam

59 2362 179 2399 quam
211 2362 251 2387 se
283 2349 454 2388 duxisse.
513 2350 613 2387 Haec
658 2364 738 2388 non
768 2351 907 2389 hostili
937 2352 1053 2390 modo
1085 2352 1199 2398 odio,
1246 2351 1314 2389 sed
1345 2351 1490 2389 amoris
1575 2347 1628 2394 14

58 2421 178 2459 etiam
194 2421 380 2469 stimulis,
411 2425 582 2459 amatam
610 2424 716 2472 apud
742 2424 925 2462 aemulum
950 2438 1126 2471 cernens,
1158 2436 1279 2474 quum
1312 2423 1491 2469 dixisset,

56 2506 137 2531 non
167 2492 360 2531 mediocri
394 2506 490 2532 cura
521 2492 725 2544 Scipionis
757 2495 930 2533 animum
963 2496 1129 2546 pepulit.
1182 2495 1236 2533 Et
1266 2494 1386 2532 fidem
1419 2495 1491 2531 cri·
1510 2495 1533 2530 2

57 2564 234 2602 minibus
269 2568 394 2615 raptae
418 2579 545 2616 prope
570 2566 675 2604 inter
691 2580 800 2605 arma
817 2567 980 2617 nuptiae,
1012 2579 1140 2616 neque
1166 2566 1345 2605 consulto
1364 2579 1492 2616 neque

67 2639 296 2686 exspectato
327 2635 474 2682 Laelio,
520 2638 718 2675 faciebant
764 2641 925 2687 tamque
964 2651 1140 2688 praeceps
1171 2638 1392 2685 festinatio,
1437 2640 1493 2685 ut,
