1789 2955
530 80 645 114 Liber
669 79 836 114 XXVII.
876 82 938 124 (A.
967 82 1032 118 eh.
1057 83 1152 120 207.)
1487 87 1563 124 119

130 206 238 256 quod
270 210 399 244 mente
432 220 571 257 capere
602 210 670 245 aut
695 208 791 245 satis
818 207 976 246 credere
994 211 1177 258 possent3
1209 212 1247 246 et
1279 210 1364 259 ipsa
1382 210 1563 248 celeritas

130 277 250 316 fidem
296 278 553 328 impediebat,
610 278 716 328 quod
761 279 884 316 biduo
930 284 1021 316 ante
1075 284 1295 329 pugnatum
1345 281 1564 319 dicebatur.

129 350 296 387 Litterae
328 350 471 388 deinde
504 351 552 387 ab
585 350 633 387 L.
662 350 818 387 Manlio
851 349 1027 389 Acidino
1061 352 1189 389 missae
1222 365 1268 388 ex
1299 353 1442 390 castris
1475 353 1608 391 affe—8

129 425 273 459 runtur
313 421 362 459 de
401 422 683 460 Narniensium
723 423 899 471 equitum
932 422 1117 460 adventu.
1178 423 1253 460 Hae
1300 424 1449 461 litterae
1495 428 1607 474 per9

127 494 257 531 forum
296 494 347 530 ad
385 494 567 531 tribunal
598 493 782 543 praetoris
828 494 919 530 latae
950 498 1129 532 senatum
1163 495 1273 532 curia
1304 496 1562 541 exciverunt;

127 568 321 615 tantoque
338 565 557 603 certamine
575 579 618 602 ac
638 566 813 603 tumultu
831 566 971 615 populi
1000 566 1049 602 ad
1065 567 1170 604 fores
1188 567 1309 604 curiae
1328 580 1562 605 concursum

127 641 202 688 est,
218 640 263 674 ut-
279 636 390 674 adire
406 637 571 674 nuntius
598 650 676 675 non
702 640 846 686 posset,
864 637 931 674 sed
947 638 1174 675 traheretur
1192 652 1214 676 a
1229 639 1562 688 percontantibus

125 709 532 758 vociferantibusque,
564 713 609 746 ut
640 709 678 745 in
711 708 851 746 rostris
883 709 995 758 prius
1022 723 1139 759 quam
1172 710 1212 747 in
1243 713 1384 748 senatu
1415 710 1562 747 litterae

124 781 404 819 recitarentur.
467 780 644 817 Tandem
687 781 872 818 summoti
918 783 958 817 et
997 782 1161 819 coerciti
1192 796 1214 819 a
1245 782 1562 831 magistratibus,
1584 782 1634 818 10

125 852 431 903 dispensarique
449 852 594 889 laetitia
612 852 718 889 inter
750 853 990 902 impotentes
1023 853 1110 890 eius
1141 854 1294 892 animos
1324 854 1468 904 potuit.
1515 853 1563 890 In
1585 853 1631 889 11

128 928 270 962 senatu
301 925 486 974 primum,
518 923 661 962 deinde
694 924 734 961 in
769 924 954 962 contione
993 925 1138 962 litterae
1170 926 1346 963 recitatae
1378 928 1488 971 sunt3
1522 929 1558 962 et

125 1010 199 1046 pro
217 996 408 1047 cuiusque
425 996 587 1046 ingenio
610 996 702 1033 aliis
723 996 801 1033 iam
819 999 968 1034 certum
987 997 1189 1045 gaudium,
1221 997 1313 1034 aliis
1344 998 1455 1035 nulla
1471 1000 1562 1035 ante

124 1068 260 1106 futura
288 1068 389 1106 fides
421 1072 515 1115 erat,
549 1081 665 1118 quam
698 1068 851 1117 legatos
876 1069 1134 1106 consulumve
1159 1069 1316 1107 litteras
1344 1069 1560 1106 audissent.

124 1139 240 1190 Ipsos
272 1140 417 1178 deinde
449 1141 771 1191 appropinquare
803 1141 957 1188 legatos
988 1141 1153 1178 allatum
1185 1145 1256 1178 est.
1302 1141 1404 1178 Tum
1437 1141 1558 1178 enim-
1648 1135 1696 1183 51

123 1225 219 1249 vero
237 1213 363 1250 omnis
380 1216 476 1250 aetas
495 1225 653 1250 currere
672 1213 791 1260 obvii,
810 1212 961 1262 primus
979 1212 1149 1262 quisque
1168 1213 1294 1250 oculis
1313 1212 1559 1262 auribusque

124 1283 285 1322 haurire
315 1287 471 1322 tantum
489 1284 680 1333 gaudium
707 1285 922 1334 cupientes.
978 1283 1047 1321 Ad
1078 1284 1277 1321 Mulvium
1309 1297 1434 1334 usque
1465 1297 1561 1333 pon·
1582 1284 1603 1319 2

122 1358 203 1393 tem
236 1356 446 1394 continens
478 1369 618 1405 agmen
649 1357 845 1405 pervenit.
921 1356 1067 1405 Legati
1107 1357 1238 1404 (erant
1275 1356 1321 1394 L.
1366 1356 1561 1394 Veturius
1581 1356 1604 1391 3

121 1426 257 1475 Philo,
288 1427 334 1465 P.
366 1427 546 1466 Licinius
578 1427 723 1474 Varus,
775 1428 823 1475 Q.
864 1427 1049 1465 Caecilius
1081 1427 1288 1477 Metellus)
1329 1427 1561 1465 circumfusi

122 1500 251 1537 omnis
267 1500 425 1548 generis
440 1500 643 1537 hominum
676 1499 905 1548 frequentia
931 1500 971 1536 in
997 1500 1126 1536 forum
1144 1503 1423 1548 pervenerunt,
1441 1512 1561 1549 quum
1578 1500 1602 1534 4

122 1571 192 1609 alii
216 1572 337 1622 ipsos,
363 1571 437 1610 alii
464 1571 628 1608 comites
654 1584 804 1616 eorum,
831 1584 920 1620 quae
938 1574 1026 1609 acta
1044 1575 1187 1618 essent,
1209 1574 1560 1621 percontarentur3

121 1648 161 1681 et
193 1645 239 1680 ut
270 1644 439 1693 quisque
486 1643 680 1690 audierat,
712 1643 933 1680 exercitum
979 1643 1155 1680 hostium
1201 1643 1560 1692 imperatoremque

122 1715 307 1762 occisum,
328 1750 329 1753 ,
348 1715 529 1765 legiones
559 1715 763 1752 Romanas
797 1714 1028 1762 incolumes,
1060 1715 1191 1752 salvos
1238 1715 1418 1752 consules
1465 1727 1562 1760 esse,

125 1786 328 1836 extemplo
374 1787 468 1824 aliis
516 1800 635 1837 porro
674 1786 962 1836 impertiebant
1007 1786 1199 1835 gaudium
1231 1799 1357 1824 suum.
1421 1785 1596 1833 Quum5

121 1871 228 1908 aegre
259 1859 301 1895 in
333 1859 484 1896 curiam
500 1861 735 1908 perventum
761 1861 874 1906 esset,
905 1859 1030 1895 multo
1056 1858 1199 1907 aegrius
1217 1861 1412 1896 summota
1427 1858 1557 1906 turba,

121 1943 170 1967 ne
201 1930 383 1980 patribus
414 1931 658 1978 misceretur,
691 1930 837 1967 litterae
862 1930 905 1967 in
931 1932 1071 1967 senatu
1102 1930 1281 1967 recitatae
1313 1932 1417 1966 sunt.
1460 1928 1561 1966 Inde
1586 1930 1607 1965 6

120 2002 299 2040 traducti
331 2002 373 2040 in
406 2003 630 2041 contionem
662 2002 798 2051 legati.
860 2002 906 2039 L.
940 2001 1145 2048 Veturius,
1179 2002 1326 2038 litteris
1358 2000 1555 2047 recitatis,

124 2074 211 2123 ipse
242 2075 401 2124 planius
433 2074 586 2121 omnia,
619 2087 707 2123 quae
739 2076 828 2111 acta
873 2076 1007 2120 erant,
1055 2073 1242 2123 exposuit
1283 2086 1371 2110 cum
1403 2073 1559 2122 ingenti

67 2158 69 2162 ·
120 2158 296 2193 assensu,
326 2149 526 2196 postremo
553 2146 672 2183 etiam
698 2145 871 2183 clamore
887 2146 1085 2184 universae
1110 2145 1320 2192 contionis,
1351 2157 1471 2194 quum
1487 2144 1557 2182 vix

120 2217 313 2266 gaudium
359 2218 503 2255 animis
552 2220 751 2267 caperent.
812 2216 1050 2255 Discursum
1091 2217 1186 2255 inde
1224 2217 1272 2254 ab
1319 2217 1408 2254 aliis
1455 2216 1559 2253 circa
1579 2215 1599 2249 7

120 2289 271 2338 templa
302 2288 431 2337 deum,
461 2292 505 2326 ut
520 2292 654 2339 grates
678 2292 855 2339 agerent,
888 2289 938 2326 ab
955 2289 1046 2327 aliis
1072 2288 1221 2335 domos,
1252 2292 1297 2326 ut
1321 2287 1558 2337 coniugibus

121 2360 340 2410 liberisque
369 2364 453 2399 tam
484 2361 617 2398 laetum
650 2361 836 2398 nuntium
868 2361 1135 2410 impertirent.
1179 2359 1360 2407 Senatus,
1377 2359 1483 2409 quod
1500 2359 1554 2397 M.
1575 2362 1599 2393 ὅ

120 2431 264 2469 Livius
282 2435 321 2470 et
337 2432 380 2471 C.
400 2432 594 2471 Claudius
611 2433 793 2470 consules
820 2432 1010 2470 incolumi
1035 2432 1210 2469 exercitu
1227 2431 1367 2468 ducem
1383 2431 1558 2468 hostium

122 2504 381 2554 legionesque
402 2504 652 2550 occidissent,
665 2503 999 2554 supplicationem
1010 2505 1049 2541 in
1060 2503 1241 2541 triduum
1252 2502 1439 2540 decrevit.
1456 2502 1556 2538 Eam

121 2575 456 2624 supplicationem
474 2575 516 2613 C.
528 2575 732 2613 Hostilius
748 2578 898 2625 praetor
914 2589 988 2625 pro
1016 2575 1200 2612 contione
1218 2574 1358 2620 edixit,
1381 2574 1555 2611 celebra-

119 2649 242 2696 taque
273 2659 295 2684 a
318 2647 416 2684 viris
445 2647 684 2697 feminisque
711 2651 780 2685 est.
809 2646 954 2685 Omnia
977 2647 1127 2696 templa
1151 2659 1221 2696 per
1237 2648 1364 2684 totum
1381 2645 1561 2684 triduum
1579 2648 1601 2681 9
