1768 2943
883 115 886 118 ,
916 88 996 118 XIV

254 211 368 248 posset
396 205 602 246 apparuisse,
631 206 743 236 Drak.
771 215 846 235 eum
866 228 872 235 .
894 228 900 235 .
921 229 927 235 .
947 214 1049 245 posse
1078 203 1288 245 apparuisse)
1336 205 1475 246 pugnari
1492 209 1661 245 prospere

255 275 354 306 posse
379 275 397 294 e
421 264 505 295 coni.
522 264 713 295 Riemannz'
735 261 933 304 (probabili,
960 274 1019 294 nec
1045 265 1160 293 tdmen
1185 267 1289 301 certa,
1317 264 1399 304 quia
1425 265 1497 294 solo
1517 263 1660 304 pugnari

254 332 354 363 posse
375 322 479 353 etiam
505 325 647 353 eventus
667 325 797 362 pugnoe
823 322 1048 362 aliquatenus
1073 321 1321 362 significatur.)
1349 321 1370 354 9
1397 331 1464 352 non
1481 319 1542 364 [id]
1559 332 1660 362 appa-

254 391 324 413 rere
353 380 496 424 (Gran.)
526 379 746 421 10(Heraeus
769 381 914 420 probab.
941 379 1018 410 ideo
1043 379 1191 421 postea.)
1219 379 1256 412 ll
1287 389 1372 418 esse,
1399 385 1431 410 et
1457 379 1618 420 populum
1644 390 1662 410 e

254 440 338 471 coni.
365 438 415 481 (P
438 444 526 471 esset
552 436 730 480 populum)
759 449 762 481 i
791 437 863 479 (qui
889 443 1016 468 mature
1043 438 1177 470 vincere
1205 439 1311 469 Kiehl
1335 442 1368 469 et
1393 438 1465 479 Mg.
1482 438 1560 469 Em.
1593 441 1662 472 302

255 509 288 529 n.
306 500 380 533 Pet
392 499 506 529 Drak.
533 497 590 538 qui
617 497 723 537 magis
750 507 829 527 vere
856 495 1002 538 vincere)
1018 497 1159 535 XXXV,
1185 496 1206 529 2
1232 496 1380 539 (duobus
1407 497 1570 527 nobilium
1597 496 1661 527 iam

256 557 456 588 familiarum
480 556 624 597 plebeiis
651 556 697 587 H.
713 557 741 586 l.
762 556 967 586 stluellerus.
1001 554 1104 586 Codd.
1133 559 1167 586 et
1192 557 1304 586 Drak.
1332 555 1465 586 duobus
1491 555 1663 586 nobilibus

256 615 320 646 iam
347 615 548 646 familiarum
574 613 703 655 plebei)
727 613 749 646 3
775 612 829 653 (ex
855 614 1071 645 damnatione
1099 614 1252 654 collegae,
1291 624 1331 645 ex
1358 624 1424 655 qua
1452 614 1661 644 Harantius.

261 673 377 711 Codd„
416 674 529 704 Drak.
557 678 590 704 et
616 673 647 703 d.
676 683 704 703 c.
732 678 765 703 et
790 671 864 714 sua)
891 672 913 705 ἴ)
937 672 1136 713 (praetorum
1164 673 1220 710 M;
1255 674 1287 706 P
1310 672 1521 713 praetorium;
1549 671 1662 702 Drak.

255 730 430 773 praetoria)
459 730 461 773 Ι
492 731 542 773 (P.
558 731 676 762 Furius
690 731 822 769 Philus;
850 731 946 763 Philo
975 732 1091 762 Romae
1113 732 1226 762 Alsch.
1254 732 1332 764 eP:
1359 731 1393 761 P.
1422 730 1541 761 Furius
1566 729 1664 761 Philo

255 791 375 821 Romae
401 794 459 821 cet.
488 790 601 821 Drak.
629 789 662 821 P.
687 789 807 820 Furius
822 790 947 821 Philus.
975 791 1092 820 Rornae
1107 815 1114 820 .
1133 813 1139 820 .
1157 814 1163 820 .
1180 800 1253 820 sors
1279 789 1479 830 Pomponio,
1507 788 1615 819 inter.
1633 811 1639 819 .
1656 811 1662 819 .

257 849 457 890 peregrinos
482 849 518 880 P.
545 849 646 879 Furio
672 849 769 879 Philo
795 850 907 880 evenit
935 860 976 879 ex
1003 846 1285 890 interpolatione)
1313 848 1331 881 7
1359 846 1473 889 (quem
1504 857 1571 877 non
1599 846 1664 877 iam

256 914 356 939 antea
382 908 455 949 Mg.
484 908 561 939 Em.
589 910 669 942 284.
714 906 830 946 codd„
858 908 970 939 Drak.
1006 918 1104 949 quem
1132 907 1197 937 iam
1225 917 1291 937 non
1318 905 1433 946 antea)
1459 905 1617 942 XXXVI,
1645 903 1662 936 l

257 966 328 1009 (De
352 977 452 998 ausus
479 967 541 997 sim
567 967 634 1009 cfr.
667 966 788 1006 Opusc.
817 967 923 997 Acad.
951 967 994 997 Il
1012 971 1049 1006 p.
1079 969 1156 1000 109.
1190 966 1246 997 Ne
1276 966 1382 996 ausim
1417 964 1553 1005 quidem
1580 963 1667 993 alibi

257 1027 354 1066 apud
383 1026 521 1056 Livium
550 1029 633 1065 post
663 1030 698 1056 ut
732 1025 937 1066 reperitur.)
968 1025 989 1058 3
1027 1024 1171 1067 (darent,
1198 1024 1322 1066 peditis
1345 1024 1462 1054 Drak.
1493 1024 1524 1056 P
1547 1021 1663 1063 pediti.

257 1084 347 1115 Edd.
375 1083 523 1127 pedites)
550 1084 571 1117 4
599 1090 769 1125 aequarent
796 1082 941 1128 [septem
960 1108 967 1115 .
988 1108 995 1115 .
1016 1109 1022 1115 .
1042 1085 1076 1115 in
1102 1085 1219 1116 castris
1237 1084 1409 1121 Romanis,
1436 1092 1511 1112 cum
1537 1091 1665 1122 pugna-

257 1149 325 1173 tum
339 1143 383 1174 ad
397 1143 434 1174 C.
463 1141 539 1185 est],
566 1142 702 1184 quidam
729 1154 746 1173 e
769 1144 854 1174 coni.
881 1142 1013 1185 (Fuisse
1035 1147 1116 1184 post
1136 1144 1355 1177 Perizonz'um
1371 1152 1432 1173 nos
1445 1140 1666 1174 addidimus,-

257 1202 326 1243 cfr.
353 1202 430 1232 Em.
459 1204 527 1235 303
554 1201 601 1244 n.)
630 1202 648 1235 7
675 1208 706 1233 et
732 1203 837 1233 multo
864 1212 981 1233 cruore
1009 1202 1106 1243 signa
1131 1203 1165 1232 in
1191 1202 1337 1239 Sabinis,
1380 1201 1473 1232 Caere
1500 1208 1604 1240 aquas
1630 1198 1667 1228 in

258 1261 348 1291 fonte
382 1261 492 1292 calido
524 1270 680 1292 manasse
712 1272 728 1291 e
753 1261 836 1292 coni.
864 1262 1116 1292 Luterbacherz'
1153 1259 1242 1303 (Mg.
1270 1265 1303 1291 et
1340 1271 1382 1290 ex
1416 1261 1523 1299 parte
1548 1256 1666 1287 Alsch.

258 1323 341 1350 coni.
369 1321 448 1351 dub.
476 1320 553 1351 Em.
580 1322 658 1354 303.
689 1321 722 1354 P
745 1325 778 1351 et
803 1331 846 1350 m.
873 1330 899 1350 c.
927 1330 952 1350 s,
980 1320 1014 1350 in
1033 1320 1110 1351 Sab.
1138 1320 1246 1351 caedes
1272 1329 1375 1360 aquas
1404 1318 1497 1348 fonte
1525 1314 1667 1346 callidos

259 1389 423 1409 manasse.
486 1380 600 1410 Drak.
639 1379 672 1409 in
707 1378 840 1410 Sabinis
878 1379 990 1417 caedis,
1030 1390 1134 1421 aquas
1167 1390 1184 1410 e
1219 1380 1310 1410 fonte
1347 1377 1474 1408 calidas
1502 1384 1666 1406 manasse.

259 1438 352 1469 Fons
376 1439 510 1469 calidus
530 1442 597 1478 per
621 1448 657 1468 se
683 1438 775 1468 nihil
797 1438 902 1468 habet
921 1440 1103 1480 prodzgrz'z'‚·
1129 1448 1224 1479 aquae
1250 1438 1283 1468 in
1310 1438 1402 1468 fonte
1430 1444 1566 1466 manare
1581 1434 1668 1464 ridi-

259 1499 332 1529 cule
345 1496 535 1540 dicuntur.)
550 1496 725 1534 XXXVII,
755 1496 797 1529 10
822 1497 910 1537 regis
937 1498 1063 1538 legatis
1089 1503 1138 1528 est
1165 1509 1181 1528 e
1206 1498 1289 1527 coni.
1315 1496 1455 1527 Luchsii
1471 1494 1560 1537 (Mg.
1580 1495 1669 1527 1886

260 1568 277 1588 e
301 1561 384 1588 vest.
414 1558 454 1594 P,
483 1559 519 1587 in
545 1567 611 1597 quo
637 1556 817 1586 scribitur:
844 1556 931 1597 regis
958 1562 1018 1587 est.
1051 1556 1135 1587 Cett.
1164 1557 1270 1593 codd„
1307 1556 1418 1586 Drak.
1447 1553 1517 1594 regi
1545 1558 1606 1590 est,
1634 1552 1669 1582 in

259 1627 329 1658 qua
354 1616 532 1656 scriptura
553 1620 686 1656 parum
712 1618 792 1655 apte
817 1615 999 1645 subiicitur
1024 1615 1208 1646 Hieronem
1236 1613 1335 1655 esse.)
1360 1613 1403 1646 13
1419 1611 1668 1644 ad**navium

259 1674 472 1717 (Numerum
510 1675 654 1705 eundem
687 1674 885 1714 posuimus,
912 1675 975 1714 qui
998 1685 1022 1704 c.
1050 1677 1105 1711 31,
1136 1677 1152 1707 1
1187 1672 1386 1713 exciderat.)
1422 1670 1426 1714 1
1460 1670 1544 1713 (erat
1575 1669 1668 1700 codd.

261 1745 342 1765 recc.
369 1734 517 1775 Antiqui
547 1737 581 1764 et
605 1733 718 1763 Drak.
751 1730 862 1774 erant)
894 1733 1093 1770 XXXVIII,
1135 1733 1149 1765 1
1179 1737 1213 1763 et
1243 1732 1264 1764 2
1295 1732 1390 1771 (dum
1423 1731 1466 1762 ab
1499 1729 1598 1761 sociis
1631 1739 1669 1759 ac

261 1793 396 1824 nomine
423 1792 544 1823 Latino
570 1792 721 1823 venirent
747 1791 880 1822 milites.
932 1792 1018 1822 Tum
1044 1792 1118 1832 Mg.
1146 1791 1223 1822 Em.
1251 1793 1319 1824 304
1347 1801 1363 1820 e
1390 1791 1435 1823 P:
1462 1789 1541 1819 dum
1569 1787 1671 1818 sociis

261 1853 303 1883 ab
330 1852 466 1883 nomine
492 1852 530 1882 L.
557 1862 586 1881 v.
614 1862 656 1881 m.
686 1856 764 1881 tum.
818 1851 928 1881 Drak.
958 1851 1036 1881 dum
1063 1850 1147 1880 socii
1174 1850 1215 1880 ab
1243 1861 1273 1880 n.
1302 1849 1340 1880 L.
1367 1849 1532 1879 venirent.
1581 1846 1670 1878 Mili·

261 1917 311 1942 tes
338 1910 433 1952 tunc)
458 1910 479 1943 3
506 1910 599 1940 iussu
614 1909 772 1946 consuliS,
790 1909 954 1952 fortasse
968 1919 1088 1939 errore
1106 1908 1107 1945 l
1126 1908 1261 1951 (Verba
1280 1908 1371 1938 iussu
1385 1907 1559 1938 consulum
1574 1915 1670 1939 conv.

262 1979 369 2011 neque
396 1969 525 2000 iniussu
552 1969 723 2006 abituros,
756 1977 831 2009 quae
857 1967 892 1997 in
918 1968 1010 1997 codd.
1041 1968 1134 1998 inter
1160 1967 1270 1998 adacti
1297 1966 1419 1998 milites
1454 1969 1487 1996 et
1521 1975 1595 1996 nam
1628 1964 1671 1995 ad

261 2039 336 2060 eam
362 2028 450 2059 diem
476 2029 689 2064 scribuntur,
717 2030 1013 2066 transposuerunt
1042 2026 1141 2057 Crev.
1170 2030 1203 2056 et
1228 2027 1340 2056 Drak.
1402 2026 1456 2055 De
1486 2023 1602 2054 verbis
1635 2025 1671 2053 in

264 2089 297 2122 P
320 2098 441 2118 errore
468 2087 691 2126 transpositis
716 2086 782 2128 cfr.
806 2085 881 2115 Em.
908 2084 1003 2126 290.)
1033 2089 1035 2125 p
1065 2086 1108 2116 ad
1133 2084 1341 2116 decuriatum
1368 2089 1423 2115 aut
1450 2082 1671 2115 centuriatum

261 2146 351 2189 (Mg.
381 2147 458 2180 Em,
486 2148 573 2183 304;
613 2144 819 2176 decuriatum
851 2144 925 2174 sine
950 2145 1198 2184 praepositz'one
1229 2144 1372 2184 passive
1404 2143 1526 2174 Livius
1558 2142 1673 2172 dicere

264 2216 331 2236 non
352 2205 495 2246 potuit.)
533 2204 553 2237 4
581 2204 760 2246 repetendi
793 2201 853 2246 [et]
887 2214 904 2233 e
935 2203 1018 2233 coni.
1053 2202 1151 2234 Crev.
1202 2202 1305 2245 (Duae
1337 2205 1421 2233 sunt
1445 2201 1670 2240 exceptiones,

259 2265 438 2305 particula
465 2269 497 2295 et
523 2264 717 2301 coniunctae,
745 2264 860 2293 altera
887 2263 935 2292 ad
959 2262 1227 2292 instrumentum
1250 2266 1379 2302 pugna·
1400 2259 1594 2300 pertinens,
1621 2258 1671 2288 al-

264 2327 339 2353 tera
366 2323 415 2353 ad
439 2323 550 2363 ipsam
571 2327 757 2363 pugnam;
783 2326 930 2363 utraque
953 2322 1131 2360 particula
1159 2325 1213 2350 aut
1240 2320 1276 2349 in
1297 2320 1386 2349 duas
1403 2318 1529 2359 species
1546 2316 1671 2348 dividi-

265 2386 332 2412 tur.
386 2383 456 2413 Sed
479 2392 588 2422 neque
613 2386 729 2422 petere
756 2391 865 2421 neque
891 2385 1060 2420 repetere,
1094 2380 1185 2420 quod
1219 2378 1314 2409 Crev.
1348 2378 1503 2415 coniecit,
1536 2380 1625 2407 recte
1650 2386 1672 2406 a

265 2442 327 2471 teli
349 2442 543 2482 sumptione
568 2443 758 2480 separatur
783 2443 817 2469 et
841 2439 872 2469 ei
895 2439 1111 2469 contrarium
1134 2439 1290 2478 ponitur.
1337 2437 1453 2467 Telum
1479 2439 1543 2466 aut
1566 2435 1670 2466 sumi-

265 2503 334 2537 tur,
361 2501 392 2530 st
416 2500 518 2538 deest,
545 2502 609 2529 aut
633 2498 712 2529 usui
735 2498 1021 2534 accommodatur,
1048 2498 1081 2527 si
1104 2497 1259 2527 inhabile
1285 2499 1343 2526 est.
1379 2494 1510 2532 Livius,
1539 2494 1578 2524 ni
1592 2493 1672 2536 fal-

265 2559 328 2596 lor,
356 2559 512 2599 scripsit:
538 2558 594 2589 teli
621 2557 775 2589 sumendi
801 2562 857 2588 aut
883 2555 1029 2597 aptandi.
1084 2555 1141 2586 Sic
1165 2555 1390 2595 corrigenda,
1424 2563 1497 2595 quae
1527 2541 1671 2592 scripse·

265 2627 343 2647 ram
369 2617 446 2648 Em.
474 2616 570 2659 304.)
596 2617 617 2650 5
641 2616 696 2658 (ae
724 2616 905 2657 legitimam
941 2615 1057 2646 [Veiss.
1093 2615 1124 2645 P
1152 2614 1194 2644 ad
1233 2614 1299 2654 leg.
1332 2614 1444 2643 Drak.
1479 2623 1498 2642 a
1531 2609 1672 2641 tribunis
