1789 2955
256 100 334 138 164
566 94 683 129 Liber
707 91 897 127 XXVIII.
953 94 1016 137 (A.
1042 105 1077 129 u.
1103 105 1134 128 c.
1158 94 1368 140 548—549.)

249 229 332 262 tum
364 223 499 269 habet,
528 221 599 259 ubi
631 218 836 258 commode
866 219 1174 258 hibernaturum
1206 235 1246 259 se
1280 221 1335 273 (et
1366 223 1444 261 iam
1469 227 1689 264 extremum

206 298 227 334 6
247 295 429 334 autumni
461 295 565 343 erat)
606 291 805 330 credebat.
868 290 1054 328 Ceterum
1087 293 1193 330 haud
1226 308 1350 342 secus,
1389 309 1507 345 quam
1546 297 1580 334 si
1609 297 1690 335 Ro-

250 369 358 406 mani
389 380 474 404 eam
508 365 679 402 insulam
713 363 947 409 incolerent,
994 363 1198 402 hostiliter
1233 366 1350 403 classi
1382 380 1587 406 occursum
1619 374 1690 408 est.

251 439 404 478 Fundis
436 442 481 475 ut
510 450 614 474 nunc
646 435 874 486 plurimum,
920 436 976 471 ita
1016 439 1101 472 tum
1148 437 1234 474 solo
1268 451 1314 475 eo
1345 439 1425 476 telo
1457 441 1689 489 utebantur,

251 525 323 549 nec
356 510 567 560 quisquam
600 507 765 544 alterius
796 506 927 555 gentis
959 520 1060 544 unus
1090 510 1246 546 tantum
1287 523 1331 546 ea
1368 513 1465 558 arte,
1497 515 1689 561 quantum

212 585 232 619 7
255 585 359 621 inter
391 582 492 620 alios
524 593 657 619 omnes
688 578 873 616 Baliares
905 578 1119 617 excellunt.
1181 580 1324 630 Itaque
1356 585 1468 619 tanta
1497 583 1558 620 vis
1589 584 1688 633 lapi-

252 657 344 693 dum
378 653 626 691 creberrimae
659 649 866 699 grandinis
896 650 1014 687 modo
1040 651 1081 687 in
1098 653 1436 702 propinquantem
1463 654 1540 691 iam
1571 658 1690 692 terrae

253 728 416 765 classem
449 724 571 762 effusa
604 726 674 770 est,
705 725 751 759 ut
782 721 932 759 intrare
969 725 1128 772 portum
1168 738 1247 762 non
1279 726 1364 763 ausi
1395 710 1621 764 averterent
1651 728 1691 764 in

211 800 234 836 8
255 800 379 837 altum
397 811 528 835 naves.
590 796 639 833 In
655 795 850 832 minorem
881 794 973 831 inde
991 794 1213 833 Baliarium
1240 796 1413 834 insulam
1434 798 1690 846 traiecerunt,

209 872 231 908 9
251 871 425 908 fertilem
458 881 567 918 agro,
597 867 706 913 viris,
739 866 859 903 armis
885 867 991 903 haud
1017 880 1128 916 aeque
1145 868 1332 905 validam.
1377 869 1522 919 Itaque
1542 872 1692 920 egressi

250 943 422 981 navibus
473 954 592 991 super
637 942 795 989 portum
828 938 916 975 loco
948 939 1104 977 munito
1152 943 1282 977 castra
1328 940 1481 988 locant3
1529 956 1574 980 ac
1606 943 1690 980 sine

253 1014 470 1052 certamine
501 1013 602 1050 urbe
634 1024 810 1061 agroque
842 1010 982 1060 potiti,
1029 1011 1184 1048 duobus
1217 1012 1395 1049 millibus
1429 1014 1689 1052 auxiliarium

252 1087 345 1124 inde
377 1085 615 1134 conscriptis
647 1083 857 1132 missisque
876 1082 1172 1131 Carthaginem,
1190 1082 1240 1119 ad
1257 1083 1552 1123 hibernandum
1570 1100 1690 1124 naves

184 1159 232 1196 10
252 1158 540 1196 subduxerunt.
602 1156 702 1193 Post
732 1154 920 1203 Magonis
953 1155 1002 1191 ab
1036 1153 1185 1192 Oceani
1219 1168 1288 1192 ora
1320 1155 1538 1195 discessum
1568 1157 1690 1196 Gadi-

251 1231 338 1268 tani
368 1229 561 1267 Romanis
593 1227 805 1264 deduntur.

104 1298 158 1347 38
363 1302 461 1340 Haec
495 1302 535 1338 in
567 1299 770 1349 Hispania
802 1297 847 1335 P.
874 1297 1076 1348 Scipionis
1123 1299 1247 1336 ductu
1277 1300 1537 1350 auspicioque
1568 1305 1690 1350 gesta.

251 1375 355 1426 Ipse,
373 1374 418 1411 L.
434 1372 608 1411 Lentulo
642 1376 681 1409 et
696 1371 743 1409 L.
761 1370 916 1408 Manlio
934 1370 1110 1408 Acidino
1127 1371 1338 1420 provincia
1360 1372 1521 1419 tradita,
1555 1373 1691 1411 decem

210 1449 232 1483 2
252 1446 419 1484 navibus
451 1445 620 1482 Romam
651 1443 786 1489 rediit,
834 1445 872 1479 et
912 1445 1054 1479 senatu
1085 1446 1197 1479 extra
1237 1443 1375 1481 urbem
1409 1444 1501 1482 dato
1534 1445 1574 1482 in
1606 1445 1690 1483 aede

251 1519 446 1564 Bellonae,
493 1531 591 1567 quas
635 1529 698 1553 res
747 1515 786 1552 in
817 1514 1017 1563 Hispania
1063 1515 1272 1564 gessisset,
1304 1515 1503 1563 disseruit,
1535 1517 1690 1566 quoties

253 1591 378 1639 signis
412 1589 568 1627 collatis
600 1588 840 1632 dimicasset,
874 1589 970 1635 quot
1001 1586 1152 1636 oppida
1179 1602 1226 1625 ex
1251 1588 1435 1625 hostibus
1452 1589 1493 1626 vi
1510 1589 1691 1638 cepisset,

210 1666 231 1700 ’ὀ
252 1677 349 1712 quas
382 1665 519 1711 gentes
551 1662 593 1698 in
624 1660 823 1697 dicionem
854 1658 995 1707 populi
1020 1658 1194 1696 Romani
1226 1660 1466 1710 redegissem
1500 1660 1690 1698 adversus

253 1737 442 1785 quattuor
473 1747 514 1771 se
545 1734 817 1782 imperatores,
858 1733 1048 1780 quattuor
1089 1731 1262 1769 victores
1309 1732 1510 1770 exercitus
1542 1732 1582 1769 in
1612 1731 1689 1768 Hi-

251 1808 430 1857 spaniam
449 1806 546 1852 isse3
578 1805 775 1842 neminem
795 1802 1169 1851 Carthaginiensem
1195 1805 1235 1840 in
1260 1804 1310 1841 iis
1328 1805 1447 1841 terris
1464 1804 1689 1854 reliquisse.

209 1878 314 1916 40b
361 1880 432 1915 has
464 1892 526 1916 res
573 1881 706 1927 gestas
752 1875 877 1925 magis
922 1877 1077 1912 tentata
1123 1878 1184 1912 est
1224 1875 1419 1925 triumphi
1450 1889 1539 1926 spes
1571 1890 1689 1926 quam

253 1951 379 2001 petita
410 1949 680 2000 pertinaciter,
721 1947 816 1997 quia
847 1947 1045 1984 neminem
1076 1946 1127 1984 ad
1160 1960 1245 1984 eam
1279 1947 1382 1985 diem
1412 1947 1691 1998 triumphasse,

209 2023 229 2059 5
252 2023 320 2073 qui
353 2022 438 2059 sine
471 2022 711 2072 magistratu
758 2034 820 2057 res
851 2019 1050 2067 gessisset,
1093 2018 1315 2057 constabat.
1378 2018 1527 2056 Senatu
1559 2019 1691 2067 misso,

253 2096 394 2132 urbem
435 2098 495 2131 est
535 2095 752 2143 ingressus,
795 2091 1033 2141 argentique
1078 2104 1161 2140 prae
1207 2104 1247 2128 se
1293 2091 1334 2128 in
1381 2091 1564 2128 aerarium
1595 2092 1693 2129 tulit

257 2168 390 2205 decem
409 2170 598 2217 quattuor
616 2165 744 2202 millia
761 2164 894 2214 pondo
911 2166 1089 2200 trecenta
1101 2163 1371 2213 quadraginta
1388 2163 1465 2200 duo
1484 2166 1524 2200 et
1541 2163 1689 2211 signati

209 2240 230 2275 6
252 2239 410 2288 argenti
442 2251 629 2287 inagnum
654 2249 872 2274 numerum.
920 2235 1092 2273 Comitia
1122 2236 1215 2272 inde
1247 2235 1430 2272 creandis
1463 2235 1692 2273 consulibus

254 2311 398 2348 habuit
428 2310 472 2347 L.
508 2309 702 2348 Veturius
735 2308 867 2353 Philo,
899 2307 1170 2356 centuriaeque
1203 2320 1337 2344 omnes
1370 2307 1525 2356 ingenti
1556 2307 1691 2344 favore

255 2383 300 2420 P.
333 2381 562 2432 Scipionem
596 2380 795 2418 consulem
828 2379 1036 2425 dixerunt;
1069 2380 1224 2427 collega
1254 2379 1418 2416 additur
1450 2380 1487 2416 ei
1518 2379 1690 2417 P.Lici-

218 2455 347 2492 Tnius
380 2454 565 2503 Crassus,
610 2452 792 2503 pontifex
837 2451 1045 2488 maximus.
1109 2450 1293 2488 Ceterum
1339 2451 1500 2488 comitia
1544 2452 1693 2488 maiore

258 2540 376 2576 quam
410 2526 493 2563 ulla
525 2539 595 2576 per
628 2525 669 2562 id
701 2524 851 2561 bellum
884 2523 1082 2560 celebrata
1122 2523 1347 2571 frequentia
1377 2523 1584 2572 proditum
1615 2536 1694 2560 me-

213 2602 237 2633 5
259 2599 393 2635 nioriae
427 2602 496 2635 est.
552 2597 832 2635 Convenerant
861 2594 1039 2644 undique
1080 2607 1159 2631 non
1190 2593 1434 2643 suffragandi
1465 2595 1593 2641 modo,
1624 2594 1693 2632 sed

259 2671 377 2707 etiam
410 2669 618 2720 spectandi
651 2682 768 2706 causa
785 2668 831 2706 P.
851 2666 1064 2717 Scipionis,
1092 2666 1462 2716 concurrebantque
1480 2670 1519 2704 et
1535 2666 1693 2704 domum
