1789 2955
534 69 651 104 Liber
676 70 822 105 XXVI.
874 70 933 115 (A.
961 70 1028 106 Oh.
1051 72 1146 114 211.)
1501 73 1553 110 23

125 201 276 236 secreto
308 197 366 236 ibi
395 200 552 247 tempus
582 199 742 234 tereret.
803 196 883 233 Hic
920 211 1004 235 mos
1043 211 1114 247 per
1145 211 1297 234 omnem
1329 198 1451 235 vitam
1483 211 1559 236 ser·
1580 200 1602 234 6

124 273 240 308 vatus
271 282 342 306 seu
372 269 553 307 consulto
587 281 655 305 seu
684 271 832 305 temere
871 269 1045 318 vulgatae
1086 269 1265 319 opinioni
1300 269 1417 306 fidem
1450 269 1555 319 apud

125 341 316 391 quosdam
334 340 439 387 fecit,
456 340 595 390 stirpis
613 353 701 376 eum
725 339 871 377 divinae
890 340 1020 377 virum
1046 355 1140 388 esse,
1157 341 1394 389 rettulitque
1411 341 1555 378 famam
1578 343 1597 376 7

122 412 164 449 in
193 411 430 449 Alexandro
461 425 604 460 magno
635 411 747 460 prius
786 412 1002 459 vulgatam,
1050 417 1089 450 et
1126 413 1301 450 vanitate
1342 416 1381 449 et
1420 413 1553 449 fabula

121 496 268 533 parem,
301 483 443 532 anguis
474 483 655 520 immanis
696 483 910 520 concubitu
941 487 1186 533 conceptum,
1227 488 1264 521 et
1295 484 1336 521 in
1368 484 1554 521 cubiculo

121 555 260 592 matris
287 555 370 592 eius
393 555 519 593 visam
537 567 716 604 persaepe
732 555 910 604 prodigii
937 555 1021 592 eius
1049 556 1220 604 speciem
1247 556 1555 604 interventuque

122 626 330 664 hominum
363 626 561 664 evolutam
593 629 757 675 repente
789 630 908 675 atque
940 640 987 663 ex
1020 627 1146 664 oculis
1177 627 1365 676 elapsam.
1425 627 1560 664 Huius
1579 627 1603 662 8

123 698 310 735 miraculi
342 711 545 748 nunquam
582 698 630 735 ab
662 698 748 747 ipso
776 699 885 735 elusa
916 697 1013 735 fides
1045 701 1115 744 est,
1148 699 1244 748 quin
1275 699 1409 747 potius
1441 702 1557 736 aucta

123 773 208 807 arte
226 769 397 819 quadam
422 783 493 807 nec
510 769 714 806 abnuendi
729 770 809 807 tale
828 770 1040 819 quicquam
1064 783 1136 806 nec
1160 770 1291 819 palam
1318 770 1554 807 affirmandi.

121 841 252 878 Multa
281 842 361 879 alia
387 841 569 879 eiusdem
587 841 756 890 generis,
781 841 861 878 alia
887 854 993 887 vera,
1018 841 1095 878 alia
1120 842 1359 889 assimulata,
1389 841 1558 880 admira-
1578 842 1600 878 9

120 912 241 950 tionis
264 913 445 949 humanae
471 913 512 950 in
547 926 591 950 eo
617 913 757 950 iuvene
781 925 1033 950 excesserant
1069 913 1246 959 modum,
1278 914 1423 962 quibus
1454 915 1556 951 freta

119 986 215 1021 tunc
247 984 388 1021 civitas
428 984 538 1021 aetati
574 984 883 1034 haudquaquam
914 987 1080 1022 maturae
1118 988 1267 1021 tantam
1310 999 1441 1022 rerum
1474 999 1554 1023 mo-

118 1055 197 1092 lem
226 1058 460 1105 tantumque
490 1056 701 1105 imperium
731 1056 921 1105 permisit.

234 1126 304 1164 Ad
332 1141 397 1165 eas
422 1128 568 1177 copias,
593 1141 691 1176 quas
719 1141 766 1164 ex
785 1131 918 1165 vetere
944 1128 1122 1165 exercitu
1148 1128 1349 1178 Hispania
1375 1128 1559 1175 habebat,
1582 1128 1631 1165 10

121 1212 289 1248 quaeque
321 1213 343 1237 a
374 1199 555 1237 Puteolis
602 1213 690 1236 cum
731 1199 773 1238 C.
816 1199 975 1238 Nerone
1020 1200 1198 1237 traiectae
1246 1203 1370 1246 erant,
1419 1200 1555 1237 decem

120 1270 251 1308 millia
268 1271 443 1308 militum
471 1276 509 1308 et
533 1272 647 1309 mille
672 1271 826 1321 equites
849 1271 1061 1319 adduntur,
1089 1276 1127 1309 et
1151 1272 1206 1309 M.
1232 1272 1373 1309 Iunius
1393 1271 1555 1309 Silanus

118 1346 348 1391 propraetor
382 1342 543 1380 adiutor
568 1343 617 1379 ad
641 1356 704 1380 res
722 1343 917 1392 gerendas
944 1343 1060 1380 datus
1081 1346 1150 1380 est.
1197 1343 1262 1380 Ita
1288 1357 1374 1381 cum
1391 1344 1562 1392 triginta
1584 1346 1630 1381 11

120 1413 280 1452 navium
298 1414 422 1452 classe
440 1415 592 1463 (omnes
616 1418 748 1452 autem
772 1415 1079 1464 quinqueremes
1105 1418 1235 1465 erant)
1263 1416 1378 1452 ostiis
1395 1415 1555 1452 Tiberi-

119 1485 181 1524 nis
207 1487 410 1535 profectus
436 1489 583 1536 praeter
607 1500 716 1524 oram
740 1486 862 1523 Tusci
886 1487 1016 1533 maris,
1047 1486 1174 1536 Alpes
1205 1490 1324 1536 atque
1353 1486 1556 1524 Gallicum

120 1557 250 1595 Sinum
282 1560 321 1595 et
351 1558 499 1596 deinde
530 1558 716 1606 Pyrenaei
755 1558 1045 1596 circumvectus
1086 1559 1417 1608 promuntorium,
1464 1558 1555 1595 Em-

121 1629 260 1678 poriis,
301 1631 400 1668 urbe
432 1629 574 1668 Graeca
604 1629 781 1679 (oriundi
823 1634 862 1667 et
893 1631 973 1680 ipsi
1004 1644 1026 1667 a
1056 1630 1228 1667 Phocaea
1259 1631 1379 1680 sunt),
1422 1630 1556 1679 copias

122 1701 320 1750 exposuit.
381 1702 493 1749 Inde,
539 1703 652 1751 sequi
698 1702 867 1740 navibus
910 1702 1040 1751 iussis,
1088 1702 1355 1739 Tarraconem
1388 1701 1562 1751 pedibus
1586 1702 1633 1737 12

120 1773 321 1822 profectus
368 1777 605 1812 conventum
651 1774 825 1810 omnium
881 1774 1081 1811 sociorum
1128 1774 1289 1823 (etenim
1335 1774 1558 1822 legationes

123 1843 175 1881 ad
220 1845 364 1882 famam
412 1846 497 1883 eius
529 1860 577 1883 ex
624 1846 730 1883 omni
776 1859 816 1882 se
862 1846 1069 1895 provincia
1116 1846 1354 1893 effuderant)
1400 1845 1556 1883 habuit,

122 1916 254 1954 Naves
286 1917 343 1954 ibi
370 1917 540 1955 subduci
571 1917 697 1964 iussit,
728 1917 903 1954 remissis
936 1921 1123 1966 quattuor
1154 1917 1385 1954 triremibus
1418 1916 1559 1954 Massi·
1582 1917 1631 1953 13

122 1988 320 2036 liensium,
353 2002 440 2038 quae
472 1989 598 2027 officii
629 2003 746 2027 causa
778 1989 827 2026 ab
860 1989 975 2026 domo
1008 1993 1228 2038 prosecutae
1260 1990 1431 2025 fuerant.
1486 1988 1562 2025 Re·
1583 1989 1633 2025 14

123 2073 268 2110 sponsa
297 2060 391 2098 inde
422 2061 693 2110 legationibus
726 2061 928 2110 suspensis
961 2061 1159 2099 varietate
1184 2064 1246 2098 tot
1275 2074 1437 2097 casuum
1462 2059 1558 2097 dare

126 2132 260 2182 coepit,
292 2132 350 2169 ita
381 2132 485 2169 elato
512 2133 561 2170 ab
588 2133 740 2182 ingenti
764 2133 959 2170 virtutum
984 2146 1144 2170 suarum
1167 2132 1317 2170 fiducia
1345 2133 1487 2178 animo,
1514 2134 1558 2168 ut

123 2204 279 2241 nullum
302 2204 415 2240 ferox
441 2204 609 2242 verbum
633 2204 846 2251 excideret,
875 2205 1095 2254 ingensque
1123 2204 1316 2252 omnibus,
1342 2217 1429 2254 quae
1455 2204 1557 2240 dice-

124 2279 198 2323 ret,
225 2289 347 2326 quum
371 2275 556 2313 maiestas
581 2276 738 2322 inesset,
761 2279 845 2313 tum
869 2276 980 2315 fides.
1027 2276 1237 2313 Profectus
1263 2276 1312 2313 ab
1331 2276 1559 2314 Tarracone
1647 2272 1704 2320 20

124 2350 165 2384 et
189 2347 372 2385 civitates
396 2348 592 2385 sociorum
619 2351 658 2384 et
681 2348 852 2385 hiberna
875 2349 1074 2385 exercitus
1098 2348 1209 2395 adiit,
1233 2348 1556 2396 collaudavitque

124 2419 286 2467 milites,
317 2421 424 2469 quod
457 2420 611 2457 duabus
641 2421 765 2457 tantis
797 2421 984 2470 deinceps
1010 2421 1192 2458 cladibus
1216 2421 1287 2457 icti
1311 2419 1557 2469 provinciam

127 2491 405 2537 obtinuissent,
452 2505 524 2528 nec
570 2492 742 2528 fructum
783 2492 1047 2530 secundarum
1087 2506 1218 2529 rerum
1251 2492 1399 2529 sentire
1431 2491 1604 2528 hostes?

125 2563 232 2612 passi
263 2563 370 2600 omni
417 2565 471 2600 cis
501 2563 701 2601 Hiberum
733 2577 827 2613 agro
867 2578 931 2602 eos
962 2566 1193 2609 arcuissent,
1232 2565 1437 2613 sociosque
1470 2576 1557 2599 cum

126 2633 204 2672 fide
252 2635 375 2672 tutati
421 2639 564 2672 essent.
654 2635 853 2673 Marcium
907 2650 1036 2673 secum
1091 2637 1264 2673 habebat
1316 2649 1401 2672 611111
1458 2635 1608 2672 tanto3
