1768 2943
231 90 314 131 134
649 90 754 122 Liber
775 92 901 124 XXIII.
940 93 996 135 (A.
1019 105 1049 126 u.
1072 106 1100 126 e.
1120 95 1213 140 538.)

226 223 330 260 inter
368 223 528 271 plebem
567 235 614 260 ac
647 224 797 261 Poenos
837 226 932 270 fieri,
977 232 1248 277 statutumque
1288 242 1391 275 esse,
1435 238 1489 276 ut,
1524 244 1645 280 quum

227 295 416 330 Romana
448 293 556 330 acies
589 307 752 343 egressa
785 297 911 344 portis
944 304 1080 342 staret,
1114 299 1405 348 impedimenta
1433 314 1574 338 eorum
1597 315 1645 339 ac

229 365 406 401 sarcinas
433 365 664 413 diriperent,
691 366 927 404 clauderent
951 369 1102 405 deinde
1128 377 1266 418 portas
1291 384 1508 420 murosque
1527 385 1646 410 occu·

227 441 383 483 parent,
418 440 460 471 ut
491 440 680 483 potentes
713 449 842 473 rerum
876 450 1036 474 suarum
1069 445 1190 487 atque
1223 441 1330 478 urbis
1355 442 1524 479 Poenum
1549 444 1645 481 inde

189 507 302 555 7pro
336 507 525 542 Romano
559 507 803 554 acciperent.
867 508 964 546 Haec
998 510 1064 545 ubi
1097 511 1281 547 nuntiata
1315 511 1506 550 Marcello
1540 520 1645 558 sunt,

230 577 471 613 collaudatis
510 578 765 614 senatoribus
798 577 980 624 Nolanis,
1022 581 1253 628 priusquam
1287 582 1408 630 aliqui
1440 589 1574 621 motus
1605 584 1647 621 in

188 648 327 689 Surbe
368 654 559 692 oreretur,
607 648 808 684 fortunam
847 662 995 698 pugnae
1035 652 1204 699 experiri
1243 654 1392 689 statuit.
1470 654 1536 690 Ad
1567 660 1646 691 tres

227 724 366 767 portas
398 719 438 755 in
472 719 610 755 hostes
644 731 778 756 versas
812 720 1008 768 tripertito
1042 721 1258 757 exercitum
1286 723 1488 767 instruxit;
1521 724 1647 772 impe-

228 789 410 825 dimenta
438 790 627 837 subsequi
656 791 782 834 iussit,
812 791 977 827 calones
1004 791 1184 839 lixasque
1214 798 1254 828 et
1276 793 1477 830 invalidos
1503 794 1646 830 milites

227 860 371 895 vallum
413 860 528 896 ferre.
606 861 745 897 Media
784 867 900 909 porta
939 863 1088 898 robora
1126 862 1331 911 legionum
1365 870 1404 900 et
1436 865 1647 901 Romanos

227 931 396 978 equites,
425 931 583 968 duabus
601 932 706 968 circa
724 933 849 980 portis
868 944 998 969 novos
1016 933 1159 969 milites
1178 934 1387 982 levemque
1405 940 1647 970 armaturam

187 999 276 1040 9ac
309 1002 512 1038 sociorum
546 1003 701 1050 equites
735 1003 884 1039 statuit.
948 1002 1097 1040 Nolani
1130 1016 1266 1041 muros
1289 1010 1510 1053 portasque
1534 1004 1647 1040 adire

227 1072 349 1115 vetiti,
375 1073 636 1121 subsidiaque
655 1074 859 1109 destinata
876 1074 1177 1122 impedimentis
1197 1072 1343 1125 [data],
1369 1087 1420 1111 ne
1438 1074 1647 1123 occupatis

227 1142 369 1190 proelio
409 1143 636 1191 legionibus
676 1144 716 1180 in
751 1157 798 1180 ea
831 1144 1004 1193 impetus
1037 1145 1162 1181 fieret.
1240 1145 1299 1181 Ita
1331 1145 1512 1182 instructi
1544 1145 1648 1181 intra

160 1210 366 1261 lOportas
400 1215 574 1250 stabant.
638 1214 857 1250 Hannibali
892 1216 965 1251 sub
1000 1215 1137 1263 signis,
1171 1215 1213 1251 id
1247 1216 1360 1263 quod
1391 1228 1462 1264 per
1495 1215 1648 1263 aliquot

227 1283 315 1319 dies
348 1270 512 1329 fecerat,
546 1286 600 1320 ad
633 1286 798 1321 multum
832 1286 913 1322 diei
945 1285 985 1322 in
1019 1286 1106 1323 acie
1139 1286 1259 1323 stanti
1292 1287 1420 1334 primo
1454 1285 1646 1322 miraculo

227 1365 330 1397 esse,
351 1356 463 1402 quod
481 1368 556 1392 nec
576 1357 772 1393 exercitus
791 1357 999 1392 Romanus
1018 1362 1135 1404 porta
1154 1357 1413 1405 egrederetur
1431 1368 1506 1393 nec
1521 1368 1649 1392 arma—

160 1423 210 1463 11
228 1430 290 1460 tus
317 1426 528 1473 quisquam
553 1426 593 1462 in
618 1427 738 1462 muris
758 1433 878 1463 esset.
927 1427 1053 1463 Ratus
1072 1427 1238 1471 deinde,
1264 1427 1426 1475 prodita
1445 1426 1648 1474 colloquia

227 1507 330 1539 esse,
358 1502 547 1544 metuque
573 1496 726 1533 resides
746 1496 889 1541 factos,
917 1503 1071 1545 partem
1090 1498 1257 1533 militum
1275 1497 1315 1533 in
1334 1503 1465 1534 castra
1483 1496 1646 1533 remittit

226 1567 357 1602 iussos
375 1579 548 1615 propere
567 1572 805 1615 apparatum
825 1579 988 1604 omnem
1002 1569 1293 1616 oppugnandae
1306 1568 1413 1603 urbis
1426 1568 1467 1603 in
1479 1568 1648 1615 primam

227 1637 357 1673 aciem
379 1637 534 1681 afferre,
569 1637 666 1674 satis
688 1637 834 1682 fidens,
868 1638 899 1675 si
924 1639 1205 1675 cunctantibus
1229 1638 1408 1682 instaret,
1439 1638 1648 1673 tumultum

159 1704 214 1745 12
228 1707 403 1755 aliquem
442 1709 483 1744 in
523 1709 620 1744 urbe
659 1709 820 1757 plebem
861 1715 1074 1745 moturam.
1153 1708 1259 1744 Dum
1299 1709 1339 1744 in
1373 1720 1445 1744 sua
1479 1707 1648 1756 quisque

227 1778 447 1814 ministeria
479 1779 661 1815 discursu
695 1780 870 1828 trepidat
903 1780 958 1815 ad
990 1779 1118 1827 prima
1151 1779 1266 1826 signa
1299 1778 1562 1825 succeditque
1595 1777 1649 1813 ad

227 1860 363 1884 muros
396 1849 516 1893 acies,
551 1849 756 1898 patefacta
788 1854 955 1897 repente
983 1854 1102 1897 porta
1124 1848 1338 1885 Marcellus
1362 1848 1478 1896 signa
1501 1859 1647 1885 canere

227 1918 527 1967 clamoremque
552 1920 634 1956 tolli
660 1932 708 1956 ac
732 1919 891 1968 pedites
917 1919 1099 1967 primum,
1127 1919 1279 1955 deinde
1297 1918 1466 1966 equites,
1494 1923 1647 1966 quanto

160 1987 212 2028 13
227 1988 403 2025 maximo
437 1995 606 2038 possent
638 1991 802 2039 impetu,
842 1989 882 2025 in
916 1989 1074 2026 hostem
1109 2001 1318 2037 erumpere
1350 1989 1474 2024 iubet.
1543 1988 1648 2025 Satis

227 2061 388 2096 terroris
407 2061 677 2108 tumultusque
695 2061 737 2096 in
755 2060 882 2096 aciem
900 2060 1079 2096 mediam
1096 2058 1324 2103 intulerant,
1349 2070 1470 2106 quum
1489 2058 1648 2095 duabus

228 2131 334 2167 circa
377 2131 502 2179 portis
542 2131 585 2167 P.
627 2131 811 2167 Valerius
851 2131 1019 2167 Flaccus
1063 2135 1102 2166 et
1136 2128 1181 2165 C.
1217 2129 1398 2166 Aurelius
1443 2129 1564 2178 legati
1606 2129 1648 2166 in

160 2198 215 2239 14
230 2213 383 2238 cornua
406 2201 581 2238 hostium
600 2214 780 2249 erupere.
830 2201 1039 2237 Addidere
1058 2200 1277 2237 clamorem
1296 2199 1382 2236 lixae
1400 2199 1647 2247 calonesque

229 2277 269 2308 et
293 2272 370 2308 alia
394 2272 509 2308 turba
535 2271 730 2308 custodiae
758 2271 1143 2320 impedimentorum
1168 2271 1369 2320 apposita,
1399 2275 1441 2306 ut
1467 2269 1648 2318 paucita-

228 2348 309 2379 tem
352 2342 524 2378 maxime
558 2342 840 2390 spernentibus
873 2342 1008 2379 Poenis
1042 2342 1218 2391 ingentis
1250 2346 1416 2390 repente
1450 2339 1646 2376 exercitus

161 2410 214 2451 15
229 2414 406 2462 speciem
431 2413 582 2450 fecerit.
632 2412 709 2448 Vix
736 2412 925 2460 equidem
953 2413 1081 2448 ausim
1107 2411 1320 2455 affirmare,
1351 2411 1463 2458 quod
1481 2410 1647 2458 quidam

228 2490 415 2521 auctores
449 2489 553 2528 sunt,
586 2484 670 2519 duo
703 2483 823 2519 millia
846 2488 885 2518 et
908 2482 1166 2531 octingentos
1189 2481 1363 2518 hostium
1387 2493 1528 2524 caesos,
1562 2491 1647 2516 non

161 2553 213 2593 16
228 2555 316 2603 plus
335 2554 565 2603 quingentis
584 2554 861 2590 Romanorum
880 2552 1054 2595 amissis;
1080 2553 1167 2596 sed,
1187 2552 1269 2589 sive
1287 2556 1399 2588 tanta
1417 2551 1498 2587 sive
1517 2551 1648 2586 minor

229 2625 395 2661 victoria
421 2624 504 2668 fuit,
530 2624 674 2673 ingens
700 2635 750 2660 eo
777 2623 843 2660 die
868 2634 930 2659 res
955 2635 1002 2659 ac
1026 2623 1166 2659 nescio
1193 2635 1246 2658 an
1263 2621 1436 2658 maxima
1454 2621 1522 2657 illo
1539 2620 1646 2656 bello
