<?xml version="1.0" encoding="UTF-8"?>
<!DOCTYPE html PUBLIC "-//W3C//DTD XHTML 1.0 Transitional//EN"
    "http://www.w3.org/TR/xhtml1/DTD/xhtml1-transitional.dtd">
<html xmlns="http://www.w3.org/1999/xhtml" xml:lang="en" lang="en">
 <head>
  <title>
</title>
<meta http-equiv="Content-Type" content="text/html;charset=utf-8" />
  <meta name='ocr-system' content='tesseract 3.04.00' />
  <meta name='ocr-capabilities' content='ocr_page ocr_carea ocr_par ocr_line ocrx_word'/>
</head>
<body>
  <div class='ocr_page' id='page_1' title='image "./historiarumroman02livyuoft_0547.png"; bbox 0 0 1789 2955; ppageno 0'>
   <div class='ocr_carea' id='block_1_1' title="bbox 505 76 1526 119">
    <p class='ocr_par' dir='ltr' id='par_1_1' title="bbox 505 76 1526 119">
     <span class='ocr_line' id='line_1_1' title="bbox 505 76 1526 119; baseline 0.005 -9"><span class='ocrx_word' id='word_1_1' title='bbox 505 76 621 110; x_wconf 79' lang='lat' dir='ltr'>Liber</span> <span class='ocrx_word' id='word_1_2' title='bbox 646 76 791 111; x_wconf 91' lang='lat' dir='ltr'>XXIX.</span> <span class='ocrx_word' id='word_1_3' title='bbox 832 78 893 119; x_wconf 90' lang='lat' dir='ltr'>(A.</span> <span class='ocrx_word' id='word_1_4' title='bbox 922 76 987 112; x_wconf 82' lang='lat' dir='ltr'>Oh.</span> <span class='ocrx_word' id='word_1_5' title='bbox 1013 76 1107 119; x_wconf 68' lang='lat'><strong>204.)</strong></span> <span class='ocrx_word' id='word_1_6' title='bbox 1445 80 1526 115; x_wconf 80' lang='lat'>217</span> 
     </span>
    </p>
   </div>
   <div class='ocr_carea' id='block_1_2' title="bbox 95 200 1680 2694">
    <p class='ocr_par' dir='ltr' id='par_1_2' title="bbox 95 200 1605 1535">
     <span class='ocr_line' id='line_1_2' title="bbox 99 200 1529 254; baseline -0.002 -13"><span class='ocrx_word' id='word_1_7' title='bbox 99 217 192 254; x_wconf 82' lang='lat' dir='ltr'>pars</span> <span class='ocrx_word' id='word_1_8' title='bbox 225 204 274 241; x_wconf 85' lang='lat' dir='ltr'>ab</span> <span class='ocrx_word' id='word_1_9' title='bbox 306 206 419 252; x_wconf 85' lang='lat' dir='ltr'>tergo</span> <span class='ocrx_word' id='word_1_10' title='bbox 451 217 491 240; x_wconf 87' lang='lat' dir='ltr'>se</span> <span class='ocrx_word' id='word_1_11' title='bbox 523 203 856 249; x_wconf 73' lang='lat' dir='ltr'>circumfudisset,</span> <span class='ocrx_word' id='word_1_12' title='bbox 888 203 1095 240; x_wconf 88' lang='lat' dir='ltr'>victoriam</span> <span class='ocrx_word' id='word_1_13' title='bbox 1127 201 1231 239; x_wconf 81' lang='lat' dir='ltr'>haud</span> <span class='ocrx_word' id='word_1_14' title='bbox 1265 202 1425 240; x_wconf 87' lang='lat' dir='ltr'>dubiam</span> <span class='ocrx_word' id='word_1_15' title='bbox 1458 200 1529 250; x_wconf 78' lang='lat' dir='ltr'>Sy-</span> 
     </span>
     <span class='ocr_line' id='line_1_3' title="bbox 99 262 1529 325; baseline -0.002 -12"><span class='ocrx_word' id='word_1_16' title='bbox 99 276 218 325; x_wconf 87' lang='lat' dir='ltr'>phaci</span> <span class='ocrx_word' id='word_1_17' title='bbox 236 262 373 322; x_wconf 45' lang='lat' dir='ltr'>dedit(</span> <span class='ocrx_word' id='word_1_18' title='bbox 392 278 430 312; x_wconf 86' lang='lat' dir='ltr'>et</span> <span class='ocrx_word' id='word_1_19' title='bbox 446 288 494 312; x_wconf 89' lang='lat' dir='ltr'>ne</span> <span class='ocrx_word' id='word_1_20' title='bbox 513 274 697 324; x_wconf 83' lang='lat' dir='ltr'>effugium</span> <span class='ocrx_word' id='word_1_21' title='bbox 717 274 878 324; x_wconf 89' lang='lat' dir='ltr'>quidem</span> <span class='ocrx_word' id='word_1_22' title='bbox 903 274 1066 323; x_wconf 84' lang='lat' dir='ltr'>patebat</span> <span class='ocrx_word' id='word_1_23' title='bbox 1088 274 1180 310; x_wconf 87' lang='lat' dir='ltr'>hinc</span> <span class='ocrx_word' id='word_1_24' title='bbox 1213 288 1235 311; x_wconf 86' lang='lat' dir='ltr'>a</span> <span class='ocrx_word' id='word_1_25' title='bbox 1266 273 1408 320; x_wconf 86' lang='lat' dir='ltr'>fronte,</span> <span class='ocrx_word' id='word_1_26' title='bbox 1437 273 1529 310; x_wconf 89' lang='lat' dir='ltr'>hinc</span> 
     </span>
     <span class='ocr_line' id='line_1_4' title="bbox 97 345 1570 396; baseline -0.001 -12"><span class='ocrx_word' id='word_1_27' title='bbox 97 346 146 384; x_wconf 87' lang='lat' dir='ltr'>ab</span> <span class='ocrx_word' id='word_1_28' title='bbox 178 349 293 396; x_wconf 83' lang='lat' dir='ltr'>tergo</span> <span class='ocrx_word' id='word_1_29' title='bbox 325 346 501 384; x_wconf 88' lang='lat' dir='ltr'>inclusis.</span> <span class='ocrx_word' id='word_1_30' title='bbox 561 346 704 396; x_wconf 85' lang='lat' dir='ltr'>Itaque</span> <span class='ocrx_word' id='word_1_31' title='bbox 737 346 858 383; x_wconf 87' lang='lat' dir='ltr'>ceteri</span> <span class='ocrx_word' id='word_1_32' title='bbox 890 345 1045 394; x_wconf 86' lang='lat' dir='ltr'>pedites</span> <span class='ocrx_word' id='word_1_33' title='bbox 1077 346 1309 395; x_wconf 87' lang='lat' dir='ltr'>equitesque</span> <span class='ocrx_word' id='word_1_34' title='bbox 1341 345 1432 382; x_wconf 84' lang='lat' dir='ltr'>caesi</span> <span class='ocrx_word' id='word_1_35' title='bbox 1463 347 1570 383; x_wconf 80' lang='lat' dir='ltr'>autss</span> 
     </span>
     <span class='ocr_line' id='line_1_5' title="bbox 99 416 1529 468; baseline 0 -14"><span class='ocrx_word' id='word_1_36' title='bbox 99 418 227 468; x_wconf 73' lang='lat' dir='ltr'>capti,</span> <span class='ocrx_word' id='word_1_37' title='bbox 261 417 450 455; x_wconf 84' lang='lat' dir='ltr'>ducentos</span> <span class='ocrx_word' id='word_1_38' title='bbox 481 418 604 455; x_wconf 86' lang='lat' dir='ltr'>ferme</span> <span class='ocrx_word' id='word_1_39' title='bbox 637 417 791 467; x_wconf 78' lang='lat' dir='ltr'>equites</span> <span class='ocrx_word' id='word_1_40' title='bbox 822 417 1037 454; x_wconf 82' lang='lat' dir='ltr'>Masinissa</span> <span class='ocrx_word' id='word_1_41' title='bbox 1068 417 1174 453; x_wconf 88' lang='lat' dir='ltr'>circa</span> <span class='ocrx_word' id='word_1_42' title='bbox 1205 431 1244 453; x_wconf 78' lang='lat' dir='ltr'>se</span> <span class='ocrx_word' id='word_1_43' title='bbox 1270 416 1529 465; x_wconf 87' lang='lat' dir='ltr'>conglobatos</span> 
     </span>
     <span class='ocr_line' id='line_1_6' title="bbox 103 487 1526 539; baseline -0.001 -12"><span class='ocrx_word' id='word_1_44' title='bbox 103 489 331 539; x_wconf 83' lang='lat' dir='ltr'>divisosque</span> <span class='ocrx_word' id='word_1_45' title='bbox 360 490 567 527; x_wconf 76' lang='lat' dir='ltr'>turmatim</span> <span class='ocrx_word' id='word_1_46' title='bbox 599 490 641 527; x_wconf 86' lang='lat' dir='ltr'>in</span> <span class='ocrx_word' id='word_1_47' title='bbox 670 494 750 526; x_wconf 87' lang='lat' dir='ltr'>tres</span> <span class='ocrx_word' id='word_1_48' title='bbox 774 492 907 538; x_wconf 83' lang='lat' dir='ltr'>partes</span> <span class='ocrx_word' id='word_1_49' title='bbox 940 487 1144 538; x_wconf 82' lang='lat' dir='ltr'>erumpere</span> <span class='ocrx_word' id='word_1_50' title='bbox 1170 488 1294 535; x_wconf 85' lang='lat' dir='ltr'>iubet,</span> <span class='ocrx_word' id='word_1_51' title='bbox 1325 488 1410 525; x_wconf 89' lang='lat' dir='ltr'>loco</span> <span class='ocrx_word' id='word_1_52' title='bbox 1428 502 1526 538; x_wconf 88' lang='lat' dir='ltr'>prae-</span> 
     </span>
     <span class='ocr_line' id='line_1_7' title="bbox 98 559 1569 611; baseline -0.001 -14"><span class='ocrx_word' id='word_1_53' title='bbox 98 560 228 611; x_wconf 80' lang='lat' dir='ltr'>dicto,</span> <span class='ocrx_word' id='word_1_54' title='bbox 276 561 317 598; x_wconf 90' lang='lat' dir='ltr'>in</span> <span class='ocrx_word' id='word_1_55' title='bbox 364 575 479 611; x_wconf 88' lang='lat' dir='ltr'>quem</span> <span class='ocrx_word' id='word_1_56' title='bbox 527 575 574 598; x_wconf 84' lang='lat' dir='ltr'>ex</span> <span class='ocrx_word' id='word_1_57' title='bbox 620 561 816 610; x_wconf 86' lang='lat' dir='ltr'>dissipata</span> <span class='ocrx_word' id='word_1_58' title='bbox 855 559 1114 597; x_wconf 88' lang='lat' dir='ltr'>convenirent</span> <span class='ocrx_word' id='word_1_59' title='bbox 1144 559 1250 609; x_wconf 85' lang='lat' dir='ltr'>fuga.</span> <span class='ocrx_word' id='word_1_60' title='bbox 1311 559 1415 609; x_wconf 85' lang='lat' dir='ltr'>Ipse,</span> <span class='ocrx_word' id='word_1_61' title='bbox 1448 562 1569 609; x_wconf 63' lang='lat' dir='ltr'>qua?</span> 
     </span>
     <span class='ocr_line' id='line_1_8' title="bbox 99 631 1529 683; baseline -0.001 -14"><span class='ocrx_word' id='word_1_62' title='bbox 99 632 335 683; x_wconf 68' lang='lat' dir='ltr'>intenderat,</span> <span class='ocrx_word' id='word_1_63' title='bbox 355 633 461 670; x_wconf 82' lang='lat' dir='ltr'>inter</span> <span class='ocrx_word' id='word_1_64' title='bbox 477 633 607 670; x_wconf 88' lang='lat' dir='ltr'>media</span> <span class='ocrx_word' id='word_1_65' title='bbox 624 633 706 671; x_wconf 87' lang='lat' dir='ltr'>tela</span> <span class='ocrx_word' id='word_1_66' title='bbox 722 633 899 670; x_wconf 87' lang='lat' dir='ltr'>hostium</span> <span class='ocrx_word' id='word_1_67' title='bbox 917 632 1059 678; x_wconf 74' lang='lat' dir='ltr'>evasit,</span> <span class='ocrx_word' id='word_1_68' title='bbox 1092 631 1180 668; x_wconf 82' lang='lat' dir='ltr'>duae</span> <span class='ocrx_word' id='word_1_69' title='bbox 1196 635 1337 668; x_wconf 84' lang='lat' dir='ltr'>turmae</span> <span class='ocrx_word' id='word_1_70' title='bbox 1354 631 1505 668; x_wconf 74' lang='lat' dir='ltr'>haesere</span> <span class='ocrx_word' id='word_1_71' title='bbox 1522 646 1529 677; x_wconf 87' lang='lat'>;</span> 
     </span>
     <span class='ocr_line' id='line_1_9' title="bbox 97 702 1529 754; baseline -0.003 -12"><span class='ocrx_word' id='word_1_72' title='bbox 97 705 224 742; x_wconf 79' lang='lat' dir='ltr'>altera</span> <span class='ocrx_word' id='word_1_73' title='bbox 268 709 375 743; x_wconf 89' lang='lat' dir='ltr'>metu</span> <span class='ocrx_word' id='word_1_74' title='bbox 414 705 550 743; x_wconf 87' lang='lat' dir='ltr'>dedita</span> <span class='ocrx_word' id='word_1_75' title='bbox 595 706 711 752; x_wconf 79' lang='lat' dir='ltr'>hosti,</span> <span class='ocrx_word' id='word_1_76' title='bbox 755 704 1003 754; x_wconf 74' lang='lat' dir='ltr'>pertinacior</span> <span class='ocrx_word' id='word_1_77' title='bbox 1050 704 1088 740; x_wconf 87' lang='lat' dir='ltr'>in</span> <span class='ocrx_word' id='word_1_78' title='bbox 1130 702 1391 753; x_wconf 83' lang='lat' dir='ltr'>repugnando</span> <span class='ocrx_word' id='word_1_79' title='bbox 1437 702 1529 739; x_wconf 89' lang='lat' dir='ltr'>telis</span> 
     </span>
     <span class='ocr_line' id='line_1_10' title="bbox 99 775 1573 825; baseline -0.003 -11"><span class='ocrx_word' id='word_1_80' title='bbox 99 777 243 814; x_wconf 85' lang='lat' dir='ltr'>obruta</span> <span class='ocrx_word' id='word_1_81' title='bbox 275 780 315 813; x_wconf 88' lang='lat' dir='ltr'>et</span> <span class='ocrx_word' id='word_1_82' title='bbox 346 776 501 815; x_wconf 84' lang='lat' dir='ltr'>confixa</span> <span class='ocrx_word' id='word_1_83' title='bbox 541 780 611 816; x_wconf 86' lang='lat' dir='ltr'>est.</span> <span class='ocrx_word' id='word_1_84' title='bbox 680 776 913 814; x_wconf 83' lang='lat' dir='ltr'>Verminam</span> <span class='ocrx_word' id='word_1_85' title='bbox 946 788 1070 825; x_wconf 85' lang='lat' dir='ltr'>prope</span> <span class='ocrx_word' id='word_1_86' title='bbox 1101 775 1284 823; x_wconf 81' lang='lat' dir='ltr'>vestigiis</span> <span class='ocrx_word' id='word_1_87' title='bbox 1316 775 1531 811; x_wconf 72' lang='lat' dir='ltr'>instantem</span> <span class='ocrx_word' id='word_1_88' title='bbox 1550 776 1573 811; x_wconf 67' lang='lat' dir='ltr'>S</span> 
     </span>
     <span class='ocr_line' id='line_1_11' title="bbox 96 846 1529 898; baseline -0.001 -14"><span class='ocrx_word' id='word_1_89' title='bbox 96 848 137 885; x_wconf 90' lang='lat' dir='ltr'>in</span> <span class='ocrx_word' id='word_1_90' title='bbox 168 848 249 886; x_wconf 88' lang='lat' dir='ltr'>alia</span> <span class='ocrx_word' id='word_1_91' title='bbox 280 850 400 898; x_wconf 84' lang='lat' dir='ltr'>atque</span> <span class='ocrx_word' id='word_1_92' title='bbox 433 849 511 886; x_wconf 85' lang='lat' dir='ltr'>alia</span> <span class='ocrx_word' id='word_1_93' title='bbox 542 849 735 886; x_wconf 87' lang='lat' dir='ltr'>flectendo</span> <span class='ocrx_word' id='word_1_94' title='bbox 768 848 915 885; x_wconf 87' lang='lat' dir='ltr'>itinera</span> <span class='ocrx_word' id='word_1_95' title='bbox 932 847 1106 893; x_wconf 87' lang='lat' dir='ltr'>eludens,</span> <span class='ocrx_word' id='word_1_96' title='bbox 1130 847 1249 884; x_wconf 84' lang='lat' dir='ltr'>taedio</span> <span class='ocrx_word' id='word_1_97' title='bbox 1276 850 1313 883; x_wconf 86' lang='lat' dir='ltr'>et</span> <span class='ocrx_word' id='word_1_98' title='bbox 1346 846 1529 896; x_wconf 85' lang='lat' dir='ltr'>despera-</span> 
     </span>
     <span class='ocr_line' id='line_1_12' title="bbox 95 918 1530 968; baseline -0.001 -12"><span class='ocrx_word' id='word_1_99' title='bbox 95 919 204 957; x_wconf 85' lang='lat' dir='ltr'>tione</span> <span class='ocrx_word' id='word_1_100' title='bbox 234 920 396 958; x_wconf 86' lang='lat' dir='ltr'>tandem</span> <span class='ocrx_word' id='word_1_101' title='bbox 435 921 581 959; x_wconf 88' lang='lat' dir='ltr'>fessum</span> <span class='ocrx_word' id='word_1_102' title='bbox 628 921 822 959; x_wconf 85' lang='lat' dir='ltr'>absistere</span> <span class='ocrx_word' id='word_1_103' title='bbox 870 918 1070 968; x_wconf 88' lang='lat' dir='ltr'>sequendo</span> <span class='ocrx_word' id='word_1_104' title='bbox 1118 919 1264 966; x_wconf 73' lang='lat' dir='ltr'>coegit,</span> <span class='ocrx_word' id='word_1_105' title='bbox 1312 919 1396 968; x_wconf 90' lang='lat' dir='ltr'>ipse</span> <span class='ocrx_word' id='word_1_106' title='bbox 1442 932 1530 955; x_wconf 89' lang='lat' dir='ltr'>cum</span> 
     </span>
     <span class='ocr_line' id='line_1_13' title="bbox 96 990 1570 1042; baseline -0.001 -14"><span class='ocrx_word' id='word_1_107' title='bbox 96 992 307 1041; x_wconf 76' lang='lat' dir='ltr'>sexaginta</span> <span class='ocrx_word' id='word_1_108' title='bbox 339 993 541 1042; x_wconf 88' lang='lat' dir='ltr'>equitibus</span> <span class='ocrx_word' id='word_1_109' title='bbox 573 993 623 1030; x_wconf 90' lang='lat' dir='ltr'>ad</span> <span class='ocrx_word' id='word_1_110' title='bbox 658 993 850 1030; x_wconf 85' lang='lat' dir='ltr'>minorem</span> <span class='ocrx_word' id='word_1_111' title='bbox 891 991 1042 1039; x_wconf 82' lang='lat' dir='ltr'>Syrtim</span> <span class='ocrx_word' id='word_1_112' title='bbox 1076 990 1273 1040; x_wconf 84' lang='lat' dir='ltr'>pervenit.</span> <span class='ocrx_word' id='word_1_113' title='bbox 1336 991 1401 1027; x_wconf 77' lang='lat' dir='ltr'>Ibi</span> <span class='ocrx_word' id='word_1_114' title='bbox 1442 1004 1529 1027; x_wconf 90' lang='lat' dir='ltr'>cum</span> <span class='ocrx_word' id='word_1_115' title='bbox 1549 992 1570 1025; x_wconf 69' lang='grc'>9</span> 
     </span>
     <span class='ocr_line' id='line_1_14' title="bbox 96 1062 1531 1115; baseline -0.001 -15"><span class='ocrx_word' id='word_1_116' title='bbox 96 1064 338 1101; x_wconf 87' lang='lat' dir='ltr'>conscientia</span> <span class='ocrx_word' id='word_1_117' title='bbox 370 1065 534 1114; x_wconf 84' lang='lat' dir='ltr'>egregia</span> <span class='ocrx_word' id='word_1_118' title='bbox 573 1079 677 1115; x_wconf 87' lang='lat' dir='ltr'>saepe</span> <span class='ocrx_word' id='word_1_119' title='bbox 716 1064 877 1114; x_wconf 85' lang='lat' dir='ltr'>repetiti</span> <span class='ocrx_word' id='word_1_120' title='bbox 918 1063 1033 1112; x_wconf 83' lang='lat' dir='ltr'>regni</span> <span class='ocrx_word' id='word_1_121' title='bbox 1064 1062 1222 1112; x_wconf 88' lang='lat' dir='ltr'>paterni</span> <span class='ocrx_word' id='word_1_122' title='bbox 1255 1062 1360 1099; x_wconf 88' lang='lat' dir='ltr'>inter</span> <span class='ocrx_word' id='word_1_123' title='bbox 1377 1062 1531 1099; x_wconf 87' lang='lat' dir='ltr'>Punica</span> 
     </span>
     <span class='ocr_line' id='line_1_15' title="bbox 99 1132 1531 1186; baseline -0.001 -15"><span class='ocrx_word' id='word_1_124' title='bbox 99 1134 291 1184; x_wconf 87' lang='lat' dir='ltr'>Emporia</span> <span class='ocrx_word' id='word_1_125' title='bbox 321 1139 560 1186; x_wconf 71' lang='lat' dir='ltr'>gentemque</span> <span class='ocrx_word' id='word_1_126' title='bbox 593 1136 878 1175; x_wconf 80' lang='lat' dir='ltr'>Garamantum</span> <span class='ocrx_word' id='word_1_127' title='bbox 919 1149 1031 1172; x_wconf 85' lang='lat' dir='ltr'>omne</span> <span class='ocrx_word' id='word_1_128' title='bbox 1061 1138 1217 1181; x_wconf 87' lang='lat' dir='ltr'>tempus</span> <span class='ocrx_word' id='word_1_129' title='bbox 1249 1148 1375 1183; x_wconf 89' lang='lat' dir='ltr'>usque</span> <span class='ocrx_word' id='word_1_130' title='bbox 1408 1133 1457 1170; x_wconf 84' lang='lat' dir='ltr'>ad</span> <span class='ocrx_word' id='word_1_131' title='bbox 1489 1132 1531 1170; x_wconf 85' lang='lat' dir='ltr'>C.</span> 
     </span>
     <span class='ocr_line' id='line_1_16' title="bbox 96 1206 1530 1258; baseline -0.001 -14"><span class='ocrx_word' id='word_1_132' title='bbox 96 1207 215 1245; x_wconf 83' lang='lat' dir='ltr'>Laelii</span> <span class='ocrx_word' id='word_1_133' title='bbox 247 1209 464 1258; x_wconf 87' lang='lat' dir='ltr'>classisque</span> <span class='ocrx_word' id='word_1_134' title='bbox 494 1209 684 1246; x_wconf 66' lang='lat' dir='ltr'>Romana?</span> <span class='ocrx_word' id='word_1_135' title='bbox 724 1209 937 1245; x_wconf 87' lang='lat' dir='ltr'>adventum</span> <span class='ocrx_word' id='word_1_136' title='bbox 980 1207 1020 1243; x_wconf 88' lang='lat' dir='ltr'>in</span> <span class='ocrx_word' id='word_1_137' title='bbox 1053 1207 1236 1245; x_wconf 83' lang='lat' dir='ltr'>Africam</span> <span class='ocrx_word' id='word_1_138' title='bbox 1276 1206 1530 1255; x_wconf 85' lang='lat' dir='ltr'>consumpsit.</span> 
     </span>
     <span class='ocr_line' id='line_1_17' title="bbox 95 1277 1605 1329; baseline -0.002 -13"><span class='ocrx_word' id='word_1_139' title='bbox 95 1279 194 1317; x_wconf 88' lang='lat' dir='ltr'>Haec</span> <span class='ocrx_word' id='word_1_140' title='bbox 227 1280 401 1318; x_wconf 86' lang='lat' dir='ltr'>animum</span> <span class='ocrx_word' id='word_1_141' title='bbox 432 1281 650 1329; x_wconf 81' lang='lat' dir='ltr'>inclinant,</span> <span class='ocrx_word' id='word_1_142' title='bbox 697 1284 741 1318; x_wconf 92' lang='lat' dir='ltr'>ut</span> <span class='ocrx_word' id='word_1_143' title='bbox 782 1294 869 1317; x_wconf 90' lang='lat' dir='ltr'>cum</span> <span class='ocrx_word' id='word_1_144' title='bbox 902 1279 1057 1316; x_wconf 88' lang='lat' dir='ltr'>modico</span> <span class='ocrx_word' id='word_1_145' title='bbox 1102 1279 1236 1328; x_wconf 87' lang='lat' dir='ltr'>potius</span> <span class='ocrx_word' id='word_1_146' title='bbox 1283 1292 1400 1328; x_wconf 83' lang='lat' dir='ltr'>quam</span> <span class='ocrx_word' id='word_1_147' title='bbox 1448 1291 1535 1314; x_wconf 90' lang='lat' dir='ltr'>cum</span> <span class='ocrx_word' id='word_1_148' title='bbox 1556 1277 1605 1313; x_wconf 59' lang='grc' dir='ltr'>ΥΟ</span> 
     </span>
     <span class='ocr_line' id='line_1_18' title="bbox 98 1349 1531 1403; baseline -0.001 -16"><span class='ocrx_word' id='word_1_149' title='bbox 98 1364 242 1399; x_wconf 83' lang='lat' dir='ltr'>magno</span> <span class='ocrx_word' id='word_1_150' title='bbox 273 1352 462 1401; x_wconf 80' lang='lat' dir='ltr'>praesidio</span> <span class='ocrx_word' id='word_1_151' title='bbox 491 1353 671 1403; x_wconf 87' lang='lat' dir='ltr'>equitum</span> <span class='ocrx_word' id='word_1_152' title='bbox 696 1353 746 1391; x_wconf 84' lang='lat' dir='ltr'>ad</span> <span class='ocrx_word' id='word_1_153' title='bbox 764 1351 993 1402; x_wconf 82' lang='lat' dir='ltr'>Scipionem</span> <span class='ocrx_word' id='word_1_154' title='bbox 1019 1364 1178 1400; x_wconf 88' lang='lat' dir='ltr'>quoque</span> <span class='ocrx_word' id='word_1_155' title='bbox 1210 1353 1347 1400; x_wconf 80' lang='lat' dir='ltr'>postea</span> <span class='ocrx_word' id='word_1_156' title='bbox 1378 1349 1531 1387; x_wconf 85' lang='lat' dir='ltr'>venisse</span> 
     </span>
     <span class='ocr_line' id='line_1_19' title="bbox 96 1421 1530 1476; baseline -0.001 -17"><span class='ocrx_word' id='word_1_157' title='bbox 96 1422 355 1462; x_wconf 87' lang='lat' dir='ltr'>Masinissam</span> <span class='ocrx_word' id='word_1_158' title='bbox 371 1425 550 1472; x_wconf 86' lang='lat' dir='ltr'>credam;</span> <span class='ocrx_word' id='word_1_159' title='bbox 584 1426 732 1476; x_wconf 86' lang='lat' dir='ltr'>quippe</span> <span class='ocrx_word' id='word_1_160' title='bbox 764 1425 836 1462; x_wconf 84' lang='lat' dir='ltr'>illa</span> <span class='ocrx_word' id='word_1_161' title='bbox 852 1423 1037 1472; x_wconf 85' lang='lat' dir='ltr'>regnanti</span> <span class='ocrx_word' id='word_1_162' title='bbox 1065 1421 1293 1469; x_wconf 88' lang='lat' dir='ltr'>multitudo,</span> <span class='ocrx_word' id='word_1_163' title='bbox 1320 1423 1404 1459; x_wconf 82' lang='lat' dir='ltr'>haec</span> <span class='ocrx_word' id='word_1_164' title='bbox 1436 1435 1530 1472; x_wconf 85' lang='lat' dir='ltr'>pau-</span> 
     </span>
     <span class='ocr_line' id='line_1_20' title="bbox 99 1494 954 1535; baseline 0.001 -4"><span class='ocrx_word' id='word_1_165' title='bbox 99 1494 197 1532; x_wconf 86' lang='lat' dir='ltr'>citas</span> <span class='ocrx_word' id='word_1_166' title='bbox 229 1496 380 1533; x_wconf 88' lang='lat' dir='ltr'>exsulis</span> <span class='ocrx_word' id='word_1_167' title='bbox 410 1497 580 1534; x_wconf 85' lang='lat' dir='ltr'>fortunae</span> <span class='ocrx_word' id='word_1_168' title='bbox 613 1497 853 1535; x_wconf 88' lang='lat' dir='ltr'>conveniens</span> <span class='ocrx_word' id='word_1_169' title='bbox 885 1498 954 1533; x_wconf 88' lang='lat' dir='ltr'>est.</span> 
     </span>
    </p>

    <p class='ocr_par' dir='ltr' id='par_1_3' title="bbox 99 1561 1680 2694">
     <span class='ocr_line' id='line_1_21' title="bbox 219 1561 1680 1624; baseline -0.002 -20"><span class='ocrx_word' id='word_1_170' title='bbox 219 1566 581 1616; x_wconf 84' lang='lat' dir='ltr'>Carthaginienses,</span> <span class='ocrx_word' id='word_1_171' title='bbox 614 1569 676 1607; x_wconf 87' lang='lat' dir='ltr'>ala</span> <span class='ocrx_word' id='word_1_172' title='bbox 709 1569 889 1624; x_wconf 73' lang='lat' dir='ltr'>equitum</span> <span class='ocrx_word' id='word_1_173' title='bbox 923 1580 1009 1604; x_wconf 89' lang='lat' dir='ltr'>cum</span> <span class='ocrx_word' id='word_1_174' title='bbox 1042 1566 1230 1616; x_wconf 78' lang='lat' dir='ltr'>praefecto</span> <span class='ocrx_word' id='word_1_175' title='bbox 1263 1566 1423 1612; x_wconf 80' lang='lat' dir='ltr'>amissa,</span> <span class='ocrx_word' id='word_1_176' title='bbox 1455 1565 1533 1602; x_wconf 84' lang='lat' dir='ltr'>alio</span> <span class='ocrx_word' id='word_1_177' title='bbox 1624 1561 1680 1609; x_wconf 78' lang='lat'>34</span> 
     </span>
     <span class='ocr_line' id='line_1_22' title="bbox 99 1637 1532 1689; baseline -0.001 -15"><span class='ocrx_word' id='word_1_178' title='bbox 99 1638 282 1687; x_wconf 89' lang='lat' dir='ltr'>equitatu</span> <span class='ocrx_word' id='word_1_179' title='bbox 312 1653 384 1689; x_wconf 86' lang='lat' dir='ltr'>per</span> <span class='ocrx_word' id='word_1_180' title='bbox 415 1654 562 1678; x_wconf 89' lang='lat' dir='ltr'>novum</span> <span class='ocrx_word' id='word_1_181' title='bbox 594 1641 783 1678; x_wconf 88' lang='lat' dir='ltr'>dilectum</span> <span class='ocrx_word' id='word_1_182' title='bbox 826 1642 1073 1689; x_wconf 76' lang='lat' dir='ltr'>comparato,</span> <span class='ocrx_word' id='word_1_183' title='bbox 1104 1637 1344 1675; x_wconf 88' lang='lat' dir='ltr'>Hannonem</span> <span class='ocrx_word' id='word_1_184' title='bbox 1376 1637 1532 1674; x_wconf 87' lang='lat' dir='ltr'>Hamil-</span> 
     </span>
     <span class='ocr_line' id='line_1_23' title="bbox 99 1708 1574 1762; baseline -0.002 -15"><span class='ocrx_word' id='word_1_185' title='bbox 99 1710 202 1747; x_wconf 85' lang='lat' dir='ltr'>caris</span> <span class='ocrx_word' id='word_1_186' title='bbox 233 1710 361 1748; x_wconf 89' lang='lat' dir='ltr'>filium</span> <span class='ocrx_word' id='word_1_187' title='bbox 393 1711 630 1762; x_wconf 70' lang='lat' dir='ltr'>praeficiunt.</span> <span class='ocrx_word' id='word_1_188' title='bbox 693 1711 990 1750; x_wconf 85' lang='lat' dir='ltr'>Hasdrubalem</span> <span class='ocrx_word' id='word_1_189' title='bbox 1034 1709 1203 1747; x_wconf 85' lang='lat' dir='ltr'>subinde</span> <span class='ocrx_word' id='word_1_190' title='bbox 1235 1723 1278 1746; x_wconf 86' lang='lat' dir='ltr'>ac</span> <span class='ocrx_word' id='word_1_191' title='bbox 1312 1708 1532 1758; x_wconf 77' lang='lat' dir='ltr'>Syphacem</span> <span class='ocrx_word' id='word_1_192' title='bbox 1553 1710 1574 1744; x_wconf 64' lang='grc' dir='ltr'>ἱ)</span> 
     </span>
     <span class='ocr_line' id='line_1_24' title="bbox 99 1782 1530 1834; baseline -0.001 -16"><span class='ocrx_word' id='word_1_193' title='bbox 99 1794 170 1830; x_wconf 85' lang='lat' dir='ltr'>per</span> <span class='ocrx_word' id='word_1_194' title='bbox 200 1782 357 1820; x_wconf 86' lang='lat' dir='ltr'>litteras</span> <span class='ocrx_word' id='word_1_195' title='bbox 375 1784 626 1834; x_wconf 80' lang='lat' dir='ltr'>nuntiosque,</span> <span class='ocrx_word' id='word_1_196' title='bbox 657 1788 857 1834; x_wconf 89' lang='lat' dir='ltr'>postremo</span> <span class='ocrx_word' id='word_1_197' title='bbox 883 1783 1003 1820; x_wconf 80' lang='lat' dir='ltr'>etiam</span> <span class='ocrx_word' id='word_1_198' title='bbox 1027 1795 1099 1831; x_wconf 92' lang='lat' dir='ltr'>per</span> <span class='ocrx_word' id='word_1_199' title='bbox 1124 1782 1278 1829; x_wconf 81' lang='lat' dir='ltr'>legatos</span> <span class='ocrx_word' id='word_1_200' title='bbox 1306 1783 1530 1825; x_wconf 77' lang='lat' dir='ltr'>arcessunt3</span> 
     </span>
     <span class='ocr_line' id='line_1_25' title="bbox 99 1852 1533 1906; baseline -0.001 -16"><span class='ocrx_word' id='word_1_201' title='bbox 99 1852 395 1892; x_wconf 85' lang='lat' dir='ltr'>Hasdrubalem</span> <span class='ocrx_word' id='word_1_202' title='bbox 427 1869 540 1905; x_wconf 90' lang='lat' dir='ltr'>opem</span> <span class='ocrx_word' id='word_1_203' title='bbox 571 1857 674 1894; x_wconf 85' lang='lat' dir='ltr'>ferre</span> <span class='ocrx_word' id='word_1_204' title='bbox 719 1869 846 1906; x_wconf 83' lang='lat' dir='ltr'>prope</span> <span class='ocrx_word' id='word_1_205' title='bbox 891 1855 1158 1891; x_wconf 75' lang='lat' dir='ltr'>circumsessae</span> <span class='ocrx_word' id='word_1_206' title='bbox 1204 1853 1343 1902; x_wconf 77' lang='lat' dir='ltr'>patriae</span> <span class='ocrx_word' id='word_1_207' title='bbox 1379 1852 1533 1897; x_wconf 68' lang='lat' dir='ltr'>iubent,</span> 
     </span>
     <span class='ocr_line' id='line_1_26' title="bbox 101 1922 1534 1977; baseline -0.001 -16"><span class='ocrx_word' id='word_1_208' title='bbox 101 1922 316 1975; x_wconf 84' lang='lat' dir='ltr'>Syphacem</span> <span class='ocrx_word' id='word_1_209' title='bbox 351 1931 476 1974; x_wconf 87' lang='lat' dir='ltr'>orant,</span> <span class='ocrx_word' id='word_1_210' title='bbox 506 1931 550 1965; x_wconf 89' lang='lat' dir='ltr'>ut</span> <span class='ocrx_word' id='word_1_211' title='bbox 568 1928 815 1977; x_wconf 80' lang='lat' dir='ltr'>Carthagini,</span> <span class='ocrx_word' id='word_1_212' title='bbox 846 1930 892 1963; x_wconf 90' lang='lat' dir='ltr'>ut</span> <span class='ocrx_word' id='word_1_213' title='bbox 916 1927 1111 1963; x_wconf 76' lang='lat' dir='ltr'>universae</span> <span class='ocrx_word' id='word_1_214' title='bbox 1138 1924 1288 1962; x_wconf 79' lang='lat' dir='ltr'>Africae</span> <span class='ocrx_word' id='word_1_215' title='bbox 1314 1924 1534 1961; x_wconf 83' lang='lat' dir='ltr'>subveniat.</span> 
     </span>
     <span class='ocr_line' id='line_1_27' title="bbox 105 1996 1577 2049; baseline -0.001 -15"><span class='ocrx_word' id='word_1_216' title='bbox 105 1996 174 2034; x_wconf 87' lang='lat' dir='ltr'>Ad</span> <span class='ocrx_word' id='word_1_217' title='bbox 206 1997 370 2037; x_wconf 83' lang='lat' dir='ltr'>Uticam</span> <span class='ocrx_word' id='word_1_218' title='bbox 402 2004 487 2037; x_wconf 88' lang='lat' dir='ltr'>tum</span> <span class='ocrx_word' id='word_1_219' title='bbox 519 2004 650 2038; x_wconf 79' lang='lat' dir='ltr'>castra</span> <span class='ocrx_word' id='word_1_220' title='bbox 681 1999 835 2049; x_wconf 81' lang='lat' dir='ltr'>Scipio,</span> <span class='ocrx_word' id='word_1_221' title='bbox 881 2000 1004 2036; x_wconf 86' lang='lat' dir='ltr'>ferme</span> <span class='ocrx_word' id='word_1_222' title='bbox 1037 1997 1144 2035; x_wconf 88' lang='lat' dir='ltr'>mille</span> <span class='ocrx_word' id='word_1_223' title='bbox 1175 2010 1314 2046; x_wconf 84' lang='lat' dir='ltr'>passus</span> <span class='ocrx_word' id='word_1_224' title='bbox 1346 1997 1395 2033; x_wconf 85' lang='lat' dir='ltr'>ab</span> <span class='ocrx_word' id='word_1_225' title='bbox 1426 1996 1536 2042; x_wconf 86' lang='lat' dir='ltr'>urbe,</span> <span class='ocrx_word' id='word_1_226' title='bbox 1555 1997 1577 2032; x_wconf 66' lang='grc' dir='ltr'>ὃ</span> 
     </span>
     <span class='ocr_line' id='line_1_28' title="bbox 103 2068 1538 2122; baseline -0.001 -16"><span class='ocrx_word' id='word_1_227' title='bbox 103 2069 289 2122; x_wconf 77' lang='lat' dir='ltr'>habebat,</span> <span class='ocrx_word' id='word_1_228' title='bbox 322 2072 516 2110; x_wconf 86' lang='lat' dir='ltr'>translata</span> <span class='ocrx_word' id='word_1_229' title='bbox 546 2085 568 2110; x_wconf 88' lang='lat' dir='ltr'>a</span> <span class='ocrx_word' id='word_1_230' title='bbox 599 2072 712 2119; x_wconf 87' lang='lat' dir='ltr'>mari,</span> <span class='ocrx_word' id='word_1_231' title='bbox 744 2071 814 2109; x_wconf 90' lang='lat' dir='ltr'>ubi</span> <span class='ocrx_word' id='word_1_232' title='bbox 845 2084 992 2121; x_wconf 88' lang='lat' dir='ltr'>paucos</span> <span class='ocrx_word' id='word_1_233' title='bbox 1025 2070 1110 2107; x_wconf 85' lang='lat' dir='ltr'>dies</span> <span class='ocrx_word' id='word_1_234' title='bbox 1142 2069 1287 2106; x_wconf 87' lang='lat' dir='ltr'>stativa</span> <span class='ocrx_word' id='word_1_235' title='bbox 1327 2068 1538 2105; x_wconf 83' lang='lat' dir='ltr'>coniuncta</span> 
     </span>
     <span class='ocr_line' id='line_1_29' title="bbox 102 2139 1576 2193; baseline -0.001 -17"><span class='ocrx_word' id='word_1_236' title='bbox 102 2140 221 2178; x_wconf 81' lang='lat' dir='ltr'>classi</span> <span class='ocrx_word' id='word_1_237' title='bbox 253 2143 423 2181; x_wconf 86' lang='lat' dir='ltr'>fuerant.</span> <span class='ocrx_word' id='word_1_238' title='bbox 470 2143 629 2191; x_wconf 85' lang='lat' dir='ltr'>Hanno,</span> <span class='ocrx_word' id='word_1_239' title='bbox 661 2157 913 2193; x_wconf 81' lang='lat' dir='ltr'>nequaquam</span> <span class='ocrx_word' id='word_1_240' title='bbox 947 2143 1042 2180; x_wconf 88' lang='lat' dir='ltr'>satis</span> <span class='ocrx_word' id='word_1_241' title='bbox 1068 2141 1203 2179; x_wconf 88' lang='lat' dir='ltr'>valido</span> <span class='ocrx_word' id='word_1_242' title='bbox 1235 2154 1312 2178; x_wconf 88' lang='lat' dir='ltr'>non</span> <span class='ocrx_word' id='word_1_243' title='bbox 1346 2139 1462 2177; x_wconf 87' lang='lat' dir='ltr'>modo</span> <span class='ocrx_word' id='word_1_244' title='bbox 1486 2139 1576 2176; x_wconf 70' lang='lat' dir='ltr'>ad4</span> 
     </span>
     <span class='ocr_line' id='line_1_30' title="bbox 104 2211 1536 2264; baseline -0.001 -15"><span class='ocrx_word' id='word_1_245' title='bbox 104 2211 377 2252; x_wconf 82' lang='lat' dir='ltr'>lacessendum</span> <span class='ocrx_word' id='word_1_246' title='bbox 396 2216 559 2263; x_wconf 86' lang='lat' dir='ltr'>hostem,</span> <span class='ocrx_word' id='word_1_247' title='bbox 577 2216 645 2254; x_wconf 91' lang='lat' dir='ltr'>sed</span> <span class='ocrx_word' id='word_1_248' title='bbox 661 2229 710 2253; x_wconf 87' lang='lat' dir='ltr'>ne</span> <span class='ocrx_word' id='word_1_249' title='bbox 728 2215 779 2253; x_wconf 88' lang='lat' dir='ltr'>ad</span> <span class='ocrx_word' id='word_1_250' title='bbox 794 2215 961 2252; x_wconf 87' lang='lat' dir='ltr'>tuendos</span> <span class='ocrx_word' id='word_1_251' title='bbox 981 2214 1141 2264; x_wconf 88' lang='lat' dir='ltr'>quidem</span> <span class='ocrx_word' id='word_1_252' title='bbox 1168 2227 1190 2250; x_wconf 89' lang='lat' dir='ltr'>a</span> <span class='ocrx_word' id='word_1_253' title='bbox 1206 2211 1536 2263; x_wconf 83' lang='lat' dir='ltr'>populationibus</span> 
     </span>
     <span class='ocr_line' id='line_1_31' title="bbox 107 2284 1536 2337; baseline -0.001 -16"><span class='ocrx_word' id='word_1_254' title='bbox 107 2297 223 2333; x_wconf 85' lang='lat' dir='ltr'>agros</span> <span class='ocrx_word' id='word_1_255' title='bbox 243 2287 426 2336; x_wconf 88' lang='lat' dir='ltr'>equitatu</span> <span class='ocrx_word' id='word_1_256' title='bbox 458 2290 634 2337; x_wconf 84' lang='lat' dir='ltr'>accepto,</span> <span class='ocrx_word' id='word_1_257' title='bbox 652 2287 693 2325; x_wconf 91' lang='lat' dir='ltr'>id</span> <span class='ocrx_word' id='word_1_258' title='bbox 711 2288 885 2325; x_wconf 88' lang='lat' dir='ltr'>omnium</span> <span class='ocrx_word' id='word_1_259' title='bbox 903 2287 1074 2336; x_wconf 89' lang='lat' dir='ltr'>primum</span> <span class='ocrx_word' id='word_1_260' title='bbox 1092 2285 1187 2334; x_wconf 86' lang='lat' dir='ltr'>egit,</span> <span class='ocrx_word' id='word_1_261' title='bbox 1212 2288 1257 2321; x_wconf 89' lang='lat' dir='ltr'>ut</span> <span class='ocrx_word' id='word_1_262' title='bbox 1280 2298 1350 2334; x_wconf 84' lang='lat' dir='ltr'>per</span> <span class='ocrx_word' id='word_1_263' title='bbox 1375 2284 1536 2333; x_wconf 84' lang='lat' dir='ltr'>conqui—</span> 
     </span>
     <span class='ocr_line' id='line_1_32' title="bbox 105 2354 1584 2409; baseline -0.001 -16"><span class='ocrx_word' id='word_1_264' title='bbox 105 2356 291 2395; x_wconf 84' lang='lat' dir='ltr'>sitionem</span> <span class='ocrx_word' id='word_1_265' title='bbox 308 2373 514 2397; x_wconf 87' lang='lat' dir='ltr'>numerum</span> <span class='ocrx_word' id='word_1_266' title='bbox 534 2360 713 2409; x_wconf 84' lang='lat' dir='ltr'>equitum</span> <span class='ocrx_word' id='word_1_267' title='bbox 731 2362 915 2408; x_wconf 72' lang='lat' dir='ltr'>augeret,</span> <span class='ocrx_word' id='word_1_268' title='bbox 941 2371 1012 2395; x_wconf 86' lang='lat' dir='ltr'>nec</span> <span class='ocrx_word' id='word_1_269' title='bbox 1030 2358 1197 2395; x_wconf 85' lang='lat' dir='ltr'>aliarum</span> <span class='ocrx_word' id='word_1_270' title='bbox 1215 2356 1393 2405; x_wconf 83' lang='lat' dir='ltr'>gentium</span> <span class='ocrx_word' id='word_1_271' title='bbox 1411 2368 1543 2404; x_wconf 84' lang='lat' dir='ltr'>asper·</span> <span class='ocrx_word' id='word_1_272' title='bbox 1563 2354 1584 2391; x_wconf 81' lang='grc'>5</span> 
     </span>
     <span class='ocr_line' id='line_1_33' title="bbox 104 2425 1538 2479; baseline -0.002 -14"><span class='ocrx_word' id='word_1_273' title='bbox 104 2432 232 2479; x_wconf 77' lang='lat' dir='ltr'>natus,</span> <span class='ocrx_word' id='word_1_274' title='bbox 258 2432 429 2470; x_wconf 87' lang='lat' dir='ltr'>maxime</span> <span class='ocrx_word' id='word_1_275' title='bbox 445 2436 578 2469; x_wconf 86' lang='lat' dir='ltr'>tamen</span> <span class='ocrx_word' id='word_1_276' title='bbox 596 2431 790 2470; x_wconf 85' lang='lat' dir='ltr'>Numidas</span> <span class='ocrx_word' id='word_1_277' title='bbox 809 2430 867 2479; x_wconf 87' lang='lat' dir='ltr'>(id</span> <span class='ocrx_word' id='word_1_278' title='bbox 892 2431 1010 2478; x_wconf 85' lang='lat' dir='ltr'>longe</span> <span class='ocrx_word' id='word_1_279' title='bbox 1027 2429 1198 2479; x_wconf 89' lang='lat' dir='ltr'>primum</span> <span class='ocrx_word' id='word_1_280' title='bbox 1217 2428 1396 2477; x_wconf 83' lang='lat' dir='ltr'>equitum</span> <span class='ocrx_word' id='word_1_281' title='bbox 1421 2427 1460 2463; x_wconf 86' lang='lat' dir='ltr'>in</span> <span class='ocrx_word' id='word_1_282' title='bbox 1480 2425 1538 2463; x_wconf 93' lang='lat' dir='ltr'>A-</span> 
     </span>
     <span class='ocr_line' id='line_1_34' title="bbox 106 2498 1585 2553; baseline -0.003 -15"><span class='ocrx_word' id='word_1_283' title='bbox 106 2501 207 2539; x_wconf 79' lang='lat' dir='ltr'>frica</span> <span class='ocrx_word' id='word_1_284' title='bbox 225 2506 283 2540; x_wconf 87' lang='lat' dir='ltr'>est</span> <span class='ocrx_word' id='word_1_285' title='bbox 300 2505 438 2553; x_wconf 83' lang='lat' dir='ltr'>genus)</span> <span class='ocrx_word' id='word_1_286' title='bbox 458 2503 657 2541; x_wconf 88' lang='lat' dir='ltr'>conducit.</span> <span class='ocrx_word' id='word_1_287' title='bbox 689 2502 775 2540; x_wconf 90' lang='lat' dir='ltr'>Iam</span> <span class='ocrx_word' id='word_1_288' title='bbox 792 2502 843 2539; x_wconf 87' lang='lat' dir='ltr'>ad</span> <span class='ocrx_word' id='word_1_289' title='bbox 859 2504 1050 2551; x_wconf 86' lang='lat' dir='ltr'>quattuor</span> <span class='ocrx_word' id='word_1_290' title='bbox 1074 2500 1203 2537; x_wconf 87' lang='lat' dir='ltr'>millia</span> <span class='ocrx_word' id='word_1_291' title='bbox 1227 2500 1406 2549; x_wconf 86' lang='lat' dir='ltr'>equitum</span> <span class='ocrx_word' id='word_1_292' title='bbox 1424 2498 1542 2536; x_wconf 84' lang='lat' dir='ltr'>habe·</span> <span class='ocrx_word' id='word_1_293' title='bbox 1564 2499 1585 2534; x_wconf 72' lang='lat'>(3</span> 
     </span>
     <span class='ocr_line' id='line_1_35' title="bbox 105 2570 1539 2624; baseline -0.003 -14"><span class='ocrx_word' id='word_1_294' title='bbox 105 2573 184 2622; x_wconf 86' lang='lat' dir='ltr'>bat,</span> <span class='ocrx_word' id='word_1_295' title='bbox 216 2588 336 2624; x_wconf 90' lang='lat' dir='ltr'>quum</span> <span class='ocrx_word' id='word_1_296' title='bbox 355 2575 544 2613; x_wconf 77' lang='lat' dir='ltr'>Salaecam</span> <span class='ocrx_word' id='word_1_297' title='bbox 576 2575 736 2613; x_wconf 90' lang='lat' dir='ltr'>nomine</span> <span class='ocrx_word' id='word_1_298' title='bbox 751 2575 890 2612; x_wconf 84' lang='lat' dir='ltr'>urbem</span> <span class='ocrx_word' id='word_1_299' title='bbox 922 2572 1133 2622; x_wconf 81' lang='lat' dir='ltr'>occupavit</span> <span class='ocrx_word' id='word_1_300' title='bbox 1162 2570 1389 2621; x_wconf 88' lang='lat' dir='ltr'>quindecim</span> <span class='ocrx_word' id='word_1_301' title='bbox 1417 2570 1539 2607; x_wconf 86' lang='lat' dir='ltr'>ferme</span> 
     </span>
     <span class='ocr_line' id='line_1_36' title="bbox 105 2642 1583 2694; baseline -0.005 -10"><span class='ocrx_word' id='word_1_302' title='bbox 105 2646 234 2684; x_wconf 85' lang='lat' dir='ltr'>millia</span> <span class='ocrx_word' id='word_1_303' title='bbox 265 2647 315 2685; x_wconf 86' lang='lat' dir='ltr'>ab</span> <span class='ocrx_word' id='word_1_304' title='bbox 346 2647 537 2685; x_wconf 84' lang='lat' dir='ltr'>Romanis</span> <span class='ocrx_word' id='word_1_305' title='bbox 570 2647 725 2686; x_wconf 87' lang='lat' dir='ltr'>castris.</span> <span class='ocrx_word' id='word_1_306' title='bbox 787 2645 905 2693; x_wconf 74' lang='lat' dir='ltr'>Quod</span> <span class='ocrx_word' id='word_1_307' title='bbox 944 2644 1016 2682; x_wconf 90' lang='lat' dir='ltr'>ubi</span> <span class='ocrx_word' id='word_1_308' title='bbox 1048 2643 1229 2694; x_wconf 85' lang='lat' dir='ltr'>Scipioni</span> <span class='ocrx_word' id='word_1_309' title='bbox 1268 2642 1438 2679; x_wconf 81' lang='lat' dir='ltr'>relatum</span> <span class='ocrx_word' id='word_1_310' title='bbox 1471 2644 1539 2687; x_wconf 88' lang='lat' dir='ltr'>est,</span> <span class='ocrx_word' id='word_1_311' title='bbox 1562 2643 1583 2676; x_wconf 81' lang='lat'><strong>7</strong></span> 
     </span>
    </p>
   </div>
  </div>
 </body>
</html>
