1789 2955
544 97 649 128 Liber
667 97 794 128 XXIII.
840 97 895 137 (A.
924 98 985 128 Ch.
1013 97 1108 139 215.)
1448 99 1528 139 16]·

528 171 541 186 Ι

113 228 221 278 pani,
254 229 350 265 nihil
383 229 609 266 admodum
642 228 787 265 viribus
821 228 901 265 suis
934 229 1120 273 fidentes,
1162 230 1301 278 egredi
1333 230 1459 279 portis
1493 237 1532 266 et

114 305 243 336 castra
275 305 369 336 ante
403 300 540 336 urbem
573 300 614 335 in
648 302 789 347 aperto
823 299 1085 335 communire.
1149 300 1226 336 Sex
1258 301 1380 336 millia
1404 299 1595 338 arma-11

113 374 242 406 torum
276 370 496 415 habebant,
529 370 711 418 peditem
742 369 958 413 imbellem,
993 370 1172 417 equitatu
1204 371 1293 419 plus
1320 376 1529 419 poterant;

111 440 246 488 itaque
280 440 532 488 equestribus
564 426 714 489 proeliis
738 440 996 476 lacessebant
1018 440 1190 476 hostem.
1254 441 1361 478 Inter
1384 443 1530 479 multos
1550 440 1601 479 12

110 511 268 548 nobiles
295 512 450 559 equites
476 509 712 559 Campanos
731 510 920 547 Cerrinus
938 510 1134 547 Vibellius
1160 517 1256 556 erat,
1284 513 1529 561 cognomine

110 581 284 618 Taurea.
355 581 461 618 Civis
501 582 685 617 indidem
719 586 816 625 erat,
857 582 979 629 longe
1013 581 1193 618 omnium
1227 582 1530 632 Campanorum

109 651 349 689 fortissimus
383 663 520 700 eques,
556 652 663 687 adeo
696 657 751 696 ut,
787 663 908 699 quum
943 652 1053 699 apud
1086 653 1298 690 Romanos
1330 654 1529 697 militaret,

107 733 209 758 unus
234 734 323 758 eum
350 723 560 759 Romanus
586 721 780 758 Claudius
803 722 960 758 Asellus
985 723 1113 771 gloria
1139 724 1313 772 equestri
1338 730 1527 772 aequaret.

106 791 222 829 Tunc
237 792 411 836 Taurea,
430 805 552 841 quum
571 792 639 828 diu
656 793 902 841 perlustrans
921 793 1047 830 oculis
1061 794 1339 842 obequitasset
1353 795 1529 831 hostium
1547 792 1599 832 13

106 863 256 907 turmis,
284 864 451 899 tandem
471 862 630 899 silentio
651 862 772 906 facto,
798 863 865 898 ubi
885 868 993 900 esset
1011 863 1205 900 Claudius
1224 865 1393 908 Asellus,
1423 878 1530 913 quae-

105 933 194 969 sivit
235 938 287 977 et,
329 934 520 981 quoniam
556 932 685 969 verbis
719 945 855 969 secum
889 934 942 969 de
974 934 1115 970 virtute
1149 935 1354 984 ambigere
1389 935 1528 972 solitus
1546 932 1599 972 14

105 1008 224 1048 esset,
260 1016 328 1040 cur
360 1016 444 1041 non
469 1003 574 1040 ferro
602 1004 840 1040 decerneret
865 1005 1062 1052 daretque
1088 1005 1224 1053 opima
1250 1006 1379 1055 spolia
1404 1006 1529 1043 victus

103 1079 172 1110 aut
203 1074 330 1111 victor
363 1079 540 1124 caperet.
605 1073 703 1111 Haec
737 1074 803 1110 ubi
830 1075 967 1111 Asello
995 1080 1086 1112 sunt
1112 1076 1295 1112 nuntiata
1320 1076 1359 1113 in
1384 1081 1528 1120 castra,
1593 1071 1657 1115 47

102 1144 144 1179 id
169 1146 297 1181 modo
323 1149 516 1187 moratus,
551 1149 593 1180 ut
617 1145 825 1180 consulem
851 1151 1169 1193 percontaretur,
1202 1147 1393 1184 liceretne
1418 1152 1527 1183 extra

102 1215 287 1252 ordinem
311 1216 351 1253 in
387 1219 681 1264 provocantem
704 1215 862 1251 hostem
880 1228 1075 1264 pugnare,
1101 1217 1297 1265 permissu
1316 1217 1400 1254 eius
1419 1229 1528 1253 arma

118 1287 308 1335 xtemplo
342 1287 461 1335 cepit,
495 1290 791 1334 provectusque
825 1290 919 1322 ante
953 1288 1150 1324 stationes
1184 1300 1291 1336 equo
1325 1286 1569 1326 Tauream?

99 1356 268 1393 nomine
293 1357 550 1406 compellavit
574 1356 865 1404 congredique.
897 1357 965 1393 ubi
991 1358 1122 1402 vellet,
1155 1358 1282 1395 iussit.
1337 1359 1422 1395 Iam
1447 1361 1529 1396 Ro·
1545 1357 1569 1396 3

100 1427 210 1463 mani
236 1428 290 1464 ad
314 1428 589 1477 spectaculum
608 1439 755 1476 pugnae
774 1427 859 1463 eius
878 1427 1111 1476 frequentes
1130 1429 1323 1474 exierant,
1350 1435 1390 1466 et
1408 1430 1527 1467 Cam-

100 1498 196 1546 pani
237 1510 322 1534 non
355 1499 500 1535 vallum
533 1498 661 1534 modo
695 1503 931 1541 castrorum,
974 1499 1047 1535 sed
1080 1499 1231 1536 moenia
1256 1493 1385 1536 'etiam
1419 1501 1526 1537 urbis

101 1574 412 1616 prospectantes
444 1569 709 1617 repleverant.
775 1568 909 1614 Quum
941 1569 1021 1605 iam
1055 1574 1149 1606 ante
1180 1570 1382 1607 ferocibus
1409 1568 1567 1608 dictis4

100 1650 185 1674 rem
204 1639 499 1682 nobilitassent,
518 1638 675 1675 infestis
693 1638 818 1675 hastis
837 1639 1093 1676 concitarunt
1111 1652 1258 1688 equos;
1285 1641 1380 1677 dein
1399 1642 1525 1679 libero

102 1709 234 1758 spatio
274 1709 376 1746 inter
410 1722 452 1746 se
485 1709 739 1745 ludificantes
773 1709 859 1745 sine
893 1710 1056 1746 vulnere
1088 1723 1267 1759 pugnam
1301 1713 1523 1748 extrahere.

101 1780 205 1816 Tum
233 1779 467 1829 Campanus
493 1780 682 1816 Romano
713 1779 969 1827 «Equorum»
1002 1781 1130 1829 inquit
1158 1782 1276 1825 «hoc,
1304 1794 1387 1818 non
1413 1780 1565 1831 equi-5

100 1856 183 1886 tum
216 1851 289 1887 erit
321 1854 539 1894 certamen,
573 1849 649 1886 nisi
673 1862 695 1886 e
720 1862 867 1898 campo
890 1850 931 1886 in
958 1863 1097 1887 cavam
1122 1852 1228 1888 hanc
1251 1852 1355 1888 viam
1382 1854 1526 1890 demit—

100 1919 219 1957 timus
252 1933 394 1969 equos.
457 1920 516 1956 Ibi
549 1921 659 1956 nullo
693 1921 747 1956 ad
776 1921 1034 1969 evagandum
1061 1922 1193 1970 spatio
1219 1923 1402 1960 cominus
1428 1936 1525 1961 con-

101 1996 283 2028 serentur
306 2004 489 2028 manus.»
542 1991 662 2027 Dicto
688 2003 817 2040 prope
843 1991 958 2027 citius
983 2003 1129 2039 equum
1148 1992 1188 2028 in
1207 1993 1309 2029 viam
1330 1993 1524 2032 Claudius
1541 1992 1564 2029 Γ)

101 2061 262 2099 deiecit.
327 2062 500 2104 Taurea,
535 2061 664 2098 verbis
691 2061 865 2098 ferocior
891 2074 1011 2110 quam
1038 2074 1093 2106 re,
1128 2062 1334 2109 «Minime,
1360 2064 1438 2102 sis»
1465 2066 1524 2102 in-

101 2132 198 2180 quit,
229 2132 503 2170 «cantherium
527 2132 567 2168 in
593 2132 794 2175 fossam»3
821 2144 909 2180 quae
934 2144 1011 2168 vox
1035 2132 1075 2168 in
1102 2133 1292 2170 rusticum
1316 2134 1413 2171 inde
1430 2148 1523 2184 pro-

101 2202 277 2238 verbium
313 2203 475 2251 prodita
509 2207 581 2239 est.
646 2201 841 2239 Claudius
875 2215 997 2251 quum
1030 2215 1079 2239 ea
1103 2203 1166 2239 via
1192 2204 1315 2253 longe
1339 2203 1562 2254 perequi—7

102 2266 241 2317 uisset,
268 2273 378 2310 nullo
404 2274 524 2309 obvio
550 2273 668 2309 hoste
686 2272 726 2309 in
745 2285 933 2322 campum
952 2285 1086 2310 rursus
1104 2279 1280 2320 evectus,
1306 2275 1523 2325 increpans

102 2343 303 2392 ignaviam
333 2343 473 2388 hostis,
504 2356 592 2380 cum
618 2355 769 2392 magno
793 2344 947 2393 gaudio
973 2349 1013 2380 et
1035 2345 1308 2393 gratulatione
1332 2345 1459 2381 victor
1482 2344 1519 2380 in

103 2417 233 2449 castra
257 2414 374 2450 redit.
433 2414 537 2451 Huic
563 2427 710 2463 pugnae
735 2415 909 2463 equestri
935 2427 1032 2458 rem,
1059 2426 1178 2463 quam
1205 2427 1299 2451 vera
1325 2415 1385 2458 sit,
1412 2427 1522 2451 com-
1538 2418 1562 2453 >5

102 2483 233 2520 munis
258 2484 499 2521 existimatio
525 2490 598 2528 est,
622 2484 845 2521 mirabilem
872 2490 980 2522 certe
999 2486 1195 2522 adiiciunt
1212 2485 1378 2534 quidam
1396 2497 1522 2521 anna-

102 2553 178 2590 les:
203 2566 323 2602 quum
342 2554 608 2603 refugientem
624 2556 678 2591 ad
692 2556 831 2591 urbem
847 2555 1050 2592 Tauream
1066 2555 1259 2592 Claudius
1275 2559 1521 2603 sequeretur,
