1789 2955
277 97 327 134 18
669 93 784 128 Liber
808 93 952 128 XXVI.
1002 95 1064 137 (A.
1090 106 1123 128 u.
1151 105 1179 129 c.
1206 95 1303 138 543.)

273 222 460 269 facerent,
486 221 699 270 quicquam
724 234 899 269 unquam
923 220 1037 270 pensi
1064 221 1225 267 fuisset3
1259 221 1393 270 itaque
1427 235 1466 259 se
1491 235 1577 259 eam
1602 236 1707 272 quae-

231 293 253 329 5
274 293 441 331 stionem
460 305 741 342 oppressurum
760 292 1140 341 exstincturumque.
1202 292 1269 329 Ab
1294 293 1369 330 hoc
1387 306 1565 331 sermone
1583 307 1705 344 quum

275 364 446 412 digressi
474 366 615 408 essent,
649 366 688 400 et
711 362 871 412 Appius
903 363 1081 412 quamvis
1106 364 1293 401 ferociter
1325 365 1553 414 loquentem
1586 365 1704 403 colle-

276 449 366 484 gam
404 448 481 472 non
515 435 719 472 dubitaret
758 438 888 472 tamen
936 435 1090 472 litteras
1129 448 1248 484 super
1278 439 1390 472 tanta
1427 450 1470 473 re
1501 437 1550 474 ab
1581 436 1710 474 Roma

230 508 252 543 6
273 510 602 556 exspectaturum,
644 506 823 552 Fulvius,
864 519 912 542 ne
956 506 997 542 id
1025 506 1154 555 ipsum
1186 507 1514 556 impedimentum
1547 508 1707 557 incepto

274 580 386 624 foret,
414 578 619 614 dimittens
637 578 865 626 praetorium
882 578 1054 614 tribunis
1078 578 1251 615 militum
1284 592 1327 615 ac
1345 579 1543 628 praefectis
1561 580 1711 616 socium

274 650 501 699 imperavit,
517 650 577 686 uti
595 649 751 686 duobus
768 649 948 686 millibus
966 649 1144 698 equitum
1163 649 1327 687 delectis
1345 650 1638 696 denuntiarent,
1666 652 1711 687 ut

233 723 253 757 7
274 721 323 759 ad
355 721 515 758 tertiam
547 720 735 757 bucinam
766 725 913 770 praesto
947 724 1086 758 essent.
1149 720 1248 758 Cum
1278 722 1352 758 hoc
1383 722 1564 771 equitatu
1595 724 1712 759 nocte

275 793 452 830 Teanum
476 793 689 842 profectus,
721 793 850 842 prima
872 794 958 829 luce
989 796 1146 842 portam
1173 793 1339 830 intravit
1365 798 1484 843 atque
1515 794 1557 830 in
1581 794 1711 831 forum

275 865 474 914 perrexit;
522 877 794 913 concursuque
826 863 876 901 ad
915 865 1086 913 primum
1128 865 1303 914 equitum
1345 865 1562 913 ingressum
1596 865 1713 912 facto,

279 937 559 986 magistratum
593 935 817 973 Sidicinum
857 936 972 973 citari
1016 935 1130 973 iussit
1161 936 1462 986 imperavitque,
1493 940 1537 973 ut
1567 935 1713 986 produ-

231 1009 255 1044 8
275 1014 381 1046 ceret
412 1008 646 1057 Campanos,
679 1021 776 1057 quos
819 1007 858 1044 in
892 1007 1074 1044 custodia
1110 1008 1289 1045 haberet.
1350 1008 1547 1045 Producti
1578 1020 1712 1045 omnes

276 1081 481 1129 virgisque
514 1080 604 1117 caesi
635 1093 677 1116 ac
721 1079 848 1116 securi
894 1080 1085 1128 percussi.
1159 1080 1261 1116 Inde
1309 1080 1430 1117 citato
1463 1093 1563 1129 equo
1597 1079 1712 1116 Cales

276 1152 494 1202 percurrit3
526 1151 597 1188 ubi
624 1165 745 1201 quum
773 1151 813 1187 in
830 1151 1027 1188 tribunali
1056 1151 1299 1188 consedisset
1314 1152 1580 1201 productique
1599 1151 1713 1189 Cam-

276 1224 372 1273 pani
415 1223 688 1271 deligarentur
735 1222 786 1259 ad
830 1223 977 1272 palum,
1024 1236 1143 1272 eques
1189 1224 1290 1260 citus
1336 1223 1386 1261 ab
1431 1223 1560 1260 Roma
1604 1223 1714 1261 venit

277 1296 513 1344 litterasque
546 1309 568 1332 a
600 1294 642 1333 C.
677 1294 897 1343 Calpurnio
938 1298 1109 1344 praetore
1141 1295 1286 1332 Fulvio
1334 1298 1373 1332 et
1417 1298 1575 1332 senatus
1621 1308 1713 1332 con-

231 1368 253 1404 9
274 1368 422 1404 sultum
454 1367 593 1403 tradit.
652 1367 835 1403 Murmur
867 1367 916 1403 ab
948 1367 1146 1403 tribunali
1192 1371 1316 1404 totam
1362 1367 1585 1404 contionem
1623 1379 1712 1415 per-

276 1440 392 1485 vasit,
420 1439 572 1475 differri
589 1452 671 1475 rem
700 1438 899 1486 integram
917 1437 965 1474 ad
983 1442 1116 1487 patres
1143 1439 1191 1475 de
1210 1437 1445 1487 Campanis3
1477 1442 1516 1475 et
1533 1438 1713 1485 Fulvius,

278 1512 319 1547 id
352 1512 408 1548 ita
440 1524 523 1548 esse
554 1513 678 1555 ratus,
719 1513 902 1558 acceptas
942 1509 1096 1547 litteras
1128 1523 1257 1559 neque
1289 1510 1485 1547 resolutas
1517 1523 1638 1559 quum
1670 1510 1714 1547 in

278 1584 428 1632 gremio
461 1583 715 1632 reposuisset,
747 1581 921 1630 praeconi
946 1581 1169 1630 imperavit,
1201 1585 1246 1618 ut
1271 1582 1455 1618 lictorem
1481 1582 1567 1629 lege
1598 1595 1714 1629 agere

277 1656 443 1692 iuberet.
503 1655 567 1690 Ita
614 1653 662 1689 de
708 1653 756 1690 iis
803 1666 976 1702 quoque,
1023 1653 1091 1702 qui
1130 1653 1294 1690 Calibus
1340 1656 1465 1698 erant.
1512 1656 1713 1702 sumptum

205 1726 254 1762 lO
273 1726 525 1776 supplicium.
586 1724 687 1761 Tum
720 1725 865 1761 litterae
897 1725 1010 1761 lectae
1043 1729 1282 1774 senatusque
1315 1725 1551 1771 consultum,
1582 1738 1713 1762 serum

279 1798 329 1835 ad
361 1797 656 1846 impediendam
689 1809 770 1833 rem
809 1799 949 1841 actam,
995 1809 1082 1845 quae
1126 1810 1278 1833 summa
1323 1809 1396 1845 ope
1445 1799 1715 1846 approperata

210 1870 251 1906 11
278 1874 374 1916 erat,
407 1883 454 1906 ne
486 1868 672 1918 impediri
702 1871 848 1917 posset.
911 1867 1226 1916 Consurgentem
1252 1868 1329 1904 iam
1357 1868 1542 1905 Fulvium
1560 1867 1716 1905 Taurea

280 1941 483 1979 Vibellius
512 1940 749 1990 Campanus.
784 1953 855 1989 per
887 1939 1057 1977 mediam
1088 1939 1236 1977 vadens
1267 1939 1438 1988 turbam,
1472 1939 1629 1976 nomine
1655 1939 1713 1976 in-

281 2013 478 2059 clamavit,
504 2016 543 2049 et
569 2025 689 2061 quum
718 2011 990 2062 mirabundus,
1017 2011 1206 2060 quidnam
1233 2024 1316 2048 sese
1341 2011 1475 2057 vellet,
1500 2010 1716 2048 resedisset

210 2085 259 2121 l?
279 2085 459 2130 Flaccus,
494 2084 586 2130 „Me
618 2085 800 2132 quoque“
837 2082 967 2131 inquit
1003 2083 1120 2128 „iube
1151 2082 1291 2128 occidi,
1322 2086 1367 2119 ut
1393 2082 1559 2131 gloriari
1585 2083 1713 2132 possis

280 2156 404 2192 multo
437 2156 653 2200 fortiorem,
687 2167 804 2203 quam
837 2154 923 2203 ipse
955 2167 1007 2200 es,
1039 2154 1166 2191 virum
1209 2154 1280 2191 abs
1309 2157 1349 2191 te
1381 2154 1554 2191 occisum
1587 2156 1709 2192 esse.“

207 2228 257 2264 13
276 2227 407 2274 Quum
440 2227 612 2264 Flaccus
644 2229 808 2273 negaret
840 2226 1018 2275 profecto
1059 2226 1155 2263 satis
1187 2230 1407 2275 compotem
1441 2225 1584 2262 ment-is
1617 2238 1713 2271 esse,

281 2299 397 2336 modo
423 2298 628 2348 prohiberi
657 2297 774 2334 etiam
803 2310 855 2342 se,
883 2297 915 2333 si
942 2297 982 2332 id
1009 2296 1142 2343 vellet,
1167 2301 1324 2334 senatus
1350 2298 1531 2334 consulto
1550 2297 1714 2343 diceret,

209 2370 258 2406 14
277 2374 360 2407 tum
379 2370 581 2407 Vibellius
610 2369 805 2416 „Quando
831 2368 1016 2417 quidem-⁴
1046 2368 1187 2417 inquit,
1217 2373 1358 2418 ⁷‚capta
1383 2368 1525 2418 patria,
1552 2369 1713 2417 propin-

283 2443 370 2491 quis
389 2442 606 2491 amicisque
626 2441 791 2487 amissis,
815 2453 936 2489 quum
961 2440 1044 2488 ipse
1062 2453 1181 2476 manu
1206 2453 1291 2477 mea
1316 2440 1524 2488 coniugem
1548 2439 1713 2477 liberos·

283 2528 357 2563 que
383 2513 659 2559 interfecerim,
691 2525 739 2549 ne
771 2511 867 2561 quid
900 2511 1058 2559 indigni
1089 2514 1333 2560 paterentur,
1363 2511 1463 2548 mihi
1494 2524 1542 2548 ne
1574 2511 1713 2548 mortis

282 2585 441 2634 quidem
475 2585 589 2634 copia
621 2584 756 2622 eadem
797 2586 868 2629 est,
916 2595 1003 2631 quae
1043 2582 1105 2619 his
1153 2583 1305 2619 civibus
1351 2583 1462 2629 meis,
1501 2586 1660 2632 petatur
1691 2596 1714 2620 a

214 2658 264 2695 15
282 2656 431 2694 virtute
451 2655 587 2692 invisae
615 2656 735 2693 huius
759 2655 852 2693 vitae
879 2653 1096 2691 vindicta.“
1161 2654 1299 2703 Atque
1330 2654 1390 2691 ita
1419 2654 1566 2702 gladio,
1597 2666 1714 2703 quem
