1789 2955
235 118 320 159 202
655 115 757 147 Liber
779 115 902 146 XXIV.
942 115 997 158 (A.
1020 126 1050 146 u.
1073 126 1102 146 e.
1126 114 1221 157 540.)

235 247 334 290 fore,
361 247 392 283 si
418 247 543 283 duces
567 247 753 283 amentiae
772 246 915 283 sublati
933 252 1082 290 essent,
1108 246 1323 282 exercitum
1341 247 1493 282 ducunt
1511 245 1650 294 Mega-

167 316 221 358 10
234 329 290 359 ra,
324 317 398 364 ipsi
431 328 521 352 cum
554 316 693 365 paucis
726 316 925 364 equitibus
954 316 1179 352 Herbesum
1213 316 1529 364 proficiscuntur,
1563 328 1648 364 spe,

166 388 215 427 11
234 387 376 423 territis
403 386 602 430 omnibus,
630 399 702 434 per
725 387 999 435 proditionem
1024 387 1131 422 urbis
1157 387 1378 434 potiundae.
1428 385 1554 431 Quod
1583 385 1649 421 ubi

234 457 377 494 frustra
401 456 459 493 eis
485 456 558 492 fuit
581 456 800 504 inceptum,
827 458 862 492 vi
890 457 1096 505 agendum
1113 456 1187 491 rati
1205 461 1371 504 postero
1390 456 1455 491 die
1473 455 1650 504 Megaris

234 532 364 563 castra
403 531 581 571 movent,
621 532 663 562 ut
696 525 923 563 Herbesum
963 525 1150 562 omnibus
1190 526 1318 574 copiis
1351 532 1649 574 oppugnarent.

166 597 218 637 12
233 597 505 645 Hippocrates
538 601 578 632 et
603 596 806 645 Epicydes
839 609 923 632 non
956 601 1038 632 tam
1067 600 1195 631 tutum
1218 596 1345 644 prima
1370 596 1505 644 specie
1529 608 1650 644 quam

233 680 369 711 unum,
396 680 467 715 spe
490 666 671 714 undique
695 667 866 710 abscisa,
894 665 1105 702 consilium
1123 677 1213 702 esse
1230 666 1318 710 rati,
1343 671 1386 701 ut
1403 678 1446 701 se
1463 666 1650 703 militibus

233 737 510 786 permitterent
551 743 591 773 et
629 738 798 774 assuetis
839 748 988 784 magna
1021 748 1069 771 ex
1102 741 1216 784 parte
1249 735 1323 772 sibi
1356 741 1396 772 et
1428 742 1510 773 tum
1543 737 1651 774 fama

166 808 217 848 13
237 807 361 844 caedis
373 807 691 844 commilitonum
706 807 900 850 accensis,
916 805 1075 842 obviam
1089 805 1237 854 agmini
1247 807 1488 854 procedunt.
1521 807 1652 844 Prima

234 877 336 913 forte
369 877 484 926 signa
517 883 798 914 sexcentorum
835 875 1088 912 Cretensium
1121 881 1247 920 erant,
1282 876 1348 923 qui
1372 877 1482 924 apud
1507 876 1651 914 Hiero-

235 960 395 995 nymum
421 952 650 984 meruerant
674 948 746 984 sub
773 947 830 984 eis
856 952 896 983 et
915 945 1155 982 Hannibalis
1172 945 1414 982 beneficium
1431 946 1649 991 habebant,

233 1018 341 1066 capti
367 1019 421 1053 ad
449 1018 774 1054 Trasumennum
800 1018 902 1053 inter
928 1017 1208 1053 Romanorum
1233 1016 1377 1052 auxilia
1402 1016 1650 1066 dimissique.

164 1089 218 1129 14
234 1089 348 1134 Quos
376 1088 442 1124 ubi
460 1100 508 1124 ex
529 1088 652 1137 signis
670 1099 955 1135 armorumque
973 1086 1111 1123 habitu
1131 1098 1361 1135 cognovere
1380 1086 1651 1136 Hippocrates

232 1166 354 1206 atque
386 1157 605 1206 Epicydes,
646 1170 781 1195 ramos
822 1158 922 1194 oleae
963 1169 1010 1193 ac
1050 1157 1277 1193 velamenta
1317 1157 1394 1193 alia
1427 1159 1650 1207 supplicum

233 1227 486 1276 porrigentes
527 1240 656 1272 orare,
699 1233 742 1264 ut
781 1227 1008 1275 reciperent
1051 1238 1154 1271 sese,
1200 1232 1387 1276 receptos
1430 1234 1652 1266 tutarentur

232 1311 312 1334 neu
339 1299 561 1346 proderent
584 1297 858 1346 Syracusanis,
888 1310 912 1333 a
940 1298 1084 1345 quibus
1107 1297 1183 1345 ipsi
1206 1309 1300 1333 mox
1325 1298 1553 1335 trucidandi
1578 1311 1652 1347 po-

129 1367 174 1412 3Ι
237 1369 332 1417 pulo
358 1369 546 1404 Romano
572 1369 831 1404 dederentur.
895 1368 1111 1404 Enimvero
1136 1368 1406 1412 conclamant,
1432 1370 1585 1405 bonum
1610 1375 1653 1406 ut

232 1440 409 1475 animum
442 1439 658 1482 haberent3
698 1450 861 1474 omnem
894 1450 938 1475 se
970 1450 1060 1475 cum
1092 1437 1166 1474 illis
1199 1438 1401 1475 fortunam
1434 1439 1647 1476 subituros.

194 1509 340 1550 21nter
364 1510 442 1546 hoc
468 1508 714 1557 colloquium
739 1508 854 1557 signa
879 1509 1145 1545 constiterant
1169 1509 1461 1557 tenebaturque
1487 1521 1647 1557 agmen,

232 1580 422 1623 necdum,
447 1591 536 1626 quae
562 1590 685 1615 morae
711 1590 834 1615 causa
859 1579 975 1622 foret,
1001 1584 1240 1627 pervenerat
1264 1580 1318 1615 ad
1347 1580 1486 1615 duces.
1534 1580 1650 1616 Post-

233 1662 353 1698 quam
371 1649 652 1697 Hippocraten
677 1654 798 1697 atque
816 1648 1029 1697 Epicyden
1055 1650 1186 1685 adesse
1210 1649 1384 1697 pervasit
1400 1661 1547 1693 rumor,
1574 1649 1649 1686 fre·

232 1720 433 1767 mitusque
451 1724 538 1756 toto
558 1719 720 1768 agmine
738 1723 824 1755 erat
841 1719 951 1755 haud
969 1719 1091 1755 dubie
1105 1719 1417 1767 approbantium
1430 1720 1648 1756 adventum

233 1802 385 1834 eorum,
406 1790 608 1838 extemplo
627 1794 819 1838 praetores
838 1789 966 1825 citatis
985 1789 1098 1837 equis
1116 1790 1170 1825 ad
1187 1789 1315 1838 prima
1332 1789 1448 1838 signa
1465 1802 1650 1838 perrexe-

192 1861 217 1901 3
232 1866 334 1897 runt.
384 1860 463 1906 Qui
486 1872 576 1897 mos
600 1860 677 1904 ille,
704 1872 792 1908 quae
810 1859 972 1896 licentia
990 1858 1242 1896 Cretensium
1265 1865 1385 1904 esset,
1411 1860 1648 1908 rogitantes,

233 1931 435 1979 colloquia
471 1929 632 1967 serendi
666 1941 756 1966 cum
788 1930 906 1965 hoste
937 1929 1171 1978 iniussuque
1203 1935 1417 1978 praetorum
1451 1931 1649 1967 miscendi

233 2013 306 2037 eos
331 2000 481 2049 agmini
506 2011 593 2044 suo,
620 1999 912 2048 comprehendi
936 1999 1124 2047 iniicique
1150 2005 1316 2036 catenas
1333 2000 1534 2037 iusserunt
1550 2000 1650 2050 Hip-

191 2070 401 2119 4pocrati.
465 2071 530 2106 Ad
563 2082 683 2118 quam
716 2082 857 2107 vocem
890 2075 1025 2106 tantus
1059 2071 1261 2118 extemplo
1295 2070 1464 2118 primum
1497 2083 1521 2107 a
1554 2070 1650 2108 Cre-

234 2141 414 2177 tensibus
438 2141 590 2177 clamor
614 2145 675 2176 est
698 2146 820 2184 ortus,
852 2141 1004 2177 deinde
1030 2145 1221 2189 exceptus
1247 2141 1298 2176 ab
1324 2140 1423 2185 aliis,
1451 2146 1494 2177 ut
1517 2141 1647 2185 facile,

192 2211 219 2252 5
234 2212 265 2248 si
290 2211 390 2247 ultra
413 2211 641 2255 tenderent,
673 2216 887 2259 appareret
911 2211 968 2247 eis
993 2210 1218 2247 timendum
1243 2222 1345 2247 esse.
1403 2211 1567 2248 Solliciti
1591 2212 1649 2248 in-

235 2281 411 2329 certique
442 2293 573 2317 rerum
607 2293 765 2317 suarum
796 2280 977 2329 Megara,
1011 2282 1121 2317 unde
1154 2280 1324 2329 profecti
1353 2287 1479 2326 erant,
1513 2281 1650 2318 referri

235 2352 351 2399 signa
374 2351 525 2396 iubent,
551 2351 796 2399 nuntiosque
821 2352 873 2386 de
897 2356 1002 2387 statu
1027 2351 1214 2399 praesenti
1232 2352 1451 2399 Syracusas
1475 2351 1648 2388 mittunt.

194 2422 219 2462 6
236 2422 436 2458 Fraudem
470 2433 633 2470 quoque
658 2421 930 2470 Hippocrates
955 2421 1072 2457 addit
1095 2421 1296 2458 inclinatis
1320 2421 1373 2456 ad
1399 2432 1560 2457 ornnem
1587 2433 1650 2458 su·

236 2493 461 2541 spicionem
494 2491 650 2535 animis,
685 2497 725 2527 et
749 2490 1001 2528 Cretensium
1034 2491 1275 2539 quibusdam
1309 2491 1362 2526 ad
1390 2491 1532 2527 itinera
1556 2491 1650 2528 insi-

236 2563 376 2598 denda
392 2563 537 2606 missis,
561 2563 668 2598 velut
683 2562 928 2610 interceptas
946 2562 1108 2604 litteras,
1128 2573 1227 2609 quas
1244 2561 1331 2609 ipse
1350 2566 1648 2609 composuerat,

195 2631 218 2671 7
236 2633 394 2669 recitat:
433 2633 655 2670 «Praetores
679 2632 919 2680 Syracusani
945 2631 1100 2668 consuli
1126 2631 1360 2668 Marcello.»
1418 2631 1649 2667 Secundum
