1768 2943
911 109 1043 140 XXXII

281 228 388 257 Gran.
404 226 516 256 Drak.
545 226 638 256 cuius
664 225 792 267 gentis)
805 226 931 263 XXIV,
959 225 976 258 1
1005 225 1105 267 (muri
1131 228 1209 257 add.
1227 228 1300 267 Mg.
1320 227 1398 257 Em.
1414 228 1498 267 363)
1523 228 1544 260 2
1565 237 1679 258 eorum

277 285 451 325 inproviso
477 291 656 326 oppressos
683 296 699 315 e
725 286 811 315 coni.
830 285 970 315 Hertzii
993 283 1110 326 (Codd.
1139 286 1222 326 aliq.
1250 296 1330 316 rece.
1359 286 1390 316 Ρ
1413 296 1529 316 eorum
1554 286 1680 326 inpres-

276 352 342 374 sos.
395 343 482 373 Puto
509 343 542 373 in
569 354 612 373 ex
636 354 667 373 m
695 347 809 373 ortum
839 344 949 373 alteri
966 343 1208 383 praepositioni
1231 344 1405 386 offecisse.)
1431 344 1452 376 3
1477 343 1533 385 (ea
1559 354 1679 385 magna

275 402 349 432 edd.
376 405 456 432 vett.
480 402 592 440 codd„
619 401 731 432 Drak.
748 412 812 432 om.
840 401 895 443 ea)
912 399 915 444 Ι
932 407 1047 442 aperte
1074 401 1215 445 (Gran.)
1244 402 1263 435 7
1291 401 1368 443 (sub
1395 403 1505 433 lucem
1527 402 1679 433 Wesenb.

278 460 392 497 Codd.,
411 460 523 491 Drak.
552 460 613 490 sub
639 459 730 501 luce)
751 459 795 493 15
816 459 1044 501 (impellerent
1067 461 1183 491 lVeiss.
1212 462 1243 491 Ρ
1266 461 1439 501 pellerent.
1468 461 1579 491 Drak.
1607 471 1680 501 per-

274 518 434 560 licerent)
472 519 580 556 XXV,
618 517 640 550 2
677 529 815 549 aversus
841 530 858 549 e
883 520 968 549 coni.
1016 519 1133 550 Weiss.
1171 518 1431 560 (probabiliter)
1463 518 1483 552 3
1510 519 1633 559 Argius
1659 518 1680 551 5

273 576 425 618 (nomina
450 588 490 608 ea
519 579 625 608 Gran.
642 577 674 607 Ρ
697 577 1009 618 nomineapertium‚
1037 577 1148 608 Drak.
1176 577 1312 608 nomina
1340 576 1499 619 partium)
1525 577 1546 610 8
1571 583 1680 608 castra

274 635 368 666 testis
393 635 557 676 parietum
584 646 601 666 e
626 636 708 666 coni.
730 636 872 666 Roehlii
893 635 1044 677 (Stroth.
1072 637 1156 666 coni.
1185 637 1326 666 incerta.
1355 637 1389 670 P
1412 641 1590 676 castraque
1616 641 1680 666 tec-

274 694 316 725 tis
341 704 372 735 p.
399 694 484 724 Fuit
497 695 677 737 fortasse:
705 700 815 725 castra
841 699 1001 725 contextu
1027 694 1211 735 parietum;
1238 695 1462 736 significatur
1488 694 1577 724 enim
1604 704 1680 725 con-

274 753 373 783 tinua
394 753 572 793 parietum
598 754 715 783 series.
741 753 853 784 Testae
879 764 985 795 neque
1010 753 1133 784 lateres
1148 757 1231 783 sunt
1247 763 1354 794 neque
1373 755 1544 784 lateribus
1560 755 1679 793 parie-

274 815 356 849 tum,
382 812 444 842 sed
462 812 660 851 parietibus
683 813 858 842 stantibus
882 815 999 842 castra
1031 810 1289 852 saepiebantur.)
1316 811 1447 849 XXVI,
1488 811 1506 844 7
1536 812 1679 842 accessit

273 874 307 900 et
333 869 375 900 ab
401 869 594 910 pestilentia
619 880 636 900 e
660 870 744 900 coni.
771 869 891 912 (Codd.
917 871 999 911 aliq.
1027 880 1121 907 recc„
1150 871 1224 900 edd.
1251 874 1330 900 vett.
1360 871 1390 900 Ρ
1412 870 1552 901 accessit
1579 876 1611 901 et
1637 870 1679 900 ad

272 927 481 968 pestilentia;
519 930 632 959 voluit
666 930 838 960 librarius
875 929 917 960 ad
954 928 1192 969 pestilentiam,
1232 939 1352 958 errore
1383 927 1586 970 sententioe.)
1636 928 1680 961 10

272 984 423 1028 (Contra
449 998 549 1018 usum
575 987 746 1018 omittitur
771 987 910 1028 negatio
936 988 1030 1029 apud
1054 986 1365 1028 prosequerentur.)
1403 986 1446 1019 12
1487 986 1678 1029 (Lacunam

272 1046 525 1085 suppleverunt
543 1046 617 1086 Mg.
632 1045 708 1076 Em.
725 1048 793 1079 363
807 1049 840 1076 et
852 1046 898 1076 H.
915 1047 944 1076 l.
960 1046 1157 1076 Muellerus
1178 1043 1358 1087 [Romani]
1387 1046 1419 1075 Ρ
1441 1055 1680 1086 quamromana

273 1103 340 1134 diu.
366 1104 481 1135 Drak.
520 1114 618 1145 quam
651 1104 819 1141 Romana,
851 1103 924 1146 (diu
951 1115 980 1138 c,
1007 1104 1053 1142 S.‚
1080 1114 1107 1134 c.
1136 1114 1164 1134 a.
1193 1114 1221 1134 a.
1250 1103 1310 1145 m.)
1335 1102 1522 1146 adfecerat)
1566 1103 1608 1136 14
1647 1109 1680 1134 et

272 1161 572 1203 Carthaginienses
598 1161 719 1206 (Codd.
745 1165 848 1194 recc.?
875 1164 948 1193 edd.
977 1161 1076 1204 vett.)
1101 1163 1242 1200 XXVII,
1266 1163 1279 1194 1
1309 1163 1451 1200 fuerant,
1478 1172 1516 1191 *at
1542 1167 1679 1203 occupa-

272 1224 409 1258 verant,
435 1220 527 1252 haud
552 1220 745 1263 (Lacunam
771 1224 909 1253 notavit
934 1222 1125 1252 Boettcher.
1160 1221 1272 1252 Drak.
1300 1222 1333 1252 in
1359 1221 1448 1252 haud
1476 1231 1596 1262 magna
1622 1231 1678 1262 op-

271 1278 362 1320 pida,
379 1303 386 1310 .
406 1303 412 1310 .
434 1303 459 1317 .‚
487 1290 526 1311 eo
552 1285 586 1311 et
611 1286 818 1311 commeatus
844 1279 920 1323 cet.)
947 1280 988 1313 11
1015 1279 1140 1322 (primo
1159 1285 1225 1321 pro
1252 1280 1359 1320 prima
1387 1279 1492 1322 Duk.)
1520 1280 1563 1312 12
1589 1286 1678 1311 retro

274 1337 351 1368 inde
365 1338 517 1369 Africam
535 1337 632 1381 (Lov.
653 1342 684 1376 5,
703 1340 745 1370 A.
762 1339 872 1373 Periz.
901 1341 935 1373 P
950 1345 1038 1370 retro
1066 1339 1099 1369 in
1113 1339 1279 1381 Africam)
1305 1339 1348 1372 13
1375 1350 1416 1370 ne
1445 1341 1540 1370 intra
1567 1339 1676 1370 obsid.

270 1395 392 1437 (Codd.
418 1407 502 1428 rece.
518 1399 605 1431 Pne
631 1398 819 1430 obsidione.
859 1398 950 1428 Intra
975 1398 1187 1428 obsidionem
1214 1398 1323 1429 redire
1344 1403 1495 1438 prorsus
1513 1399 1680 1428 inusitate

272 1454 425 1497 dicitur.)
450 1456 610 1494 XXVIII,
637 1456 658 1489 6
684 1455 859 1499 (quaeque;
886 1457 965 1487 Em.
980 1455 1064 1498 364)
1094 1455 1097 1499 Ι
1126 1457 1250 1487 occulti
1277 1456 1396 1498 (codd.
1424 1456 1679 1499 recc.)9tyran-

271 1513 324 1544 nis
341 1514 538 1555 Syracusas
564 1525 635 1545 esse
660 1518 694 1545 et
717 1516 897 1555 applicare
921 1525 956 1545 se
969 1515 1137 1545 Romanis
1155 1516 1365 1556 apparuisset
1387 1514 1534 1557 (recepto
1561 1519 1678 1546 nostro

271 1573 517 1613 supplemento,
537 1574 629 1614 quod
644 1573 680 1603 in
698 1575 861 1614 margine
874 1574 1072 1615 relinquere
1092 1573 1307 1616 maluimus.)
1333 1574 1459 1612 XXIX,
1487 1574 1508 1606 6
1534 1572 1583 1615 (Ρ
1605 1574 1679 1615 quis

271 1629 345 1670 quis
359 1634 446 1661 terra
460 1631 603 1672 quisque
618 1631 710 1670 mari,
726 1631 795 1663 Cm.
806 1631 988 1673 2quisquis
1003 1632 1096 1669 mari,
1110 1632 1224 1663 Drak.
1241 1642 1307 1673 quo
1323 1633 1462 1674 quisque
1476 1638 1575 1671 terra,
1590 1633 1678 1673 quis-

271 1698 336 1729 que
347 1689 439 1720 mari.
455 1688 533 1732 Cfr.
543 1690 622 1721 Em.
637 1693 706 1724 364
720 1688 769 1733 n.)
777 1690 887 1728 XXX,
899 1690 939 1723 11
952 1689 1000 1732 (in
1014 1690 1090 1721 ullis
1098 1691 1173 1731 Mg.
1189 1690 1311 1731 opusc.
1321 1692 1403 1733 le.
1413 1694 1492 1729 362,
1503 1692 1574 1722 cod.
1589 1701 1679 1721 unus

270 1757 336 1779 rec.
358 1748 399 1785 P,
415 1748 528 1782 Drak.
543 1747 634 1791 ullis)
655 1746 709 1792 Ι(ε
723 1749 810 1780 med.
832 1748 950 1780 Weiss.
971 1753 1040 1789 pro
1068 1759 1103 1780 se
1129 1748 1232 1791 med.)
1258 1750 1384 1787 XXXI,
1411 1748 1588 1792 5(servam
1603 1760 1678 1780 eam

270 1806 474 1838 Harantius
498 1818 516 1838 e
541 1808 588 1841 P:
616 1813 793 1839 servatam.
823 1808 935 1838 Drak.
964 1817 1096 1838 servam
1129 1819 1146 1837 e
1171 1810 1258 1838 coni.
1288 1808 1378 1850 Sig.)
1414 1806 1417 1851 Ι
1447 1808 1562 1838 transf.
1590 1818 1677 1837 mer-

271 1866 586 1906 cennariorumque
611 1865 741 1903 (Alsch.
769 1867 804 1900 P
826 1866 1157 1906 transfugaru1nque;
1192 1867 1305 1897 Drak.
1339 1877 1403 1896 om.
1431 1865 1510 1908 que)
1543 1865 1562 1899 7
1595 1866 1677 1897 tanti

271 1933 347 1953 eum
373 1933 391 1954 e
415 1923 499 1954 coni.
525 1924 704 1955 Harantz'z'
742 1922 746 1967 Ι
787 1924 969 1964 Syracusas
1007 1924 1173 1964 potuisset
1211 1925 1287 1954 sine
1319 1925 1449 1955 lacunoe
1474 1928 1557 1955 nota
1585 1923 1675 1967 (Mg.

270 1981 348 2012 Em.
375 1984 454 2015 364.
481 1982 658 2013 Harantii
681 1982 876 2013 coniectura
896 1987 1016 2022 prava
1042 1983 1215 2012 sententia
1247 1982 1418 2024 efficitur,
1451 1985 1554 2024 quasi
1576 1984 1676 2014 Mar-

270 2040 377 2070 cellus
391 2040 650 2081 Syracusarum
675 2044 858 2081 captarum
875 2041 1040 2083 fructum
1066 2044 1100 2071 et
1119 2041 1275 2081 gloriam
1302 2042 1439 2072 omnino
1457 2041 1676 2085 contemnat.)

269 2097 292 2131 8
317 2098 360 2129 ad
386 2096 527 2141 [Nasum
553 2096 600 2141 et]
627 2099 732 2140 accip.
759 2098 913 2141 (Weiss.)
949 2097 952 2142 Ι
990 2099 1194 2129 Achradina
1219 2099 1411 2140 diripienda
1437 2099 1458 2132 9
1482 2099 1676 2142 (Lacunam

270 2157 408 2187 notavit
431 2160 465 2187 et
488 2156 641 2197 explevit
659 2157 774 2188 Weiss.
801 2159 915 2189 Drak.
943 2163 1040 2198 capta
1065 2157 1159 2200 urbs)
1186 2157 1227 2190 11
1255 2158 1383 2196 fuisset,
1409 2168 1484 2189 cum
1511 2168 1577 2200 qua
1601 2159 1675 2189 viri-

269 2215 332 2245 bus
358 2213 446 2257 (Mg.
473 2215 552 2247 Em.
578 2214 661 2258 365)
687 2215 832 2254 Xxxss,
857 2215 879 2249 3
905 2215 955 2259 (P
966 2216 1145 2247 excitatum
1171 2222 1248 2247 treS.
1282 2215 1383 2248 Corr.
1408 2218 1523 2248 Alsclz.
1550 2221 1585 2247 et
1598 2217 1673 2258 Mg.

268 2271 346 2303 Em.
374 2274 440 2303 ibd.
468 2274 582 2304 Drak.
608 2274 760 2305 excitata.
787 2273 886 2315 Tres)
913 2274 958 2308 10
982 2273 1154 2317 (substitit,
1182 2275 1217 2305 P.
1251 2274 1366 2315 Scipio
1403 2275 1467 2306 Gu.
1500 2275 1673 2306 Bauerus.

275 2329 391 2369 codd„
419 2331 531 2362 Drak.
558 2332 716 2371 substitit,
744 2338 777 2363 et
802 2333 837 2364 P.
865 2333 898 2364 S.
929 2333 1004 2376 Cfr.
1020 2333 1098 2363 Em.
1117 2335 1186 2366 264
1212 2331 1263 2374 n.)
1276 2333 1437 2371 XXXHI,
1464 2332 1486 2365 2
1509 2332 1674 2374 (omnium

269 2393 339 2420 not.
371 2390 496 2428 Gron.;
514 2390 678 2432 fortasse
692 2391 777 2433 fuit
799 2390 1001 2431 hominum.)
1026 2391 1185 2429 XXXIV,
1213 2390 1234 2423 9
1267 2390 1314 2432 (et
1346 2392 1425 2422 add.
1459 2390 1570 2429 Crev„
1596 2391 1673 2422 Em.

269 2445 352 2490 366)
378 2446 422 2481 13
447 2447 536 2479 haud
563 2447 700 2479 difficile
725 2453 796 2479 erat
829 2447 954 2490 (Codd.
988 2450 1071 2480 boni
1099 2459 1226 2480 omnes.
1259 2449 1373 2480 Drak.
1405 2449 1496 2480 haud
1527 2449 1674 2480 difficilis

270 2515 323 2536 res
347 2511 428 2537 erat.
456 2507 611 2540 Prorsus
628 2510 744 2547 prave
767 2507 896 2538 dicitur
920 2507 1010 2538 haud
1037 2506 1176 2537 difficile
1202 2512 1252 2537 est
1278 2507 1320 2537 ad
1347 2507 1591 2548 erumpendum
1605 2513 1673 2548 pro

269 2573 318 2601 eo,
343 2565 434 2605 quod
445 2568 497 2595 est
519 2565 722 2606 erumpere.)
740 2565 883 2603 XXXV,
909 2565 927 2597 1
943 2563 1029 2607 (spe,
1044 2565 1075 2595 si
1091 2575 1127 2595 se
1146 2565 1398 2595 coniunxissent
1411 2565 1622 2606 Heusinger.
1643 2566 1677 2598 P

270 2631 328 2661 spe
356 2623 594 2654 coniunxisset.
622 2624 735 2654 Drak.
762 2633 863 2664 quum
890 2623 991 2654 iuncti
1025 2622 1151 2663 essent)
1185 2623 1204 2655 7
1235 2622 1283 2664 (et
1316 2633 1379 2653 una
1416 2624 1523 2653 Gron.
1558 2623 1672 2660 Codd„
