1789 2955
232 64 310 101 136
603 58 716 93 Liber
740 56 926 93 XXVIII.
985 57 1045 98 (A.
1071 69 1107 91 u.
1133 68 1162 91 c.
1190 57 1285 100 548.)

227 186 399 235 Magone
430 185 675 223 Hamilcaris
706 184 790 222 filio
822 183 1040 221 dilectibus
1075 197 1146 233 per
1168 184 1402 221 ulteriorem
1419 183 1660 233 Hispaniam

231 258 395 303 habitis,
427 257 477 294 ad
509 256 801 306 quinquaginta
838 256 966 293 millia
996 256 1196 306 peditum,
1245 258 1432 305 quattuor
1464 256 1592 293 millia
1625 258 1663 293 et

162 330 211 366 14
231 330 471 378 quingentos
517 329 671 378 equites
715 328 897 365 armavit.
966 327 1030 365 De
1077 328 1327 376 equestribus
1374 328 1501 377 copiis
1542 328 1666 364 ferme

231 401 336 437 inter
366 403 547 438 auctores
594 399 797 445 convenit3
835 398 1016 448 peditum
1048 399 1305 448 septuaginta
1345 399 1471 436 millia
1503 398 1666 448 quidam

163 473 212 509 15
231 471 403 508 adducta
421 471 472 509 ad
489 471 656 521 Silpiam
673 471 812 508 urbem
840 471 1033 508 scribunt.
1078 470 1144 508 Ibi
1168 484 1287 521 super
1310 484 1468 520 campos
1485 473 1668 520 patentes

232 544 310 580 duo
344 544 463 580 duces
488 543 605 580 Poeni
631 556 677 580 ea
698 545 842 589 mente,
873 556 922 579 ne
949 542 1220 579 detrectarent
1243 546 1458 589 certamen,
1491 542 1667 580 conside-

105 614 156 662 13
236 618 340 652 runt.
401 614 550 664 Scipio,
583 627 705 664 quum
736 613 786 651 ad
819 628 907 651 eum
938 615 1042 651 fama
1081 614 1184 651 tanti
1218 615 1436 663 comparati
1468 614 1670 651 exercitus

231 687 387 736 perlata
420 690 533 733 esset,
564 699 693 735 neque
724 685 917 723 Romanis
944 685 1172 734 legionibus
1195 689 1319 724 tantae
1347 700 1387 724 se
1419 687 1503 723 fore
1534 699 1667 735 parem

234 758 485 796 multitudini
516 762 650 804 ratus,
698 761 743 795 ut
773 771 852 794 non
890 758 931 794 in
978 757 1152 806 speciem
1192 758 1332 795 saltem
1374 759 1673 807 opponerentur

193 831 495 868 sbarbarorum
528 830 690 880 auxilia,
724 843 851 879 neque
894 829 935 866 in
975 829 1024 866 iis
1054 832 1189 866 tamen
1219 833 1374 866 tantum
1421 829 1570 867 virium
1601 841 1669 878 po-

234 901 426 949 nendum,
472 905 517 938 ut
562 901 749 938 mutando
780 900 918 947 fidem,
952 914 1040 950 quae
1087 901 1212 938 cladis
1244 915 1362 938 causa
1393 901 1534 938 fuisset
1565 900 1672 949 patri

193 975 470 1023 3patruoque‚
502 986 689 1021 magnum
721 976 962 1010 momentum
994 972 1184 1019 facerent,
1215 973 1421 1022 praemisso
1454 972 1590 1010 Silano
1623 972 1673 1009 ad

234 1045 751 1093 Culcham‚duodetriginta
768 1045 928 1094 oppidis
945 1048 1246 1093 regnantem,ut
1264 1045 1420 1093 equites
1437 1044 1674 1093 peditesque

235 1117 285 1154 ab
319 1130 386 1163 eo,
433 1131 531 1166 quos
577 1131 617 1154 se
663 1130 734 1166 per
778 1116 947 1153 hiemem
988 1117 1306 1165 conscripturum
1337 1116 1546 1166 pollicitus
1579 1119 1676 1162 erat,

195 1192 218 1227 4
240 1190 453 1239 acciperet,
486 1190 570 1238 ipse
598 1190 646 1226 ab
664 1189 893 1226 Tarracone
923 1189 1126 1237 profectus
1158 1188 1341 1237 protinus
1372 1189 1421 1225 ab
1447 1189 1575 1234 sociis,
1607 1188 1677 1237 qui

242 1261 427 1298 accolunt
456 1261 584 1307 viam,
616 1260 771 1298 modica
803 1259 1072 1297 contrahendo
1120 1260 1269 1297 auxilia
1301 1260 1556 1297 Castulonem
1588 1274 1675 1309 per-

199 1334 222 1371 5
243 1333 362 1370 venit.
423 1333 482 1370 Eo
516 1332 691 1369 adducta
723 1332 771 1369 ab
789 1331 929 1369 Silano
962 1332 1126 1378 auxilia,
1156 1332 1238 1369 tria
1269 1332 1395 1370 millia
1426 1332 1606 1382 peditum
1639 1335 1677 1369 et

243 1404 456 1453 quingenti
488 1404 655 1453 equites.
701 1404 801 1440 Inde
834 1404 883 1441 ad
916 1403 1117 1441 Baeculam
1149 1404 1288 1441 urbem
1314 1417 1546 1453 progressus
1572 1403 1678 1440 omni

240 1476 421 1513 exercitu
453 1475 612 1522 civium,
644 1476 860 1522 sociorum,
906 1475 1087 1525 peditum
1134 1476 1392 1524 equitumque
1431 1475 1606 1524 quinque
1640 1478 1679 1511 et

194 1552 216 1587 6
237 1547 508 1597 quadraginta
538 1547 728 1584 millibus.
778 1546 919 1584 Castra
950 1549 1144 1596 ponentes
1177 1560 1241 1583 eos
1259 1546 1380 1596 Mago
1408 1550 1447 1584 et
1463 1546 1679 1584 Masinissa

241 1633 328 1656 cum
361 1619 467 1656 omni
500 1618 683 1668 equitatu
710 1619 889 1666 aggressi
908 1622 1011 1665 sunty
1041 1619 1350 1668 turbassentque
1369 1619 1602 1666 munientes,
1636 1617 1678 1654 ni

239 1690 368 1728 abditi
414 1693 506 1740 post
535 1691 734 1727 tumulum
782 1693 1006 1740 opportune
1038 1690 1087 1727 ad
1127 1690 1168 1727 id
1198 1691 1373 1739 positum
1405 1691 1453 1726 ab
1487 1689 1678 1739 Scipione

196 1766 217 1800 7
238 1762 396 1812 equites
430 1762 644 1812 improviso
678 1762 719 1799 in
751 1762 895 1799 effusos
927 1762 1200 1799 incurrissent.
1246 1762 1297 1798 Ei
1337 1761 1678 1811 promptissimum

244 1848 439 1884 quemque
471 1837 510 1870 et
539 1833 720 1883 proxime
751 1834 899 1871 vallum
925 1837 1044 1883 atque
1062 1834 1102 1870 in
1130 1833 1239 1883 ipsos
1257 1834 1478 1870 munitores
1502 1832 1676 1882 primum

237 1908 438 1944 invectum
469 1905 633 1944 vixdum
664 1905 807 1954 proelio
840 1905 940 1943 inito
971 1905 1178 1952 fuderunt;
1211 1918 1298 1942 cum
1323 1904 1477 1950 ceteris,
1509 1904 1577 1953 qui
1606 1904 1678 1940 sub

239 1978 365 2026 signis
397 1981 516 2027 atque
548 1977 688 2014 ordine
719 1977 890 2025 agminis
922 1977 1178 2023 incesserant,
1211 1977 1368 2026 longior
1400 1978 1439 2013 et
1465 1975 1538 2012 diu
1555 1975 1677 2012 ambi-

200 2052 224 2087 8
243 2063 322 2099 gua
352 2062 486 2099 pugna
517 2049 607 2088 fuit..
656 2047 735 2086 Sed
767 2062 889 2098 quum
921 2049 971 2086 ab
1004 2049 1245 2086 stationibus
1276 2049 1446 2098 primum
1480 2047 1677 2097 expeditae

240 2121 435 2167 cohortes,
448 2120 591 2157 deinde
609 2134 656 2157 ex
673 2134 794 2170 opere
812 2120 974 2158 deducti
992 2120 1140 2158 milites
1158 2123 1405 2170 atquearma
1423 2133 1562 2169 capere
1580 2119 1677 2156 iussi

240 2194 375 2243 plures
406 2205 530 2242 usque
563 2195 602 2228 et
618 2193 766 2240 integri
783 2193 898 2230 fessis
915 2192 1109 2238 subirent,
1141 2205 1408 2241 magnumque
1439 2192 1515 2228 iam
1535 2204 1677 2240 agmen

241 2268 481 2302 armatorum
529 2277 551 2299 a
596 2264 737 2300 castris
787 2265 826 2301 in
858 2264 1043 2313 proelium
1075 2267 1219 2309 rueret⁷
1261 2266 1376 2311 terga
1420 2263 1527 2300 haud
1559 2262 1680 2299 dubie

201 2340 222 2374 9
241 2338 404 2373 vertunt
434 2335 551 2373 Poeni
568 2335 842 2385 Numidaeque.
888 2335 942 2372 Et
972 2336 1100 2384 primo
1132 2335 1337 2372 turmatim
1364 2334 1542 2381 abibant,
1576 2334 1679 2371 nihil

244 2412 410 2457 propter
455 2421 643 2457 pavorem
689 2407 1035 2444 festinationemve
1082 2407 1254 2443 confusis
1294 2406 1524 2452 ordinibus3
1573 2406 1677 2451 dein,

243 2484 453 2529 postquam
487 2479 618 2516 acrius
659 2479 815 2515 ultimis
847 2477 1050 2514 incidebat
1079 2477 1284 2514 Romanus
1330 2491 1458 2526 neque
1489 2477 1677 2514 sustineri

246 2552 418 2601 impetus
449 2554 618 2600 poterat,
664 2550 764 2587 nihil
811 2550 890 2587 iam
936 2549 1121 2586 ordinum
1167 2562 1359 2586 memores
1406 2549 1567 2598 passim,
1600 2561 1679 2598 qua

169 2623 220 2660 10
239 2624 381 2672 cuique
413 2623 641 2672 proximum
672 2623 762 2669 fuit,
795 2622 836 2659 in
860 2622 994 2670 fugam
1022 2621 1289 2658 effunduntur.
1351 2621 1406 2658 Et
1451 2632 1677 2669 quanquam
