1789 2955
509 91 623 126 Liber
648 90 837 126 XXVIII.
888 90 948 134 (A.
975 90 1038 125 Ch.
1064 92 1159 132 206.)
1469 93 1546 130 135

113 231 203 268 que,
234 231 362 268 neque
393 218 654 255 lacessierunt
685 218 868 267 quietum
892 218 1083 264 Romani3
1115 220 1267 254 tantam
1299 217 1426 254 inesse
1456 217 1548 261 vim,

115 291 190 328 etsi
222 290 354 328 omnia
371 290 453 327 alia
471 290 575 326 circa
593 303 679 327 eum
705 293 880 336 ruerent,
912 290 951 326 in
983 303 1062 327 uno
1093 290 1164 326 illo
1198 289 1296 325 duce
1322 288 1548 326 censebant.

112 361 176 399 Ac
207 361 341 398 nescio
373 374 422 398 an
453 362 680 399 mirabilior
712 362 889 400 adversis
909 375 1028 410 quam
1055 360 1239 398 secundis
1270 360 1391 397 rebus
1415 360 1590 405 fue1·it,‘2

112 433 262 483 quippe
294 434 385 480 qui,
433 446 552 482 quum
601 434 642 470 in
683 434 856 472 hostium
902 436 1012 470 terra
1056 446 1129 483 per
1174 445 1298 470 annos
1343 431 1589 477 tredecim,3

111 507 193 542 tam
224 504 366 554 procul
397 504 447 542 ab
479 505 616 552 domo,
661 506 773 543 varia
801 506 961 542 fortuna
991 505 1144 542 bellum
1175 507 1332 553 gereret
1362 504 1543 540 exercitu

110 589 189 614 non
220 589 291 613 suo
323 576 446 623 civili,
477 577 545 614 sed
571 578 696 614 mixto
724 591 772 614 ex
800 577 1024 614 colluvione
1042 576 1216 614 omnium
1233 576 1423 624 gentium,
1456 575 1547 624 qui-

109 648 183 685 bus
215 662 292 686 non
325 649 402 694 lex,
434 662 513 685 non
544 662 639 695 mos,
670 663 748 686 non
781 649 922 697 lingua
962 648 1198 694 communis,
1239 647 1343 684 alius
1375 645 1591 692 habitus‚4

110 719 191 757 alia
221 719 359 768 vestis,
394 719 474 756 alia
506 733 631 767 arma,
666 720 737 758 alii
768 721 882 767 ritus,
930 720 1012 758 alia
1057 733 1188 766 sacra,
1222 719 1294 755 alii
1325 732 1450 768 prope
1483 719 1546 755 dei

110 794 253 840 essent,
287 791 343 828 ita
374 791 546 840 quodam
572 805 651 829 uno
682 793 843 830 vinculo
869 792 1117 842 copulaverit
1148 804 1224 840 eos,
1257 794 1301 827 ut
1332 790 1444 828 nulla
1474 803 1545 827 nec

108 862 215 899 inter
245 862 353 912 ipsos
385 876 457 900 nec
489 863 677 901 adversus
720 865 859 902 ducem
905 864 1051 902 seditio
1084 862 1296 909 exstiterit,
1343 875 1462 911 quum
1509 868 1546 900 et
1567 859 1588 897 5

108 934 279 983 pecunia
309 947 413 984 saepe
444 935 486 972 in
525 935 771 985 stipendium
816 940 855 974 et
901 939 1140 973 commeatus
1172 934 1213 970 in
1243 933 1417 970 hostium
1449 947 1545 982 agro

108 1005 284 1052 deesset,
317 1019 486 1055 quorum
519 1008 655 1056 inopia
698 1009 835 1057 priore
873 1008 1027 1045 Punico
1073 1006 1178 1043 bello
1224 1005 1349 1042 multa
1381 1005 1545 1042 infanda

106 1078 213 1115 inter
245 1079 365 1116 duces
398 1078 626 1128 militesque
665 1080 874 1117 commissa
919 1080 1087 1116 fuerant.
1147 1077 1248 1114 Post
1278 1076 1586 1114 Hasdrubalisss

104 1162 199 1206 vero
245 1150 464 1187 exercitum
511 1164 599 1187 cum
631 1151 751 1198 duce.
799 1151 840 1187 in
882 1150 1028 1200 quibus
1061 1163 1151 1199 spes
1198 1150 1324 1186 omnis
1369 1149 1544 1198 reposita

106 1221 287 1259 victoriae
317 1222 468 1269 fuerat,
514 1222 688 1260 deletum
726 1222 984 1272 cedendoque
1031 1222 1070 1258 in
1117 1221 1306 1269 angulum
1338 1220 1540 1257 Bruttium

107 1296 239 1330 cetera
269 1293 393 1330 Italia
424 1307 672 1340 concessum,
717 1295 782 1332 cui
811 1308 889 1331 non
921 1294 1107 1332 videatur
1138 1292 1341 1338 mirabile,
1388 1293 1542 1330 nullum

105 1367 255 1402 motum
285 1365 328 1402 in
359 1365 499 1403 castris
530 1366 711 1403 factum?
770 1367 871 1404 Nam
904 1365 953 1403 ad
986 1368 1119 1402 cetera
1151 1365 1192 1401 id
1224 1378 1382 1413 quoque
1415 1377 1542 1401 acces·
1566 1363 1587 1398 7

106 1439 226 1483 serat,
257 1439 302 1473 ut
318 1450 367 1473 ne
384 1437 519 1474 alendi
551 1437 709 1487 quidem
729 1438 929 1475 exercitus
961 1437 1040 1474 nisi
1073 1451 1120 1474 ex
1135 1436 1299 1473 Bruttio
1332 1449 1428 1484 agro
1453 1449 1541 1485 spes

104 1511 217 1555 esset,
264 1509 346 1559 qui,
379 1511 424 1545 ut
456 1509 582 1546 omnis
614 1510 824 1556 coleretur,
866 1510 1031 1557 exiguus
1076 1512 1209 1545 tamen
1253 1510 1365 1544 tanto
1398 1507 1541 1544 alendo

104 1580 300 1617 exercitui
332 1583 438 1627 erat;
469 1584 554 1617 tum
585 1594 768 1630 magnam
800 1585 953 1631 partem
992 1580 1213 1618 iuventutis
1245 1579 1487 1616 abstractam
1520 1578 1583 1615 a&

102 1651 215 1688 cultu
245 1664 431 1700 agrorum
452 1652 601 1690 bellum
634 1656 901 1702 occupaverat
930 1655 970 1689 et
1000 1666 1083 1689 mos
1112 1652 1210 1689 vitio
1243 1652 1362 1688 etiam
1395 1651 1539 1687 insitus

105 1723 217 1771 genti
248 1736 319 1772 per
350 1724 562 1761 latrocinia
592 1725 778 1761 militiam
810 1725 1041 1770 exercendi3
1086 1737 1156 1760 nec
1200 1723 1248 1761 ab
1282 1722 1398 1760 domo
1431 1723 1539 1771 quic·
1560 1722 1581 1757 9

102 1807 220 1843 quam
253 1795 499 1845 mittebatur,
548 1796 596 1834 de
627 1796 828 1846 Hispania
867 1796 1078 1834 retinenda
1117 1795 1315 1842 sollicitis,
1344 1798 1536 1844 tanquam

101 1866 235 1903 omnia
265 1880 457 1917 prospera
488 1869 527 1905 in
558 1868 681 1906 Italia
712 1870 853 1906 essent.

215 1938 265 1975 In
305 1938 508 1989 Hispania
552 1954 614 1977 res
661 1940 832 1990 quadam
873 1953 921 1976 ex
966 1942 1083 1988 parte
1128 1938 1294 1975 eandem
1325 1937 1612 1983 f01*tunani‚lO

102 2009 274 2059 quadam
305 2010 424 2059 longe
456 2011 655 2061 disparem
687 2011 908 2058 habebant3
940 2010 1119 2057 eandem,
1150 2010 1257 2059 quod
1280 2009 1423 2059 proelio
1439 2009 1537 2047 victi

104 2081 458 2130 Carthaginienses
489 2083 590 2120 duce
620 2083 763 2121 amisso
799 2084 836 2120 in
853 2083 1035 2119 ultimam
1052 2081 1266 2131 Hispaniae
1285 2093 1537 2130 oramusque

101 2153 150 2190 ad
183 2152 384 2191 Oceanum
416 2154 612 2204 compulsi
643 2157 767 2202 erant,
799 2154 999 2204 disparem
1031 2157 1175 2200 autem,
1207 2153 1314 2203 quod
1331 2153 1531 2202 Hispania
1554 2153 1599 2188 ll

99 2238 179 2262 non
210 2238 327 2274 quam
358 2225 480 2263 Italia
510 2227 640 2274 modo,
684 2226 753 2263 sed
799 2239 917 2276 quam
962 2226 1046 2263 ulla
1077 2239 1168 2275 pars
1199 2229 1396 2262 terrarum
1429 2224 1534 2261 bello

102 2296 328 2346 reparando
360 2297 491 2346 aptior
522 2301 607 2335 erat
637 2298 815 2336 locorum
845 2298 1133 2347 hominumque
1160 2297 1344 2346 ingeniis.
1389 2296 1534 2345 Itaque
1555 2296 1604 2333 12

100 2380 195 2418 ergo
226 2369 357 2418 prima
387 2369 580 2407 Romanis
611 2369 710 2407 inita
739 2369 1048 2419 provinciarum,
1096 2382 1183 2419 quae
1215 2368 1376 2418 quidem
1409 2368 1532 2405 conti-

101 2441 234 2477 nentis
266 2441 359 2488 sint,
403 2445 604 2491 postrema
645 2442 834 2488 omnium,
875 2444 1011 2479 nostra
1043 2441 1200 2478 demum
1232 2443 1365 2486 aetate,
1412 2439 1534 2476 ductu

103 2512 364 2562 auspicioque
396 2513 575 2562 Augusti
608 2512 776 2550 Caesaris
808 2513 1033 2563 perdomita
1078 2516 1148 2550 est.
1208 2511 1274 2549 Ibi
1318 2514 1403 2548 tum
1436 2511 1536 2548 Has·
1559 2511 1610 2548 13

100 2583 243 2620 drubal
275 2582 476 2633 Gisgonis,
506 2585 699 2622 maximus
732 2585 1055 2634 clarissimusque
1101 2597 1145 2621 eo
1177 2583 1283 2620 bello
1315 2582 1531 2620 secundum

100 2654 294 2693 Barcinos
327 2654 420 2703 dux,
451 2669 655 2706 regressus
673 2656 722 2693 ab
742 2655 925 2694 Gadibus
949 2655 1174 2692 rebellandi
1206 2668 1287 2704 spe,
1318 2654 1531 2692 adiuvante
