1768 2943
539 97 645 128 Liber
672 97 764 128 XXI.
815 96 870 138 (A.
899 98 962 129 Ch.
989 96 1085 139 218.)
1493 101 1513 140 ἲ

105 228 170 277 agi
217 227 505 276 admoverique
544 228 661 265 aries.
723 229 974 265 Abundabat
1012 230 1266 266 multitudine
1309 230 1557 267 hominum3

104 299 252 335 Poenus
263 309 272 342 ;
307 296 377 348 (ad
409 303 571 334 centum
603 298 897 348 quinquaginta
927 300 1049 335 millia
1087 299 1276 337 habuisse
1315 301 1356 336 in
1397 302 1516 337 armis

105 369 200 405 satis
233 365 443 418 creditur;)
478 369 676 417 oppidani
708 370 762 405 ad
796 370 934 405 omnia
972 371 1125 405 tuenda
1163 375 1285 418 atque
1324 370 1558 408 obeunda4

101 438 356 476 multifariam
403 439 585 475 distineri
634 439 756 488 coepti
803 451 888 475 non
928 439 1194 476 sufficiebant.
1257 440 1398 487 Itaque
1436 440 1558 477 iamf)

102 509 346 546 feriebantur
378 509 568 546 arietibus
602 510 703 546 muri
735 515 1017 558 quassataeque
1049 511 1182 546 multae
1214 515 1349 559 partes
1382 518 1514 555 erant;

100 591 181 616 una
213 579 515 616 continentibus
539 579 662 616 ruinis
678 580 905 616 nudaverat
921 579 1079 623 urbem;
1114 585 1192 616 tres
1221 580 1416 629 deinceps
1438 586 1516 617 tur-

100 662 176 694 res,
211 655 487 697 quantumque
518 649 622 686 inter
654 661 724 686 eas
756 649 856 684 muri
889 655 993 694 erat,
1035 662 1126 686 cum
1164 650 1324 699 fragore
1361 651 1516 699 ingenti

99 720 372 769 prociderant.
422 719 596 768 Captum
630 720 827 768 oppidum
860 732 908 755 ea
940 720 1055 756 ruina
1098 721 1357 757 crediderant
1387 722 1515 765 Poeni,
1533 722 1556 759 {j

101 802 193 838 qua,
226 790 334 826 velut
364 791 396 827 si
429 791 576 839 pariter
608 796 801 838 utrosque
833 802 968 826 murus
1010 791 1193 835 texisset,
1234 791 1289 827 ita
1331 792 1516 839 utrinque

99 860 140 896 in
172 871 352 908 pugnam
383 872 620 909 procursum
653 866 725 897 est.
774 860 879 896 Nihil
913 861 1177 897 tumultuariae
1210 873 1356 909 pugnae
1390 861 1554 900 simile?

101 936 197 974 erat,
232 931 371 978 quales
402 931 444 967 in
469 932 844 980 oppugnationibus
869 931 1025 967 urbium
1049 944 1120 979 per
1148 932 1410 969 occasionem
1427 946 1517 981 par-

100 1001 148 1038 tis
166 1001 327 1038 alterius
345 1001 504 1038 conseri
523 1002 669 1046 solent,
689 1003 763 1038 sed
776 1002 889 1038 iustae
908 1002 1029 1046 acies,
1049 1003 1155 1038 velut
1172 1003 1327 1050 patenti
1354 1015 1515 1052 campo,

99 1073 203 1109 inter
235 1073 372 1109 ruinas
403 1072 503 1108 muri
538 1077 726 1119 tectaque
758 1072 866 1108 urbis
897 1072 1064 1109 modico
1091 1072 1283 1109 distantia
1306 1074 1516 1110 intervallo

100 1143 376 1180 constiterant.
425 1142 533 1178 Hinc
550 1154 656 1190 spes,
681 1142 775 1178 hinc
793 1143 1026 1190 desperatio
1045 1143 1204 1180 animos
1220 1144 1358 1188 irritat,
1387 1144 1516 1180 Poeno
1533 1145 1556 1181 ὅ

100 1214 257 1262 cepisse
288 1213 370 1249 iam
394 1225 438 1249 se
462 1213 615 1256 urbem,
641 1212 673 1249 si
701 1213 865 1260 paulum
882 1213 1098 1257 annitatur,
1125 1214 1331 1259 credente,
1361 1215 1516 1263 Sagun-

99 1284 191 1321 tinis
223 1296 296 1333 pro
329 1284 485 1320 nudata
515 1283 722 1319 moenibus
749 1283 878 1331 patria
911 1295 1084 1332 corpora
1109 1284 1412 1332 opponentibus
1439 1297 1517 1321 nec

31 1358 33 1360 ’
99 1355 179 1391 ullo
211 1355 363 1403 pedem
394 1352 608 1399 referente,
642 1366 694 1389 ne
717 1354 759 1390 in
782 1354 964 1390 relictum
990 1367 1014 1390 a
1041 1367 1084 1391 se
1109 1355 1244 1391 locum
1268 1355 1428 1391 hostem
1444 1355 1516 1390 im-

98 1424 285 1478 mitteret.
333 1424 474 1471 Itaque
506 1435 588 1472 quo
622 1424 751 1461 acrius
784 1430 824 1460 et
859 1424 1031 1461 conferti
1054 1425 1184 1473 magis
1209 1425 1394 1473 utrinque
1417 1438 1517 1474 pug-
1533 1424 1557 1462 9

98 1495 266 1539 nabant,
299 1506 350 1531 eo
375 1494 508 1542 plures
525 1494 849 1540 vulnerabantur,
874 1495 984 1531 nullo
1002 1495 1106 1531 inter
1133 1507 1244 1531 arma
1262 1507 1517 1543 corporaque

100 1577 204 1601 vano
237 1565 507 1602 intercidente
539 1565 634 1601 telo.
685 1565 895 1601 Phalarica
927 1570 1013 1601 erat
1030 1566 1263 1614 Saguntinis
1286 1566 1435 1602 missile
1460 1572 1518 1602 te·
1536 1564 1588 1603 10

98 1635 179 1671 lum
196 1635 328 1672 hastili
345 1635 521 1683 abiegno
545 1641 585 1671 et
609 1641 743 1672 cetera
769 1636 884 1672 tereti
907 1641 1175 1684 praeterquam
1199 1637 1253 1672 ad
1281 1641 1515 1679 extremum,

99 1706 209 1741 unde
243 1705 389 1741 ferrum
422 1706 626 1749 exstabat3
659 1706 716 1750 id,
750 1706 851 1742 sicut
882 1706 922 1742 in
955 1705 1050 1754 pilo,
1086 1707 1328 1754 quadratum
1370 1712 1517 1755 stuppa

99 1775 430 1825 circumligabant
461 1776 724 1824 linebantque
756 1777 866 1824 pice;
902 1776 1048 1812 ferrum
1080 1781 1215 1812 autem
1243 1782 1321 1814 tres
1350 1778 1517 1825 longum
1535 1775 1584 1814 11

100 1845 278 1882 habebat
309 1847 451 1894 pedes,
485 1851 528 1882 ut
552 1858 643 1882 cum
667 1847 786 1883 armis
804 1847 1040 1895 transfigere
1064 1858 1211 1895 corpus
1236 1853 1387 1895 posset.
1434 1848 1517 1883 Sed

99 1916 142 1952 id
174 1916 360 1961 maxime,
387 1917 544 1953 etiamsi
569 1917 751 1954 haesisset
772 1917 814 1954 in
837 1923 952 1954 scuto
975 1929 1052 1953 nec
1080 1922 1334 1965 penetrasset
1359 1918 1401 1953 in
1429 1929 1517 1954 cor-

100 1998 188 2035 pus,
221 1999 415 2035 pavorem
433 1987 620 2032 faciebat,
654 1988 780 2035 quod,
815 2000 938 2035 quum
954 1988 1133 2024 medium
1152 2000 1370 2024 accensum
1387 1988 1517 2024 mitte-
1539 1986 1588 2025 12

99 2062 204 2094 retur
236 2062 562 2106 conceptumque
594 2058 684 2106 ipso
717 2063 830 2094 motu
854 2059 980 2094 multo
1010 2058 1206 2094 maiorem
1228 2058 1365 2106 ignem
1383 2058 1515 2103 ferret,

100 2138 211 2163 arma
243 2128 372 2164 omitti
404 2129 580 2176 cogebat
603 2129 839 2176 nudumque
863 2129 1029 2164 militem
1054 2130 1108 2165 ad
1130 2128 1392 2176 insequentes
1415 2128 1516 2165 ictus

100 2198 319 2245 praebebat.
369 2198 504 2244 Quum
536 2198 605 2234 diu
632 2210 784 2246 anceps
808 2198 949 2235 fuisset
973 2204 1191 2244 certamen,
1213 2204 1252 2235 et
1269 2199 1515 2247 Saguntinis,
1609 2195 1637 2239 9

101 2268 195 2315 quia
226 2274 369 2316 praeter
401 2281 516 2317 spem
540 2269 786 2314 resisterent,
816 2269 1034 2305 crevissent
1057 2268 1192 2313 animi,
1226 2269 1388 2314 Poenus,
1423 2270 1517 2317 quia

101 2349 187 2374 non
210 2338 382 2383 vicisset,
416 2351 489 2387 pro
515 2339 619 2375 victo
650 2345 769 2384 esset,
804 2340 1021 2376 clamorem
1039 2344 1208 2388 repente
1227 2340 1424 2388 oppidani
1443 2339 1516 2375 tol·
1532 2338 1557 2376 2

103 2407 188 2444 lunt
218 2409 458 2457 hostemque
490 2410 531 2446 in
563 2403 698 2446 ruinas
740 2411 840 2446 muri
879 2410 1100 2458 expellunt,
1140 2410 1238 2446 inde
1277 2410 1516 2457 impeditum

102 2479 453 2528 trepidantemque
486 2481 710 2524 exturbant,
755 2486 962 2528 postremo
1001 2480 1132 2516 fusum
1176 2480 1438 2527 fugatumque
1476 2480 1516 2515 in

103 2554 233 2585 castra
265 2550 466 2598 redigunt.

220 2619 383 2657 Interim
415 2621 466 2658 ab
484 2621 616 2658 Roma
645 2621 802 2670 legatos
827 2620 985 2658 venisse
1009 2620 1235 2657 nuntiatum
1260 2625 1338 2664 est;
1373 2619 1556 2668 quibus&
