1789 2955
543 103 647 134 Liber
672 103 799 134 xxm.
851 102 904 146 (A.
928 104 991 135 Ch.
1010 104 1106 145 216.)
1456 107 1533 148 141

114 240 364 271 mortuorum
397 235 530 271 locum
562 234 603 270 in
635 239 820 270 senatum
853 235 1094 283 legerentur.
1159 236 1260 273 Eam
1295 237 1577 278 sententiamss

115 305 227 341 haud
259 305 502 353 aequioribus
535 304 678 341 animis
712 316 832 352 quam
854 304 1034 353 ipsorum
1058 307 1266 353 quondam
1290 309 1536 356 postulatum

113 375 350 412 Latinorum
383 381 517 423 patres
550 375 785 419 audierunt;
820 380 860 411 et
889 387 1012 422 quum
1035 375 1214 413 fremitus
1237 377 1535 426 indignantium
1552 378 1574 418 7

111 451 200 482 tota
222 446 330 483 curia
352 450 473 489 esset,
503 450 543 481 et
563 446 766 494 praecipue
789 445 838 481 T.
862 445 1038 482 Manlius
1062 458 1152 483 esse
1175 447 1296 483 etiam
1320 460 1426 485 nunc
1451 449 1535 486 eius

113 516 246 565 stirpis
270 516 395 552 virum
419 516 584 560 diceret,
611 528 659 552 ex
683 528 762 564 qua
787 516 997 564 quondam
1022 516 1062 552 in
1082 516 1285 565 Capitolio
1305 519 1446 554 consul
1464 519 1535 554 mi-

112 592 231 623 natus
264 592 384 631 esset,
420 599 539 635 quem
572 586 759 623 Latinum
793 586 834 622 in
857 586 965 622 curia
989 587 1167 632 vidisset,
1202 600 1293 624 eum
1318 600 1390 625 sua
1413 601 1534 625 manu

111 668 155 693 se
197 657 512 702 interfecturum,
557 657 608 703 Q.
648 657 796 693 Fabius
835 656 1034 693 Maximus
1077 670 1285 706 nunquam
1325 659 1379 695 rei
1420 659 1572 699 ulHusS

111 727 304 764 alieniore
337 733 521 776 tempore
554 728 803 764 mentionem
838 727 986 763 factam
1020 727 1058 763 in
1093 734 1236 764 senatu
1271 729 1379 774 dicit,
1415 742 1535 778 quam

109 797 214 834 inter
244 803 326 834 tam
360 810 581 847 suspensos
615 799 817 836 sociorum
851 799 1010 834 animos
1042 798 1319 847 incertamque
1348 800 1470 837 fidem
1493 801 1535 836 id

110 868 271 913 iactum,
315 869 428 917 quod
466 869 631 918 insuper
669 869 901 906 sollicitaret
940 880 1032 912 e0s;
1078 881 1167 905 eam
1209 871 1324 907 unius
1358 869 1572 910 hominis9

109 939 362 976 temerariam
388 951 530 976 vocem
555 940 714 976 silentio
734 940 913 976 omnium
932 939 1273 988 exstinguendam
1292 953 1395 986 esse,
1424 948 1476 986 et,
1502 943 1532 979 si

110 1010 209 1058 quid
236 1022 415 1058 unquam
443 1011 578 1048 arcani
607 1012 786 1048 sanctive
815 1011 869 1046 ad
897 1010 1099 1047 silendum
1125 1010 1166 1046 in
1193 1012 1301 1047 curia
1328 1012 1457 1057 fuerit,
1492 1014 1533 1049 id

111 1080 291 1116 omnium
313 1081 486 1117 maxime
508 1083 744 1131 tegendum,
780 1082 1063 1124 occulendum,
1096 1081 1429 1127 obliviscendum,
1460 1096 1533 1132 pro

109 1162 196 1187 non
227 1151 337 1187 dicto
362 1151 597 1188 habendum
621 1164 724 1189 esse.
788 1151 848 1188 Ita
870 1151 955 1187 eius
978 1152 1034 1187 rei
1059 1163 1257 1200 oppressa
1282 1154 1435 1189 mentio
1459 1160 1532 1190 est.

108 1220 373 1266 Dictatorem,
408 1222 474 1270 qui
507 1234 653 1259 censor
685 1229 780 1259 ante
813 1222 954 1259 fuisset
985 1222 1360 1271 vetustissimusque
1394 1237 1442 1261 ex
1472 1225 1532 1270 iis,
1552 1223 1606 1264 10

110 1292 176 1340 qui
197 1292 388 1337 viverent,
423 1293 617 1330 censoriis
640 1299 761 1338 esset,
792 1294 916 1330 creari
939 1292 1101 1341 placuit,
1127 1293 1193 1340 qui
1218 1300 1403 1330 senatum
1427 1296 1534 1344 lege-

108 1367 181 1407 ret,
205 1362 406 1411 accirique
425 1362 470 1400 C.
489 1363 725 1400 Terentium
750 1364 959 1409 consulem
978 1364 1033 1399 ad
1051 1363 1293 1400 dictatorem
1312 1365 1533 1402 dicendum

107 1433 320 1470 iusserunt.
386 1433 464 1480 Qui
490 1447 538 1470 ex
562 1435 719 1483 Apulia,
748 1435 887 1471 relicto
916 1434 969 1470 ibi
994 1434 1197 1482 praesidio,
1228 1448 1350 1483 quum
1375 1437 1532 1485 magnis
1550 1434 1599 1474 11

105 1503 313 1541 itineribus
343 1505 515 1541 Romam
547 1506 732 1549 redisset,
766 1511 888 1541 nocte
921 1505 1118 1553 proxima,
1153 1511 1195 1542 ut
1226 1518 1315 1543 mos
1342 1513 1440 1551 erat,
1475 1507 1529 1544 M.

105 1574 276 1611 Fabium
293 1574 520 1612 Buteonem
545 1588 594 1612 ex
619 1582 783 1613 senatus
809 1576 995 1612 consulto
1022 1576 1108 1612 sine
1138 1577 1330 1625 magistro
1351 1578 1527 1625 equitum

106 1644 347 1682 dictatorem
389 1646 429 1682 in
462 1658 531 1683 sex
563 1659 725 1683 menses
759 1646 870 1683 dixit.
948 1646 994 1682 Is
1027 1647 1093 1682 ubi
1127 1659 1217 1683 cum
1250 1647 1456 1685 lictoribus
1488 1648 1527 1685 in
1594 1643 1656 1689 23

104 1722 234 1752 rostra
252 1716 448 1761 escendit,
468 1729 602 1765 neque
620 1718 725 1753 duos
744 1717 963 1753 dictatores
982 1722 1167 1765 tempore
1185 1730 1281 1761 uno,
1302 1720 1415 1766 quod
1428 1731 1530 1755 nun-

105 1797 225 1834 quam
250 1792 373 1823 antea
399 1787 549 1824 factum
573 1793 693 1831 esset,
719 1788 893 1836 probare
919 1799 962 1823 se
987 1787 1098 1831 dixit,
1126 1800 1260 1836 neque
1288 1789 1527 1826 dictatorem
1544 1787 1570 1828 2

106 1854 184 1907 [se]
211 1857 297 1894 sine
322 1858 514 1906 magistro
541 1858 733 1906 equitum,
760 1869 836 1894 nec
861 1858 1090 1894 censoriam
1109 1858 1187 1893 vim
1205 1858 1272 1894 uni
1290 1860 1528 1907 permissam

104 1932 145 1964 et
167 1927 301 1964 eidem
325 1929 481 1972 iterum,
507 1941 584 1965 nec
610 1929 811 1973 dictatori,
843 1928 919 1965 nisi
943 1928 998 1964 rei
1023 1930 1215 1976 gerendae
1234 1942 1357 1966 causa
1376 1936 1526 1975 creato,

102 1997 144 2034 in
176 2010 246 2034 sex
277 2011 440 2035 menses
473 2000 614 2035 datum
647 1999 871 2048 imperium.
951 1998 1052 2045 Quae
1085 1999 1355 2036 immoderata
1389 1998 1567 2039 forsan3

102 2073 261 2117 tempus
288 2081 336 2106 ac
360 2070 582 2107 necessitas
607 2070 758 2115 fecerit,
783 2070 830 2106 iis
856 2082 898 2106 se
916 2070 1086 2105 modum
1103 2070 1403 2118 impositurum;
1433 2084 1526 2108 nam

101 2151 236 2187 neque
260 2145 402 2176 senatu
427 2152 671 2188 quemquam
695 2147 895 2177 moturum
921 2153 969 2176 ex
994 2140 1057 2185 z'z's,
1092 2153 1195 2188 quos
1221 2140 1266 2177 C.
1293 2142 1525 2187 Flaminius,

102 2208 149 2246 L.
175 2209 359 2246 AEmilius
387 2221 579 2247 censores
608 2210 646 2247 in
674 2216 859 2248 senatum
884 2211 1096 2260 legissent;
1132 2213 1342 2249 transcribi
1370 2210 1567 2250 tantum4

100 2280 340 2328 recitarique
373 2292 446 2317 eos
479 2281 690 2326 iussurum,
724 2294 777 2318 ne
804 2294 932 2331 penes
956 2294 1081 2317 unum
1104 2282 1310 2319 hominem
1333 2283 1525 2320 iudicium

101 2350 387 2399 arbitriumque
421 2352 474 2387 de
507 2351 615 2388 fama
648 2365 696 2389 ac
728 2354 908 2389 moribus
941 2353 1141 2389 senatoris
1170 2352 1307 2398 fuerit;
1343 2359 1382 2390 et
1407 2354 1460 2390 ita
1484 2355 1522 2390 in

101 2421 407 2458 demortuorum
435 2422 569 2459 locum
595 2423 879 2468 sublecturum,
913 2429 956 2460 ut
980 2424 1084 2459 ordo
1110 2424 1255 2467 ordini,
1290 2436 1374 2460 non
1400 2425 1523 2461 homo

102 2491 255 2528 homini
279 2493 466 2540 praelatus
491 2493 705 2530 videretur.
766 2495 950 2531 Recitato
975 2499 1109 2530 vetere
1135 2500 1291 2539 senatu,
1325 2495 1420 2530 inde
1446 2491 1564 2542 pri-5

103 2573 193 2599 mos
218 2562 260 2598 in
288 2563 593 2600 demortuorum
622 2564 754 2601 locum
785 2565 893 2613 legit,
928 2564 994 2613 qui
1022 2570 1116 2613 post
1144 2564 1189 2601 L.
1222 2564 1439 2608 AEmffium,
1475 2564 1521 2602 C.

103 2631 343 2669 Flaminium
369 2645 560 2671 censores
579 2635 754 2671 curulem
772 2635 1049 2683 magistratum
1069 2635 1270 2683 cepissent
1288 2635 1465 2672 necdum
1482 2635 1523 2672 in
