1768 2943
927 89 1037 120 XXVI

278 207 472 250 plurimum)
512 207 553 240 14
592 206 720 248 (itaque
754 207 799 237 H.
833 207 862 236 l.
902 206 1107 236 Muellerus.
1151 205 1255 236 Codd.
1283 204 1421 246 antiqui
1445 214 1520 245 que.
1571 205 1684 234 Drak.

280 265 400 308 quare)
434 264 437 309 Ι
471 264 613 308 (Averni
652 275 686 296 se
721 265 868 296 adissent
907 265 980 294 edd.
1020 267 1100 295 vett.
1133 265 1165 294 P
1200 274 1332 295 avernae
1371 263 1532 301 adissent,
1572 263 1684 293 Drak.

279 325 406 356 Averni
432 322 595 366 adissent)
621 324 714 361 XXI,
741 323 762 356 3
789 333 867 363 spes
893 323 980 353 facta
1005 320 1092 364 (Mg.
1121 323 1199 353 Em.
1227 320 1286 364 84)
1314 321 1354 354 11
1389 321 1550 364 (firmarat
1586 320 1685 353 Crev.

275 388 344 424 pro
370 381 494 424 firmat)
520 382 630 420 XXII,
656 381 677 414 2
703 381 891 423 (servitutis
918 381 1112 412 formidines
1138 381 1424 422 indignitatesque
1457 380 1572 410 Weiss.
1601 391 1618 410 e
1641 380 1688 410 P:

281 440 493 472 servitudinis
520 440 804 481 indignitatisque.
859 439 937 483 Csr.
956 441 1035 472 Em.
1054 438 1148 482 338.)
1173 439 1194 472 4
1222 437 1366 480 (aperiat
1399 440 1505 469 Gron.
1534 439 1567 468 P
1588 443 1686 469 ateat.

283 500 354 531 Sed
382 504 452 540 pro
490 498 607 529 reddat
645 499 862 529 scribendum
898 500 1039 529 videtur
1076 499 1193 535 tradat,
1233 497 1310 527 Em.
1351 496 1435 538 iod.)
1476 497 1494 529 7
1531 495 1599 539 (vel
1621 501 1688 537 pro

280 557 371 589 velut
402 556 527 598 Gron.)
565 556 609 588 10
643 555 802 598 (spatium
829 567 846 587 e
870 558 915 588 P:
954 567 1095 598 spauum
1133 557 1204 588 lac.
1248 557 1355 586 Gron.
1395 555 1508 585 Drak.
1542 555 1689 596 paullum

282 620 428 646 sumeret
460 613 575 656 spatii)
607 613 651 646 15
676 614 965 656 (animadverterit
1002 617 1108 646 Gran.
1149 613 1265 651 Codd.,
1303 614 1417 644 Drak.
1443 612 1690 655 animadvertit)

283 673 327 706 17
353 673 509 704 efferatur
535 671 719 715 (Doerhzg,
746 673 820 714 Mg.
848 674 927 705 Em.
954 673 1036 716 338)
1070 673 1197 710 XXIII,
1230 672 1250 705 4
1283 671 1459 714 (translata
1485 677 1534 702 est
1561 672 1643 702 Lov.
1673 674 1690 705 1

280 733 379 772 prob.
425 731 548 766 Crev.;
584 735 659 761 cett.
698 735 731 761 et
767 732 879 763 Drak.
919 732 1043 763 tradita
1080 730 1142 774 est)
1181 731 1305 769 XXIV,
1343 730 1365 763 3
1403 730 1502 762 fidem
1534 730 1691 771 priorem

284 790 517 831 potioremque
550 788 572 822 5
603 790 770 821 atrociore
796 789 949 831 (Weiss,
976 791 1051 830 Mg.
1079 791 1113 820 P
1134 790 1296 821 acrocior.
1350 790 1593 831 Comparativo
1620 799 1692 820 rem

285 848 457 879 minuenti
487 848 580 878 nihil
609 849 675 878 loci
703 849 758 879 hic
783 847 859 889 est.)
885 848 905 881 6
931 847 1154 891 (edocuisset:
1189 849 1390 889 principium
1416 848 1588 889 Doering,
1613 848 1692 878 Em.

285 910 365 940 339.
398 905 514 943 Codd.,
549 906 662 937 Drak.
690 907 883 938 edocuisset
910 911 943 938 et
969 905 1016 949 p.)
1049 907 1157 945 XXV,
1189 906 1210 939 2
1237 912 1356 947 sponte
1383 907 1501 937 fecisse
1526 906 1694 946 Hierony-

287 975 392 1003 mum,
427 964 507 1005 quid
540 974 680 1005 puerum
707 989 713 995 .
743 989 749 995 .
778 989 785 995 .
812 965 924 996 facere
955 965 1126 1006 potuisse?
1159 976 1176 996 e
1207 965 1292 996 coni.
1322 965 1478 996 Sartorii
1505 964 1634 1006 (Gron.
1667 964 1698 994 P

288 1023 545 1064 spontefecisset
570 1023 652 1064 quid
677 1021 843 1066 (alterum
869 1028 881 1054 t
908 1023 944 1053 in
970 1022 1114 1066 rasura)
1140 1023 1363 1054 hieronimum
1390 1033 1542 1064 puerum.
1581 1023 1695 1053 Drak.

289 1092 348 1112 sua
373 1086 493 1122 sponte
520 1081 638 1112 fecisse
663 1081 707 1112 H.
734 1093 778 1123 p.‚
806 1092 845 1113 ac
871 1093 902 1113 v.
930 1092 962 1123 p.
990 1083 1010 1112 f.
1038 1084 1090 1123 p.?
1128 1082 1265 1113 Fecisse
1283 1093 1326 1112 ex
1337 1083 1501 1122 proxime
1518 1081 1698 1121 superiore

289 1141 358 1170 loco
383 1140 569 1179 repetitum
595 1139 672 1181 est.)
697 1139 719 1173 8
745 1150 807 1171 nec
834 1150 966 1171 sumere
992 1139 1124 1171 modice
1160 1139 1251 1182 (Mg.
1279 1140 1357 1171 Em.
1385 1142 1463 1173 339.
1511 1140 1696 1170 Rationem

285 1199 507 1239 perspicuam
539 1198 589 1228 ibz'
619 1198 810 1239 expositam
842 1209 911 1229 non
944 1199 1131 1229 debueram
1162 1199 1198 1228 in
1225 1198 1330 1228 tertia
1355 1199 1504 1228 editione
1528 1199 1697 1231 deserere.

290 1257 402 1295 Plebs,
428 1266 502 1297 quae
527 1257 709 1288 humiliter
736 1257 855 1296 servit,
882 1267 942 1288 nec
965 1257 1073 1288 sumit
1095 1267 1155 1288 nec
1179 1256 1273 1297 cupit
1297 1256 1501 1294 libertatem,
1527 1257 1589 1286 sed
1604 1259 1700 1286 caret

290 1326 330 1346 ea
365 1316 557 1353 immodice,
592 1316 689 1346 omni
711 1316 786 1346 eius
817 1315 983 1346 memoria
1016 1319 1050 1346 et
1079 1317 1204 1346 umbra
1230 1316 1380 1346 sublata.
1433 1315 1466 1345 P
1487 1319 1634 1355 stupere,
1661 1315 1698 1344 in

290 1385 356 1415 quo
383 1375 494 1405 latere
513 1377 629 1414 potest
653 1374 756 1404 etiam
781 1372 966 1416 respuere.)
1017 1373 1038 1407 9
1083 1372 1338 1417 (suppliciorum
1370 1374 1464 1405 codd.
1497 1374 1590 1414 quid.
1616 1382 1698 1403 recc.

291 1433 323 1463 P
349 1432 592 1474 pupliciorum,
630 1433 745 1463 Drak.
783 1431 1011 1474 plebeiorum)
1047 1432 1173 1470 XXVI,
1211 1431 1233 1464 2
1271 1430 1390 1474 (veniri
1433 1433 1540 1462 Gron.
1583 1430 1698 1467 Codd.,

291 1491 405 1522 Drak.
431 1489 561 1533 venire)
590 1488 594 1534 1
622 1488 707 1534 (Ρνο
740 1490 870 1522 filiabus
896 1501 965 1522 non
990 1492 1065 1522 sine
1090 1501 1194 1522 causa
1220 1490 1276 1521 vir
1302 1492 1421 1522 doctus
1447 1489 1522 1520 filiis
1548 1490 1700 1530 suspica-

293 1553 348 1581 tus
373 1549 448 1592 est.)
498 1548 520 1583 3
547 1559 634 1580 nunc
660 1559 722 1590 per
747 1550 838 1587 deos,
864 1560 955 1580 nunc
977 1554 1042 1590 per
1067 1549 1263 1580 memoriam
1290 1547 1439 1592 (recepto
1465 1549 1700 1588 supplemento

292 1619 375 1647 meo,
401 1609 493 1650 quod
511 1609 548 1638 in
573 1607 734 1648 margine
754 1613 887 1648 ponere
913 1609 1033 1639 malui.
1073 1608 1169 1640 Crev.
1198 1618 1287 1638 nunc
1315 1608 1394 1638 tolli
1416 1608 1563 1637 volebat.
1591 1604 1703 1636 Fabri

286 1670 327 1697 -et
357 1667 507 1698 Wesenb.
542 1670 676 1707 putant
711 1666 765 1697 lzis
797 1671 865 1707 per
901 1668 1138 1698 anacoluthon
1175 1667 1383 1708 respondere
1420 1666 1456 1696 in
1488 1664 1510 1707 §
1546 1668 1588 1698 11
1620 1670 1701 1702 tum,

293 1725 426 1757 omissis
463 1736 527 1766 pro
565 1735 600 1756 se
637 1725 804 1766 precibus,
842 1726 963 1766 puellis
1001 1724 1076 1768 cet.)
1115 1725 1135 1758 7
1145 1757 1152 1764 ‚
1173 1724 1257 1768 (falli
1289 1729 1357 1766 pro
1385 1724 1470 1756 fallit
1500 1723 1622 1766 Gron.)
1658 1721 1702 1755 10

293 1785 430 1815 auribus
453 1784 640 1825 animisque
666 1794 741 1814 cum
767 1794 802 1815 se
828 1787 1009 1815 monerent
1033 1784 1098 1821 illi,
1124 1794 1166 1815 ne
1192 1789 1326 1824 tempus
1352 1787 1509 1819 tererent,
1535 1787 1571 1812 ut
1597 1782 1618 1811 f.
1639 1805 1645 1811 .
1666 1804 1673 1811 .
1693 1803 1701 1812 .

294 1843 468 1881 cernebat,
499 1842 591 1884 (Mg.
625 1843 702 1873 Em.
735 1844 804 1875 340
836 1843 1046 1874 correctione
1072 1843 1214 1873 incerta.
1243 1843 1277 1875 P
1306 1840 1702 1880 auribanimisquecassa-

294 1901 834 1942 enetempusterrerenturferrum.
884 1900 998 1931 Drak.
1032 1901 1168 1932 auribus
1201 1900 1399 1941 animisque,
1435 1909 1528 1929 casse
1555 1909 1596 1929 ne
1623 1903 1702 1928 tem-

294 1970 357 2001 pus
394 1964 569 1997 tereretur,
608 1958 757 2002 ferrum.)
819 1958 864 1991 15
901 1957 1015 2001 (Vz'd.,
1054 1969 1096 1989 ne
1126 1959 1232 1989 scribi
1267 1959 1407 1989 debeat.-
1445 1957 1636 1988 festinatum
1669 1955 1703 1986 id

295 2017 519 2061 supplicium.)
551 2018 699 2056 XXVII,
731 2017 753 2051 3
779 2018 889 2058 primo
921 2022 954 2048 et
979 2017 1106 2048 intenti
1137 2017 1310 2064 trahendae
1338 2017 1385 2047 rei
1412 2025 1503 2053 esse;
1530 2020 1702 2056 postremo

296 2088 314 2108 e
339 2078 426 2109 coni.
460 2074 549 2120 (Mg.
581 2077 660 2107 Em.
693 2078 772 2110 340.
822 2076 855 2107 P
883 2079 916 2106 et
939 2076 1053 2106 Drak.
1086 2081 1118 2106 et
1150 2075 1315 2106 trahenda
1340 2085 1375 2105 re
1401 2084 1491 2111 esse;
1518 2071 1703 2114 postremo)

297 2134 317 2168 7
343 2133 596 2175 (probabiliter
627 2134 779 2168 Wesenb.
807 2134 867 2165 sed
892 2133 975 2175 iam)
1000 2133 1022 2166 8
1047 2134 1208 2165 Romanae
1236 2133 1339 2174 partis
1365 2144 1382 2163 e
1407 2134 1492 2163 coni.
1534 2131 1707 2174 (Etiamsi

296 2193 370 2224 aliae
399 2198 467 2233 pro
502 2193 585 2224 alius
617 2193 739 2223 Livius
764 2192 947 2233 posuisset,
986 2202 1055 2223 non
1087 2197 1156 2232 pro
1189 2192 1324 2223 alterius
1349 2191 1530 2233 posuisset.
1588 2190 1705 2220 Italica

292 2256 383 2291 pars
413 2252 514 2282 nulla
546 2255 640 2289 erat,
678 2262 739 2282 nec
770 2251 955 2281 Romanam
989 2251 1111 2281 Livius
1136 2251 1290 2288 dixisset,
1327 2249 1488 2291 Epicydis
1513 2252 1547 2279 et
1569 2249 1703 2288 Hippo-

297 2310 404 2340 cratis
429 2309 705 2340 criminationem
731 2310 953 2350 confirmans.
1004 2308 1190 2346 Contraria,
1222 2309 1360 2349 integra,
1388 2317 1479 2345 sana,
1506 2307 1615 2337 amica
1641 2306 1707 2336 dici

293 2366 460 2409 poterat.)
498 2367 662 2406 XXVIII,
701 2368 722 2400 3
760 2366 812 2409 (ac
851 2366 1033 2397 beatiorem
1066 2371 1135 2406 pro
1174 2364 1370 2398 cre'atiorem
1411 2366 1562 2396 Salmas.
1588 2365 1703 2395 Drak.

298 2424 546 2468 beatioremve)
571 2425 591 2458 9
619 2424 709 2467 (cum
736 2426 784 2456 eis
810 2425 962 2466 mittique
989 2425 1156 2462 Roellius,
1183 2425 1260 2456 Em.
1287 2427 1356 2458 340
1383 2435 1415 2455 n.
1446 2422 1562 2461 Codd.,
1589 2422 1702 2453 Drak.

298 2484 451 2524 mittique
489 2494 565 2514 cum
603 2482 667 2525 eis)
704 2483 829 2521 XXIX,
870 2483 888 2515 1
927 2484 1187 2514 intercesserunt
1223 2481 1306 2524 (Ed.
1345 2483 1420 2513 Asc.
1461 2482 1568 2522 1513)
1601 2480 1621 2513 6
1647 2478 1704 2522 (ab

301 2542 518 2581 Syracusanis
547 2542 643 2573 Crev.
671 2543 703 2572 P
725 2542 954 2582 al)syracusaS‚
981 2542 1095 2572 Drak.
1122 2541 1165 2571 ab
1193 2538 1381 2582 Syracusis)
1409 2539 1428 2572 7
1456 2541 1607 2578 fuissent,
1635 2549 1704 2570 suae

299 2599 388 2642 (Mg.
431 2604 530 2634 1886.
575 2599 691 2638 Codd.,
730 2601 842 2631 Drak.
882 2600 1023 2630 fuissent
1055 2604 1087 2629 et
1120 2596 1203 2640 suae)
1232 2596 1235 2640 Ι
1263 2598 1435 2639 (libertate
1461 2608 1518 2629 eos
1544 2597 1650 2628 Koch.
1676 2597 1710 2627 P
