1768 2943
521 102 626 132 Liber
654 102 762 132 xxu.
814 102 868 143 (A.
898 101 958 133 ch.
986 101 1081 143 216.)
1455 103 1506 144 91

90 239 242 278 verant,
276 245 348 282 par
380 233 508 280 magis
540 232 581 268 in
615 232 915 269 adversandum
948 244 1068 280 quam
1096 234 1252 281 collega
1276 235 1393 270 datur
1416 246 1513 271 con-

91 305 178 342 suli.
240 303 342 340 Inde
374 308 589 351 praetorum
623 302 786 339 comitia
819 303 968 338 habita.
1024 302 1157 339 Creati
1181 303 1237 339 M.
1264 302 1554 352 Pomponiusf)

92 375 233 411 Matho
273 379 314 410 et
351 373 394 410 P.
428 373 568 409 Furius
601 372 765 416 th‘lus;
808 372 922 409 Philo
956 373 1096 410 Romae
1128 374 1200 409 iuri
1234 374 1416 410 dicundo
1450 387 1510 410 ur—

90 445 199 481 bana
240 456 342 488 sors,
386 443 617 492 Pomponio
660 444 763 479 inter
802 444 908 480 cives
948 444 1158 480 Romanos
1198 449 1238 480 et
1277 445 1513 492 peregrinos

91 514 243 560 evenit;
277 513 407 551 additi
440 514 523 550 duo
557 519 764 562 praetores,
798 513 853 550 M.
889 513 1082 551 Claudius
1116 514 1330 552 Marcellus
1353 515 1394 551 in
1417 514 1553 553 Sici-G

92 585 197 630 liam,
238 584 284 622 L.
317 584 547 622 Postumius
580 585 748 621 Albinus
790 584 832 620 in
872 584 1060 621 Galliam.
1124 584 1279 622 Omnes
1323 584 1552 623 absentes?

93 655 216 693 creati
239 660 344 698 sunt,
360 693 363 694 ⁷
378 666 454 692 nec
477 655 665 703 cuiquam
689 666 842 699 eorum,
867 660 1011 703 praeter
1033 655 1267 692 Terentium
1291 657 1513 699 consulem,

94 726 311 762 mandatus
329 725 476 770 honos,
496 737 615 774 quem
640 737 725 762 non
741 726 821 761 iam
840 731 961 761 antea
978 713 1184 774 gessisset,
1210 728 1418 775 praeteritis
1445 728 1514 763 ali-

91 801 191 844 quot
228 795 397 833 fortibus
436 808 483 833 ac
527 797 698 833 strenuis
732 796 834 839 viris,
877 796 970 844 quia
1010 797 1049 832 in
1090 797 1157 833 tali
1196 803 1379 847 tempore
1419 799 1513 834 nulli

93 878 221 904 novus
253 867 510 915 magistratus
543 867 754 903 videbatur
785 867 1059 904 mandandus.

207 937 416 974 Exercitus
435 949 598 986 quoque
617 937 866 986 multiplicati
890 943 1001 981 sunt;
1036 943 1197 985 quantae
1222 944 1357 975 autem
1384 939 1512 987 copiae
1579 933 1641 978 36

91 1008 272 1057 peditum
305 1009 565 1056 equitumque
598 1008 750 1044 additae
784 1009 874 1052 sint,
909 1009 1017 1044 adeo
1045 1015 1084 1044 et
1107 1021 1276 1045 numero
1302 1015 1342 1045 et
1365 1021 1515 1057 genere

90 1079 298 1128 copiarum
340 1079 497 1115 variant
537 1084 737 1123 auctores,
783 1085 824 1115 ut
866 1079 928 1115 vix
972 1079 1187 1127 quicquam
1225 1080 1322 1116 satis
1363 1085 1513 1116 certum

92 1149 292 1186 affirmare
333 1161 455 1186 ausus
498 1149 584 1185 sim.
649 1148 802 1186 Decem
846 1150 967 1186 millia
1006 1162 1204 1186 novorum
1243 1150 1409 1186 militum
1451 1146 1556 1185 alii2

93 1220 241 1269 scripta
257 1221 298 1257 in
317 1220 655 1269 supplementum,
682 1220 747 1256 alii
773 1232 899 1257 novas
918 1226 1107 1269 quattuor
1131 1221 1327 1269 legiones,
1353 1226 1396 1256 ut
1420 1226 1514 1256 octo

91 1291 319 1340 legionibus
336 1303 420 1328 rem
437 1296 643 1339 gererent;
678 1303 847 1327 numero
872 1303 1035 1339 quoque
1053 1292 1236 1340 peditum
1255 1292 1514 1340 equitumque
1531 1287 1556 1326 3

92 1362 274 1410 legiones
299 1367 451 1405 auctas,
485 1361 657 1398 millibus
683 1362 863 1410 peditum
889 1368 929 1398 et
952 1362 1135 1398 centenis
1159 1363 1359 1410 equitibus
1376 1363 1418 1398 in
1436 1363 1514 1398 sin—

91 1433 206 1481 gulas
253 1432 436 1476 adiectis,
487 1438 528 1468 ut
575 1432 697 1480 quina
745 1432 866 1468 millia
913 1433 1109 1481 pediturn,
1159 1433 1311 1470 treceni
1360 1434 1513 1481 equites

91 1508 246 1548 essent,
291 1503 390 1540 socii
433 1502 635 1551 duplicem
679 1515 888 1539 numerum
932 1504 1109 1551 equitum
1153 1504 1316 1547 darent,
1367 1503 1514 1552 peditis

91 1578 308 1621 aequarent,
343 1579 499 1622 septem
533 1578 572 1609 et
605 1573 815 1622 octoginta
837 1573 959 1609 millia
981 1580 1226 1610 armatorum
1249 1580 1289 1610 et
1311 1575 1513 1611 ducentos
1529 1569 1555 1609 4

91 1644 130 1680 in
165 1644 304 1681 castris
336 1644 532 1680 Romanis
551 1643 704 1693 fuisse,
740 1636 861 1691 quum
894 1650 1118 1692 pugnatum
1151 1646 1206 1680 ad
1239 1644 1405 1681 Cannas
1439 1650 1512 1687 est,

91 1715 258 1762 quidam
282 1720 469 1751 auctores
494 1721 599 1750 sunt.
648 1714 752 1750 Illud
777 1714 1093 1762 haudquaquam
1117 1715 1334 1763 discrepat,
1362 1715 1515 1751 maiore
1531 1710 1557 1750 Γ)

94 1790 245 1822 conatu
278 1792 400 1833 atque
432 1785 584 1833 impetu
616 1797 700 1821 rem
733 1790 865 1821 actam
889 1797 1010 1833 quam
1034 1785 1233 1834 prioribus
1257 1785 1387 1827 annis,
1423 1786 1515 1833 quia

93 1868 220 1906 spem,
254 1868 377 1905 posse
410 1856 513 1893 vinci
547 1855 719 1899 hostem,
755 1856 928 1893 dictator
960 1856 1198 1904 praebuerat.

210 1926 399 1964 Ceterum
431 1926 663 1975 priusquam
692 1926 808 1974 signa
832 1926 883 1962 ab
908 1927 1006 1962 urbe
1030 1938 1146 1963 novae
1173 1926 1356 1974 legiones
1379 1922 1555 1962 move-6

92 2004 193 2041 rent,
228 1998 445 2035 decemviri
470 1998 593 2034 libros
618 1997 731 2033 adire
760 2002 881 2044 atque
905 1997 1105 2045 inspicere
1128 1997 1224 2034 iussi
1246 2002 1412 2045 propter
1440 2002 1516 2032 ter-

90 2069 189 2106 ritos
212 2069 332 2117 vulgo
357 2068 542 2105 homines
568 2068 684 2104 novis
710 2067 919 2116 prodigiis.
969 2067 1073 2104 Nam
1097 2073 1137 2104 et
1160 2069 1302 2104 Romae
1327 2067 1368 2103 in
1387 2068 1518 2104 Avenss
1534 2063 1555 2103 7

91 2139 177 2176 tino
217 2144 258 2176 et
288 2139 430 2176 Ariciae
469 2139 696 2175 nuntiatum
735 2143 820 2174 erat
861 2139 934 2174 sub
973 2139 1082 2175 idem
1123 2144 1282 2186 tempus
1316 2137 1517 2186 lapidibus

91 2209 278 2258 pluvisse,
312 2215 353 2246 et
383 2209 509 2245 multo
543 2220 684 2245 eruore
717 2208 832 2257 signa
865 2209 905 2245 in
924 2209 1083 2245 Sabinis
1117 2209 1288 2245 sudasse
1321 2212 1358 2244 et
1389 2220 1516 2256 aquas

93 2279 205 2316 fonte
238 2280 372 2317 calido
395 2280 548 2328 gelidas
572 2291 780 2323 manasse;
814 2279 857 2316 id
882 2280 1048 2328 quidem
1072 2279 1206 2321 etiam,
1233 2279 1346 2327 quod
1371 2278 1515 2326 saepius
1532 2276 1556 2316 8

82 2350 310 2398 ⁹acciderat,
336 2351 465 2399 magis
483 2351 678 2393 terrebat3
713 2355 752 2386 et
770 2351 811 2386 in
830 2351 890 2386 via
910 2350 1122 2394 fornicata,
1149 2361 1238 2397 quae
1257 2350 1311 2386 ad
1329 2361 1514 2397 campum

94 2426 191 2465 erat,
216 2421 370 2469 aliquot
394 2421 580 2458 homines
607 2421 660 2456 de
687 2421 786 2457 caelo
805 2421 900 2457 tacti
918 2420 1217 2468 exanimatique
1236 2420 1407 2456 fuerant.
1457 2419 1516 2454 Ea

93 2491 280 2541 prodigia
312 2504 360 2528 ex
393 2491 500 2528 libris
533 2496 763 2540 procurata.
812 2490 955 2540 Legati
981 2503 1004 2527 a
1027 2491 1160 2528 Paesto
1189 2496 1349 2539 pateras
1375 2486 1557 2527 aureas9

95 2562 267 2599 Romam
286 2562 516 2599 attulerunt.
566 2561 630 2605 Iis,
651 2563 752 2599 sicut
769 2561 1065 2610 Neapolitanis,
1089 2561 1227 2609 gratiae
1246 2566 1358 2602 actae‚
1379 2571 1517 2596 aurum

98 2644 182 2668 non
214 2638 440 2681 acceptum.
