1789 2955
259 112 344 153 234
691 111 794 143 Liber
819 112 926 143 xxv.
972 111 1027 154 (A.
1047 123 1078 143 u.
1098 123 1126 144 c.
1146 112 1240 156 542.)

256 242 428 290 praealtis
455 242 618 290 rupibus
642 247 683 278 et
708 243 759 278 ab
783 243 872 291 ipsa
896 244 993 280 urbe
1016 255 1131 280 muro
1149 250 1190 280 et
1207 244 1318 281 fossa
1333 245 1487 293 ingenti
1505 253 1671 295 saeptam

219 312 424 356 2videret,
449 324 582 360 eoque
606 325 681 349 nec
707 314 742 348 vi
766 324 844 349 nec
867 315 1056 362 operibus
1079 316 1389 364 expugnabilem
1407 327 1510 360 esse,
1534 329 1587 353 ne
1604 323 1673 353 aut

256 394 299 418 se
322 383 453 430 ipsum
478 395 572 419 cura
595 383 735 419 tuendi
754 383 1000 420 Tarentinos
1023 397 1047 420 a
1065 385 1281 421 maioribus
1298 386 1418 422 rebus
1435 393 1670 431 moraretur,

256 458 324 488 aut
355 452 395 489 in
427 453 588 489 relictos
622 453 708 489 sine
739 454 874 489 valido
907 454 1096 503 praesidio
1130 454 1374 492 Tarentinos
1406 455 1598 504 impetum
1623 469 1672 493 ex

256 534 361 566 arce,
388 534 510 570 quum
535 523 694 566 vellent,
722 524 898 560 Romani
924 524 1117 569 facerent,
1143 525 1246 561 vallo
1271 526 1409 561 urbem
1434 526 1485 561 ab
1503 538 1596 563 arce
1612 527 1671 563 in-

216 593 457 641 sstersaepire
485 593 634 637 statuit,
666 606 750 630 non
781 594 868 631 sine
895 595 961 630 illa
986 595 1108 630 etiam
1134 607 1219 644 spe,
1251 607 1340 632 cum
1365 596 1670 644 prohibentibus

254 674 356 710 opus
381 663 576 699 Romanis
604 675 769 700 manum
799 676 922 713 posse
946 664 1105 701 conseri
1123 669 1175 708 et,
1201 664 1232 700 si
1258 664 1430 701 ferocius
1455 678 1672 714 procucur-

252 731 410 775 rissent,
436 745 586 781 magna
611 735 723 770 caede
749 735 803 771 ita
831 735 1030 771 attenuari
1054 734 1230 783 praesidii
1253 735 1367 780 vires,
1393 741 1436 771 ut
1461 735 1577 773 facile
1600 749 1671 786 per

214 802 300 842 4se
332 802 407 850 ipsi
437 803 646 840 Tarentini
679 805 817 841 urbem
851 806 902 841 ab
934 805 982 841 iis
1015 804 1114 841 tueri
1141 810 1323 853 possent.
1386 805 1466 842 Ubi
1494 812 1670 855 coeptum

252 885 354 921 opus
380 878 452 916 est,
479 873 684 921 patefacta
708 881 877 923 repente
895 881 1025 923 porta,
1050 875 1244 923 impetum
1261 875 1302 911 in
1318 876 1546 913 munientes
1564 877 1670 914 fece·

251 948 342 978 runt
358 943 546 988 Romani,
571 945 745 992 pellique
769 957 812 981 se
838 945 959 982 statio
984 957 1106 994 passa
1131 951 1203 989 est,
1231 957 1320 993 quae
1337 958 1410 994 pro
1429 958 1554 995 opere
1571 953 1668 991 erat,

251 1019 293 1049 ut
317 1025 506 1050 successu
532 1020 730 1051 cresceret
753 1016 926 1052 audacia
950 1016 1165 1064 pluresque
1189 1020 1229 1051 et
1246 1016 1404 1064 longius
1423 1017 1560 1065 pulsos
1578 1029 1670 1066 pro-

209 1083 526 1132 5sequerentur.
601 1084 706 1120 Tum
746 1086 864 1134 signo
904 1086 1003 1121 dato
1044 1085 1172 1121 coorti
1205 1086 1385 1134 undique
1417 1087 1531 1123 Poeni
1563 1093 1668 1132 sunt,

251 1166 353 1202 quos
377 1155 593 1191 instructos
618 1156 672 1190 ad
700 1156 778 1192 hoc
798 1155 1002 1191 Hannibal
1029 1160 1232 1200 tenuerat;
1256 1169 1332 1193 nec
1357 1156 1581 1193 sustinuere
1597 1157 1669 1193 im-

250 1230 387 1272 petum
404 1225 599 1269 Romani;
627 1226 700 1262 sed
726 1226 777 1261 ab
802 1226 932 1262 effusa
957 1226 1051 1274 fuga
1077 1226 1155 1262 loci
1181 1227 1378 1275 angustiae
1403 1239 1475 1264 eos
1498 1228 1670 1276 impedi-

249 1300 370 1342 taque
395 1295 472 1330 alia
496 1307 620 1343 opere
643 1296 722 1331 iam
747 1302 896 1345 coepto,
924 1296 1001 1332 alia
1020 1302 1217 1345 apparatu
1237 1297 1370 1345 operis
1387 1298 1666 1342 morabantur;

208 1365 233 1405 6
249 1366 403 1414 plurimi
428 1366 469 1401 in
495 1365 647 1402 fossam
670 1367 984 1415 praecipitavere,
1019 1366 1223 1414 occisique
1249 1373 1341 1403 sunt
1364 1368 1496 1415 plures
1513 1368 1554 1404 in
1573 1368 1667 1416 fuga

245 1447 364 1483 quam
397 1435 438 1472 in
469 1448 620 1484 pugna.
683 1436 785 1473 Inde
818 1448 921 1485 opus
953 1437 1062 1473 nullo
1094 1437 1336 1485 prohibente
1363 1438 1446 1473 fieri
1472 1443 1661 1486 coeptum.

206 1505 229 1545 7
247 1506 376 1542 Fossa
397 1507 542 1555 ingens
568 1507 703 1549 ducta,
734 1512 773 1543 et
798 1507 942 1543 vallum
966 1507 1069 1543 intra
1095 1519 1185 1543 eam
1213 1500 1387 1556 erigitur,
1417 1508 1663 1556 modicoque

245 1583 338 1625 post
361 1577 570 1612 intervallo
594 1589 748 1612 murum
775 1577 895 1613 etiam
923 1578 1070 1613 eadem
1093 1577 1261 1625 regione
1286 1579 1440 1614 addere
1465 1584 1593 1627 parat,
1623 1584 1665 1614 ut

207 1645 307 1685 8vel
341 1647 426 1683 sine
459 1647 650 1695 praesidio
684 1647 783 1683 tueri
809 1660 851 1683 se
877 1648 1070 1684 adversus
1095 1648 1305 1685 Romanos
1328 1654 1510 1698 possent.
1558 1649 1665 1685 Reli-

246 1717 329 1765 quit
353 1723 488 1753 tamen
514 1717 720 1754 modicum
747 1717 992 1766 praesidium,
1020 1718 1136 1754 simul
1160 1723 1203 1755 ut
1223 1719 1262 1755 in
1282 1718 1532 1767 perficiendo
1550 1731 1663 1755 muro

245 1787 472 1831 adiuvaret;
492 1787 578 1835 ipse
595 1787 802 1836 profectus
821 1799 911 1825 cum
931 1788 1074 1824 ceteris
1092 1788 1219 1837 copiis
1233 1789 1287 1824 ad
1300 1788 1503 1825 Galaesum
1515 1789 1664 1826 flumen

204 1855 437 1907 9(quinque
466 1858 586 1893 millia
615 1859 666 1893 ab
692 1859 789 1894 urbe
820 1855 949 1907 abest)
980 1859 1115 1906 posuit
1144 1864 1287 1895 castra.
1350 1859 1411 1894 Ex
1438 1859 1484 1895 iis
1512 1858 1663 1895 stativis

245 1939 450 1976 regressus
483 1928 538 1963 ad
569 1928 881 1976 inspiciendum,
916 1929 1028 1976 quod
1062 1940 1164 1976 opus
1197 1929 1443 1976 aliquantum
1469 1929 1664 1977 opinione

246 1998 330 2034 eius
369 1998 536 2034 celerius
577 2004 768 2042 creverat,
809 2010 923 2046 spem
963 1998 1082 2046 cepit,
1123 1999 1243 2034 etiam
1276 2011 1409 2035 arcem
1443 1999 1664 2047 expugnari

246 2079 380 2115 posse.
445 2067 496 2103 Et
521 2073 581 2103 est
606 2080 690 2104 non
715 2068 939 2112 altitudine,
967 2074 1007 2104 ut
1031 2073 1188 2112 ceterae,
1214 2074 1312 2113 tuta,
1338 2069 1413 2105 sed
1430 2069 1523 2105 loco
1541 2070 1664 2118 plano

178 2136 231 2176 lO
245 2138 378 2186 posita
411 2142 450 2173 et
483 2139 532 2173 ab
566 2139 662 2174 urbe
688 2150 802 2175 muro
828 2143 983 2174 tantum
1010 2149 1057 2174 ac
1082 2138 1193 2175 fossa
1216 2139 1356 2176 divisa.
1425 2139 1559 2185 Quum
1585 2139 1664 2176 iam

246 2208 593 2244 machinationum
613 2209 722 2244 omni
740 2221 891 2257 genere
909 2214 949 2244 et
961 2209 1151 2257 operibus
1167 2214 1481 2258 oppugnaretur,
1500 2210 1664 2246 missum

245 2291 268 2314 a
298 2278 542 2326 Metaponto
573 2279 802 2326 praesidium
827 2279 1023 2315 Romanis
1052 2279 1146 2315 fecit
1172 2280 1363 2323 animum,
1397 2284 1439 2315 ut
1466 2285 1588 2316 nocte
1616 2292 1665 2315 ex

246 2348 464 2397 improviso
499 2360 624 2396 opera
657 2349 831 2385 hostium
865 2350 1116 2386 invaderent.
1180 2349 1269 2385 Alia
1296 2349 1553 2393 disiecerunt,
1586 2349 1665 2385 alia

245 2418 326 2466 igni
360 2424 635 2467 corruperunt,
678 2419 793 2467 isque
826 2420 914 2456 finis
947 2419 1167 2456 Hannibali
1200 2419 1272 2455 suit
1304 2431 1353 2455 ea
1384 2425 1498 2467 parte
1530 2431 1664 2455 arcem

177 2487 224 2526 11
247 2489 528 2536 oppugnandi.
592 2489 762 2537 Reliqua
795 2496 880 2525 erat
911 2490 952 2526 in
986 2490 1203 2526 obsidione
1235 2501 1342 2538 spes,
1380 2501 1455 2525 nec
1487 2501 1536 2525 ea
1568 2489 1664 2526 satis

247 2558 402 2602 efficax',
428 2559 521 2606 quia
547 2571 679 2595 arcem
704 2565 903 2603 tenentes,
930 2572 1019 2608 quae
1036 2560 1077 2596 in
1094 2559 1317 2608 paeninsula
1334 2559 1467 2608 posita
1483 2559 1665 2595 imminet

247 2628 428 2665 faucibus
453 2634 606 2678 portus,
638 2641 746 2666 mare
773 2630 938 2666 liberum
965 2630 1184 2672 habebant,
1216 2630 1310 2666 urbs
1334 2635 1478 2666 contra
1503 2630 1665 2666 exclusa
