1768 2943
550 121 655 152 Liber
680 121 772 151 XXI.
825 119 878 162 (A.
908 121 969 152 Ch.
996 120 1093 163 218.)
1473 122 1529 163 25

108 253 210 291 senti
228 253 448 290 certamine
464 251 659 289 Boiorum
675 252 899 301 legatorum
918 252 1125 300 regulique
1143 252 1293 301 Magali
1313 255 1525 298 adventus,

108 325 175 373 qui
199 336 242 360 se
260 324 386 361 duces
403 323 602 368 itinerum,
635 323 771 360 socios
788 322 952 371 periculi
971 322 1058 359 fore
1076 322 1337 369 affirmantes,
1368 325 1526 373 integro

107 395 226 439 bello,
250 406 451 442 nusquam
473 398 568 430 ante
592 394 724 430 libatis
749 393 895 430 viribus
912 393 1067 429 Italiam
1093 394 1415 442 aggrediendam
1435 407 1528 432 cen-

107 470 209 502 sent.
263 464 482 501 Multitudo
506 464 675 501 timebat
697 463 863 512 quidem
887 464 1060 508 hostem,
1089 465 1275 500 nondum
1300 466 1529 502 oblitterata
1545 464 1567 504 7

106 536 301 572 memoria
324 535 541 584 superioris
565 535 670 579 belli,
696 535 771 571 sed
794 535 922 583 magis
947 535 1020 570 iter
1043 535 1285 571 immensum
1309 536 1528 584 Alpesque,

106 619 188 642 rem
227 606 336 642 fama
368 606 505 654 utique
537 605 755 654 inexpertis
789 605 1050 650 horrendam,
1091 606 1311 642 metuebat.
1387 606 1526 654 Itaque
1590 602 1652 647 30

106 676 324 722 Hannibal,
365 682 582 725 postquam
620 676 695 725 ipsi
740 676 941 712 sententia
975 676 1083 712 stetit
1116 689 1285 725 pergere
1317 677 1374 712 ire
1407 682 1528 725 atque

105 748 259 784 Italiam
277 753 428 796 petere,
455 748 657 784 advocata
675 747 883 791 contione,
908 747 1015 782 varie
1034 747 1203 783 militum
1220 753 1352 784 versat
1369 748 1528 784 animos

105 818 348 867 castigando
373 819 735 866 adhortandoque:
770 817 905 853 Mirari
924 829 980 862 se,
1001 817 1165 866 quinam
1182 824 1351 867 pectora
1369 831 1528 867 semper
1544 818 1568 856 2

104 889 309 938 impavida
340 901 488 938 repens
520 894 647 925 terror
678 889 881 925 invaserit.
955 888 1031 924 Per
1063 894 1123 925 tot
1156 901 1287 925 annos
1320 889 1528 925 vincentes

105 972 177 996 eos
210 959 414 1009 stipendia
447 959 581 996 facere
613 971 747 1007 neque
781 964 876 995 ante
904 959 1103 1007 Hispania
1137 960 1373 1003 excessisse,
1408 973 1527 1008 quam

105 1042 248 1067 omnes
280 1036 506 1079 gentesque
539 1036 579 1067 et
611 1036 738 1074 terrae,
773 1042 873 1078 quas
907 1031 990 1066 duo
1019 1031 1178 1067 diversa
1203 1031 1328 1067 maria
1352 1032 1528 1080 amplec-

104 1107 250 1146 tantur,
268 1100 663 1150 Carthaginiensium
678 1106 827 1137 essent.
860 1101 1103 1150 1ndignatos
1119 1102 1285 1146 deinde,
1302 1102 1427 1149 quod,
1445 1101 1528 1149 qui·
1544 1100 1569 1139 3

105 1184 264 1220 cunque
288 1172 512 1221 Saguntum
541 1172 814 1216 obsedissent,
849 1173 955 1208 velut
980 1173 1032 1208 ob
1056 1185 1207 1209 noxam
1232 1173 1305 1209 sibi
1332 1173 1429 1209 dedi
1455 1184 1528 1220 po—

105 1243 270 1280 stularet
301 1243 475 1292 populus
499 1243 723 1287 Romanus,
760 1241 954 1279 Hiberum
988 1243 1194 1280 traiecisse
1226 1244 1280 1280 ad
1305 1244 1525 1279 delendum

104 1326 257 1350 nomen
289 1314 569 1350 Romanorum
601 1313 936 1361 liberandumque
970 1314 1110 1350 orbem
1143 1320 1349 1351 terrarum.
1421 1313 1568 1352 Tum4

103 1384 254 1421 nemini
287 1384 414 1421 visum
445 1385 488 1421 id
520 1385 700 1433 longum,
735 1397 857 1432 quum
890 1385 941 1420 ab
975 1396 1124 1421 occasu
1158 1386 1254 1422 solis
1288 1387 1342 1421 ad
1367 1390 1528 1422 exortus

102 1455 363 1492 intenderent
388 1455 486 1509 iter;
520 1467 641 1499 nunc,
675 1461 892 1504 postquam
916 1456 1042 1492 multo
1066 1456 1261 1492 maiorem
1287 1462 1443 1505 partem
1466 1454 1567 1493 iti-5

103 1526 209 1563 neris
242 1538 451 1563 emensam
483 1531 663 1570 cernant,
697 1526 933 1575 Pyrenaeum
959 1527 1101 1563 saltum
1126 1528 1229 1563 inter
1254 1527 1525 1564 ferocissimas

103 1603 246 1645 gentes
279 1603 524 1646 superatum,
568 1597 827 1641 Rhodanum,
863 1603 1018 1633 tantum
1052 1611 1227 1642 amnem,
1262 1604 1323 1634 tot
1354 1598 1525 1634 millibus

104 1667 313 1704 Gallorum
335 1668 657 1716 prohibentibus,
692 1668 847 1704 domita
873 1668 994 1704 etiam
1017 1669 1142 1716 ipsius
1167 1669 1341 1705 fluminis
1365 1669 1414 1712 vi,
1449 1673 1526 1704 tra-

103 1738 264 1783 iectum,
308 1739 349 1774 in
382 1744 605 1787 conspectu
638 1739 762 1787 Alpes
797 1739 987 1783 habeant,
1022 1752 1191 1787 quarum
1224 1740 1390 1775 alterum
1423 1739 1526 1775 latus

103 1808 226 1846 Italiae
259 1809 321 1854 sit,
359 1809 402 1846 in
434 1810 531 1858 ipsis
563 1810 689 1858 portis
723 1810 899 1846 hostium
933 1810 1123 1858 fatigatos
1157 1811 1388 1854 subsistere,
1429 1810 1526 1858 quid
1541 1810 1566 1847 (ἦ

104 1880 227 1928 Alpes
251 1880 361 1916 aliud
384 1892 475 1917 esse
499 1881 714 1918 credentes
733 1893 854 1929 quam
873 1881 1069 1917 montium
1089 1879 1348 1917 altitudines?
1381 1880 1527 1929 Finge-
1543 1879 1564 1919 7

103 1956 193 1986 rent
216 1951 378 1988 altiores
403 1951 583 1999 Pyrenaei
608 1951 729 2000 iugis;
754 1952 884 1988 nullas
908 1951 1095 2001 profecto
1122 1957 1246 1988 terras
1271 1952 1411 1988 caelum
1430 1963 1528 1987 con-

104 2021 259 2070 tingere
291 2034 368 2058 nec
391 2022 735 2071 inexsuperabiles
762 2022 940 2058 humano
965 2023 1104 2071 generi
1128 2035 1231 2060 esse.
1295 2023 1418 2071 Alpes
1443 2022 1527 2069 qui—

105 2092 199 2129 dem
232 2092 416 2138 habitari,
458 2093 548 2138 coli,
581 2093 749 2142 gignere
782 2099 904 2141 atque
938 2094 1044 2130 alere
1078 2095 1326 2137 animantes;
1370 2093 1527 2142 pervias

105 2162 244 2200 fauces
284 2175 375 2200 esse
414 2163 667 2200 exercitibus.
746 2164 831 2201 Eos
871 2165 996 2213 ipsos,
1046 2176 1148 2213 quos
1188 2170 1369 2208 cernant,
1419 2164 1567 2212 lega-8

105 2239 168 2270 tos
215 2246 301 2271 non
348 2234 482 2283 pinnis
530 2235 699 2271 sublime
747 2236 877 2272 elatos
925 2235 1048 2283 Alpes
1082 2232 1386 2284 transgressos.
1465 2234 1527 2270 Ne

105 2304 279 2341 maiores
304 2305 469 2353 quidem
492 2316 632 2341 eorum
655 2304 886 2354 indigenas,
916 2306 990 2342 sed
1015 2307 1196 2342 advenas
1214 2306 1336 2342 Italiae
1356 2306 1528 2342 cultores

106 2375 178 2412 has
218 2376 328 2424 ipsas
361 2376 484 2424 Alpes
522 2376 754 2424 ingentibus
788 2388 896 2425 saepe
930 2378 1159 2426 agminibus
1193 2389 1283 2415 cum
1316 2376 1448 2412 liberis
1482 2387 1528 2410 ac

108 2446 359 2495 coniugibus,
393 2446 650 2495 migrantium
673 2448 815 2492 modo,
842 2453 928 2485 tuto
954 2449 1237 2485 transmisisse.
1302 2446 1415 2482 Militi
1441 2445 1565 2493 qui—Sl

108 2516 202 2552 dem
234 2523 403 2562 armato,
437 2517 534 2554 nihil
568 2530 704 2554 secum
737 2524 880 2567 praeter
911 2519 1179 2555 instrumenta
1212 2518 1302 2554 belli
1336 2516 1527 2565 portanti,

109 2587 205 2634 quid
229 2588 377 2624 invium
405 2593 474 2624 aut
495 2588 820 2637 inexsuperabile
845 2587 961 2626 esse?
994 2590 1217 2638 Saguntum
1245 2594 1285 2624 ut
1304 2593 1527 2636 caperetur,

109 2658 205 2705 quid
232 2670 303 2707 per
326 2664 422 2696 octo
450 2671 613 2695 menses
638 2659 816 2708 periculi,
852 2660 949 2708 quid
974 2661 1122 2696 laboris
1147 2660 1385 2696 exhaustum
1411 2656 1530 2695 esse?
