1789 2955
243 103 328 143 214
601 102 705 133 Liber
728 102 850 134 XXIV.
897 101 951 144 (A.
977 113 1008 134 u.
1029 112 1058 134 c.
1079 101 1293 144 540-541.)

201 231 229 272 4
244 246 443 283 superque
469 234 600 271 fossas
624 246 772 271 novem
796 239 836 270 et
852 234 1013 283 triginta
1031 235 1235 283 elephanti
1252 235 1340 284 pilis
1358 235 1517 273 confixi.
1565 236 1655 273 Hoc

243 317 406 353 quoque
438 304 580 353 proelio
613 305 667 340 ad
699 304 919 341 duodecim
951 305 1073 341 millia
1101 305 1307 342 hominum
1330 306 1515 343 dicuntur
1537 319 1655 350 caesa.

242 387 371 424 prope
403 376 477 411 tria
509 380 629 424 capta
661 386 751 412 cum
784 374 908 423 signis
939 374 1174 412 militaribus
1207 381 1362 424 septem
1395 381 1434 413 et
1462 377 1658 425 quinqua-

202 442 230 483 5
243 446 368 494 ginta.
432 446 498 482 Ad
520 445 739 493 Auringem
770 445 867 481 inde
888 446 1028 481 urbem
1050 445 1165 482 Poeni
1187 457 1404 489 recessere,
1436 452 1488 491 et,
1518 453 1561 483 ut
1581 453 1658 484 ter-

242 516 324 553 ritis
355 516 535 560 instaret,
569 520 730 552 secutus
762 515 984 552 Romanus.
1048 515 1107 551 Ibi
1138 515 1279 551 iterum
1307 515 1443 564 Scipio
1475 516 1658 554 lecticula

243 588 284 623 in
307 587 435 624 aciem
459 586 590 623 illatus
613 585 804 630 conflixit,
829 598 905 622 nec
930 585 1055 621 dubia
1073 585 1239 622 victoria
1258 585 1347 630 fuit;
1373 586 1504 623 minus
1522 592 1657 624 tamen

244 657 414 694 dimidio
438 657 612 693 hostium
630 668 751 704 quam
768 661 901 700 antea,
929 655 1021 703 quia
1039 655 1254 704 pauciores
1272 656 1565 704 superfuerant,
1591 658 1657 706 qui

199 724 225 764 6
243 733 483 776 pugnarent,
518 726 709 764 occisum.
763 726 845 762 Sed
866 738 968 774 gens
991 730 1087 761 nata
1108 725 1381 763 instaurandis
1403 728 1658 775 reparandis-

243 811 321 846 que
345 798 472 843 bellis‚
499 797 679 846 Magone
702 797 757 832 ad
782 796 1121 844 conquisitionem
1145 796 1311 832 militum
1336 809 1358 832 a
1384 796 1502 834 fratre
1519 798 1656 842 misso,

243 868 350 905 brevi
379 869 545 917 replevit
572 867 788 904 exercitum
815 867 1055 915 animosque
1080 867 1134 902 ad
1159 867 1398 903 tentandum
1423 868 1476 904 de
1500 868 1657 917 integro

204 935 225 975 7
244 945 449 976 certamen
474 938 581 975 fecit.
636 937 712 974 Alii
737 937 916 986 plerique
940 937 1097 980 milites,
1127 937 1277 986 quippe
1301 949 1375 986 pro
1401 943 1514 986 parte
1539 938 1658 976 toties

243 1011 347 1046 intra
370 1022 525 1059 paucos
544 1008 631 1045 dies
648 1009 764 1052 victa,
793 1008 938 1044 iisdem
957 1008 1113 1052 animis,
1138 1008 1281 1055 quibus
1299 1008 1465 1057 priores,
1492 1009 1659 1046 eodem-

205 1077 229 1117 8
246 1094 324 1129 que
348 1087 494 1117 eventu
518 1093 763 1129 pugnavere.
812 1079 904 1115 Plus
929 1083 1023 1115 octo
1041 1077 1162 1114 millia
1181 1078 1387 1115 hominum
1406 1091 1524 1124 caesa,
1549 1080 1660 1116 haud

245 1152 369 1187 multo
402 1152 534 1188 minus
567 1164 687 1200 quam
719 1150 825 1186 mille
858 1154 1019 1198 captum
1053 1154 1093 1185 et
1121 1148 1237 1197 signa
1258 1149 1442 1185 militaria
1464 1150 1659 1198 quinqua-

243 1222 356 1270 ginta
388 1227 496 1259 octo.
560 1222 612 1258 Et
643 1221 774 1270 spolia
806 1220 974 1269 plurima
1007 1218 1163 1256 Gallica
1197 1218 1320 1264 fuere,
1354 1220 1464 1256 aurei
1496 1225 1659 1268 torques

245 1292 500 1340 armillaeque,
526 1305 697 1341 magnus
721 1301 929 1334 numerus;
957 1291 1039 1326 duo
1066 1289 1186 1326 etiam
1210 1290 1390 1339 insignes
1414 1291 1539 1339 reguli
1563 1289 1660 1327 Gal-

244 1363 371 1399 lorum
390 1360 697 1414 (Moeniacoepto
716 1366 756 1398 et
773 1361 960 1398 Vismaro
978 1360 1145 1396 nomina
1163 1359 1291 1411 erant)
1317 1373 1367 1397 eo
1396 1361 1538 1409 proelio
1557 1361 1659 1398 ceci-

246 1434 404 1470 derunt.
468 1431 574 1470 Octo
607 1431 812 1481 elephanti
845 1431 964 1480 capti,
998 1435 1077 1468 tres
1110 1431 1246 1468 occisi.

205 1501 231 1542 9
366 1504 500 1550 Quum
525 1509 606 1540 tam
630 1514 834 1551 prosperae
858 1515 921 1537 res
944 1502 986 1538 in
1011 1500 1212 1550 Hispania
1236 1507 1384 1547 essent,
1418 1503 1662 1539 verecundia

247 1576 459 1611 Romanos
482 1575 648 1610 tandem
671 1573 789 1621 cepit,
823 1572 1045 1620 Saguntum
1069 1573 1280 1620 oppidum,
1314 1585 1402 1620 quae
1425 1585 1548 1609 causa
1570 1572 1662 1609 belli

182 1643 235 1684 10
249 1650 368 1690 esset,
399 1650 586 1682 octavum
609 1644 689 1680 iam
714 1655 864 1679 annum
890 1643 963 1678 sub
991 1641 1166 1678 hostium
1194 1648 1396 1691 potestate
1424 1655 1528 1680 esse.
1585 1643 1662 1679 Ita-

249 1728 327 1764 que
350 1716 393 1751 id
418 1716 628 1764 oppidum,
654 1715 689 1750 vi
714 1714 830 1763 pulso
848 1713 1037 1762 praesidio
1056 1713 1223 1758 Punico,
1248 1720 1488 1762 receperunt
1505 1714 1663 1751 cultori-

182 1784 232 1824 11
249 1787 405 1835 busque
423 1786 611 1834 antiquis,
637 1797 739 1833 quos
757 1797 806 1820 ex
823 1785 868 1820 iis
886 1784 943 1820 vis
961 1783 1175 1831 reliquerat
1191 1783 1296 1828 belli,
1322 1783 1597 1828 restituerunt;
1624 1789 1664 1819 et

249 1857 523 1901 Turdetanos,
538 1856 604 1904 qui
618 1859 902 1893 contraxerant
914 1854 971 1890 eis
985 1866 1074 1892 cum
1089 1853 1488 1902 Carthaginiensibus
1501 1854 1660 1897 bellum,

247 1928 288 1964 in
311 1933 556 1976 potestatem
578 1928 768 1963 redactos
793 1925 865 1961 sub
891 1936 1044 1961 corona
1068 1924 1340 1960 vendiderunt
1356 1925 1576 1972 urbemque
1593 1936 1664 1961 eo-

247 2010 332 2033 rum
365 1998 563 2036 delerunt.

121 2064 186 2109 43
330 2092 333 2096 -
367 2068 466 2105 Haec
489 2069 531 2105 in
547 2068 748 2117 Hispania
766 2067 816 2113 Q.
837 2066 977 2110 Fabio,
1002 2066 1057 2102 M.
1078 2065 1252 2103 Claudio
1279 2066 1511 2104 consulibus
1533 2071 1662 2114 gesta.

209 2138 234 2178 2
250 2141 390 2178 Romae
430 2152 552 2188 quum
590 2138 735 2175 tribuni
774 2137 901 2186 plebis
941 2137 1034 2173 novi
1068 2137 1343 2185 magistratum
1377 2136 1557 2180 inissent,
1598 2148 1664 2172 ex-

249 2211 401 2260 templo
439 2210 674 2247 censoribus
705 2209 748 2245 P.
784 2207 901 2243 Furio
935 2212 975 2243 et
1006 2207 1062 2244 M.
1097 2208 1216 2244 Atilio
1250 2220 1273 2244 a
1305 2205 1368 2244 M.
1402 2206 1566 2243 Metello
1600 2205 1665 2242 tri-

210 2279 235 2319 3
251 2283 361 2318 buno
403 2281 532 2330 plebis
576 2280 663 2316 dies
702 2279 810 2315 dicta
851 2278 905 2313 ad
944 2278 1139 2326 populum
1178 2283 1239 2315 est
1279 2276 1535 2328 (quaestorem
1573 2288 1664 2312 eum

250 2351 434 2400 proximo
459 2363 582 2395 anno,
609 2350 803 2397 adempto
829 2360 949 2396 equo,
977 2349 1079 2384 tribu
1106 2353 1316 2385 moverant
1339 2352 1460 2395 atque
1484 2346 1664 2383 aerarium

250 2422 431 2459 fecerant
463 2426 626 2470 propter
658 2418 980 2456 coniurationem
1014 2418 1254 2455 deserendae
1276 2417 1398 2454 Italiae
1420 2418 1477 2453 ad
1500 2416 1664 2453 Cannas

250 2489 426 2542 factam),
476 2492 550 2528 sed
595 2502 742 2527 novem
786 2490 1033 2526 tribunorum
1077 2488 1224 2525 auxilio
1267 2487 1375 2524 vetiti
1419 2499 1582 2524 causam
1625 2486 1666 2522 in

208 2561 484 2610 4magistratu
524 2561 659 2598 dicere
702 2559 936 2607 dimissique
978 2556 1185 2610 [fuerant].
1263 2556 1324 2594 Ne
1369 2557 1534 2593 lustrum
1578 2568 1666 2605 per-
