1789 2955
206 93 287 131 270
613 89 728 124 Liber
754 88 878 124 XXX.
927 90 987 131 (A.
1015 101 1048 122 u.
1075 99 1104 123 c.
1131 90 1224 132 553.)

202 231 280 268 pax.
311 217 581 263 convenisset,
613 217 696 254 sine
738 216 869 266 pretio
911 229 977 254 eos
1010 215 1409 266 Carthaginiensibus
1440 216 1641 255 redderet

157 292 179 327 9
199 289 373 327 Fetiales
405 303 525 339 quum
558 289 598 326 in
616 288 798 325 Africam
826 288 876 325 ad
901 287 1030 325 foedus
1057 288 1285 325 feriundum
1310 288 1367 326 ire
1391 289 1644 336 iuberentur,

202 362 299 411 ipsis
317 360 616 411 postulantibus
645 363 806 397 senatus
824 359 1047 397 consultum
1076 360 1116 396 in
1140 360 1223 396 haec
1239 359 1363 397 verba
1393 360 1539 398 factum
1564 364 1634 407 est,

202 437 247 470 ut
278 433 415 483 privos
447 433 602 482 lapides
635 432 766 469 silices
808 432 1021 482 privasque
1066 431 1259 468 verbenas
1301 444 1432 470 secum
1473 432 1635 477 ferrent,

201 508 256 551 ut,
291 506 359 542 uba·
389 508 538 554 praetor
567 504 771 542 Romanus
811 504 1046 553 imperaret,
1094 505 1139 539 ut
1184 502 1311 540 foedus
1344 503 1529 550 ferirent,
1574 504 1635 541 illi

201 579 412 626 praetorem
445 576 627 625 sagmina
650 579 871 626 poscerent.
915 574 1063 612 Herbae
1090 574 1131 611 id
1155 587 1280 623 genus
1312 588 1360 612 ex
1386 588 1475 613 arce
1502 588 1639 625 sumpoe

202 652 285 685 tum
317 647 523 686 fetialibus
557 648 643 685 dari
674 647 784 686 solet.

129 719 178 756 10
315 720 379 757 Ita
413 720 568 757 dimissi
600 720 648 756 ab
680 719 811 756 Roma
843 717 1195 766 Carthaginienses
1227 732 1348 768 quum
1380 719 1421 756 in
1453 719 1634 756 Africam

202 792 402 830 venissent
425 791 475 829 ad
493 790 733 841 Scipionem,
758 790 902 840 quibus
927 793 1018 827 ante
1043 789 1193 827 dictum
1223 795 1281 828 est
1306 791 1474 840 legibus,
1499 804 1635 841 pacem

127 864 175 902 11
198 863 389 902 fecerunt.
469 863 600 901 Naves
645 863 805 912 longas,
859 861 1113 912 elephantos,
1168 862 1376 912 perfugas,
1431 863 1636 912 fugitivos,

202 936 447 985 captivorum
483 939 672 985 quattuor
703 935 832 972 millia
861 933 1124 980 tradiderunt,
1156 933 1261 971 inter
1279 947 1386 984 quos
1414 934 1459 982 Q.
1487 934 1635 972 Teren·

131 1010 179 1046 12
202 1008 282 1045 tius
315 1007 453 1045 Culleo
486 1010 644 1045 senator
676 1008 763 1044 fuit.
823 1006 955 1044 Naves
995 1008 1204 1055 provectas
1245 1005 1286 1043 in
1318 1006 1442 1043 altum
1473 1006 1635 1046 incendi

202 1080 337 1127 iussit3
371 1081 611 1129 quingentas
642 1079 768 1116 fuisse
801 1079 928 1116 omnis
954 1077 1123 1126 generis
1155 1090 1243 1126 quae
1267 1079 1385 1115 remis
1412 1081 1636 1128 agerentur,

201 1151 364 1202 quidam
397 1151 580 1197 tradunt:
615 1164 783 1201 quarum
816 1152 1070 1200 conspectum
1101 1153 1264 1199 repente
1296 1149 1524 1187 incendium
1555 1153 1636 1186 tam

126 1227 175 1263 13
199 1225 371 1274 lugubre
403 1224 527 1261 fuisse
558 1223 719 1270 Poenis,
766 1236 884 1272 quam
923 1223 956 1259 si
987 1222 1075 1271 ipsa
1107 1220 1309 1271 Carthago
1342 1221 1510 1259 arderet.
1571 1221 1637 1258 De

199 1296 380 1347 perfugis
413 1297 577 1346 gravius
603 1309 720 1345 quam
749 1295 797 1332 de
823 1294 1006 1343 fugitivis
1034 1293 1277 1339 consultumg
1309 1294 1480 1331 nominis
1498 1293 1637 1330 Latini

203 1369 275 1419 qui
307 1372 431 1415 erant,
463 1369 593 1406 securi
626 1367 817 1418 percussi,
847 1366 1021 1404 Romani
1055 1365 1095 1401 in
1128 1378 1284 1403 crucem
1317 1366 1477 1404 sublati.

48 1439 109 1487 44
314 1441 448 1478 Annis
481 1443 572 1477 ante
604 1439 875 1489 quadraginta
904 1451 983 1488 pax
1017 1450 1103 1474 culn
1130 1436 1533 1486 Carthaginiensibus
1564 1450 1636 1487 po·

157 1515 180 1551 2
200 1517 345 1550 stremo
377 1514 483 1550 facta
515 1515 610 1559 erat,
642 1511 689 1558 Q.
722 1511 900 1557 Lutatio,
932 1509 984 1547 A.
1005 1509 1160 1546 Manlio
1193 1510 1432 1546 consulibus.
1478 1509 1636 1546 Bellum

200 1585 346 1623 initum
379 1586 493 1623 annis
525 1588 615 1634 post
652 1584 782 1621 tribus
829 1587 868 1620 et
912 1581 1080 1631 viginti,
1116 1580 1162 1617 P.
1196 1580 1401 1627 Cornelio,
1433 1580 1494 1617 Ti.
1526 1578 1636 1617 Sem-

198 1657 343 1707 pronio
375 1657 619 1703 consulibus,
649 1656 807 1693 finitum
840 1658 899 1691 est
922 1653 1092 1703 septimo
1120 1653 1273 1690 decimo
1303 1666 1417 1702 anno,
1451 1651 1521 1689 Cn.
1540 1651 1635 1689 Cor-

156 1730 179 1766 3
198 1729 318 1775 nelio,
350 1729 396 1766 P.
429 1729 540 1766 AElio
571 1728 684 1766 Paeto
719 1726 960 1765 oonsulibus.
1023 1724 1138 1775 Saepe
1169 1728 1307 1774 postea
1338 1725 1473 1762 ferunt
1503 1722 1633 1774 Scipi·

198 1813 311 1838 onem
345 1801 506 1847 dixisse,
537 1800 598 1838 Ti.
633 1799 795 1837 Claudii
839 1799 1012 1848 primum
1059 1797 1341 1847 cupiditatem,
1386 1796 1531 1834 deinde
1565 1795 1637 1833 Cn.

198 1872 377 1910 Cornelii
408 1873 530 1910 fuisse
562 1872 603 1909 in
633 1885 756 1918 mora,
790 1884 867 1921 quo
898 1871 1028 1907 minus
1059 1869 1100 1906 id
1131 1869 1284 1907 bellum
1316 1869 1440 1906 exitio
1468 1867 1633 1906 Cartha-

197 1946 305 1995 ginis
335 1945 482 1982 finiret.

151 2018 176 2054 4
310 2016 550 2064 Carthagini
590 2028 711 2065 quum
752 2014 883 2064 prima
921 2014 1083 2051 collatio
1125 2012 1305 2063 pecuniae
1337 2012 1494 2050 diutino
1525 2011 1635 2049 bello

199 2089 400 2126 exhaustis
433 2087 613 2126 difficilis
644 2086 868 2133 videretur,
914 2085 1181 2135 maestitiaque
1228 2088 1266 2122 et
1305 2084 1422 2122 fietus
1452 2084 1494 2121 in
1526 2083 1635 2120 curia

156 2160 311 2208 5esset,
342 2161 537 2198 ridentem
555 2158 830 2197 Hannibalem
862 2159 997 2195 ferunt
1029 2160 1294 2206 conspectum.
1357 2155 1480 2194 Cuius
1512 2168 1634 2205 quum

196 2232 433 2270 Hasdrubal
466 2232 621 2270 Haedus
652 2231 777 2268 risum
809 2230 1036 2279 increparet
1075 2229 1116 2266 in
1155 2228 1320 2278 publico
1350 2228 1466 2274 fletu,
1511 2240 1633 2277 quum

156 2305 178 2342 6
198 2305 284 2354 ipse
316 2305 571 2342 lacrimarum
603 2315 720 2341 causa
744 2305 857 2349 esset,
893 2300 974 2351 „Si‚
1002 2300 1334 2351 quemadmodum
1369 2300 1448 2337 oris
1472 2299 1633 2337 habitus

198 2377 374 2415 cernitur
416 2376 569 2414 oculis“
604 2375 755 2425 inquit,
807 2374 889 2423 „sic
930 2378 969 2411 et
1014 2374 1169 2411 animus
1208 2372 1315 2409 intus
1348 2371 1457 2409 cerni
1487 2374 1634 2421 posset,

195 2449 314 2487 facile
330 2449 445 2486 vobis
463 2450 686 2498 appareret,
718 2459 797 2484 non
814 2445 909 2492 laeti,
941 2445 1008 2483 sed
1025 2458 1152 2495 prope
1168 2444 1335 2481 amentis
1360 2443 1475 2481 malis
1501 2441 1632 2480 cordis
1660 2454 1671 2465 ·

196 2520 319 2566 hunc,
367 2532 482 2569 quem
530 2518 766 2568 increpatis,
808 2517 934 2554 risum
967 2529 1068 2561 esse3
1115 2516 1185 2565 qui
1217 2518 1350 2553 tamen
1380 2527 1633 2564 nequaquam

197 2591 299 2630 adeo
345 2595 403 2629 est
450 2590 773 2640 intempestivus,
820 2601 936 2638 quam
980 2591 1122 2626 vestrae
1154 2588 1241 2625 istae
1283 2586 1466 2624 absurdae
1511 2588 1631 2635 atque

154 2664 174 2700 7
194 2663 452 2701 abhorrentes
477 2662 652 2700 lacrimae
679 2665 781 2699 sunt.
828 2660 941 2698 Tunc
972 2659 1086 2698 flesse
1111 2659 1255 2706 decuit,
1287 2671 1409 2709 quum
1442 2657 1628 2707 adempta
