1789 2955
553 70 668 105 Liber
694 68 842 104 XXIX.
894 69 950 109 (A.
979 66 1043 101 Ch.
1069 65 1161 104 204.)
1493 63 1574 101 215

142 200 345 239 hominum
377 211 535 248 quoque
569 211 685 235 carne
717 211 761 234 ac
787 197 888 233 lacte
914 193 1156 232 vescentium
1182 191 1337 230 abunde
1355 189 1576 228 sufficiebat

145 271 361 310 alimentis.
421 270 523 307 Inde
569 270 774 306 nocturnis
819 268 950 317 primo
997 280 1042 304 ac
1082 265 1242 303 furtivis
1274 259 1652 304 incursionibus,lO

145 343 461 392 deinde-aperto
494 341 706 379 latrocinio
754 341 897 377 infesta
943 339 1075 376 omnia
1107 337 1214 373 circa
1259 348 1361 380 esse,
1407 331 1576 369 maxime

143 415 207 453 uri
225 414 571 463 Carthaginiensis
602 427 709 462 ager,
742 413 836 462 quia
867 416 905 448 et
928 411 1015 460 plus
1042 409 1197 459 praedae,
1229 420 1345 456 quam
1374 405 1479 441 inter
1495 402 1576 440 Nu-

145 487 294 534 midas,
341 486 681 523 et‘latrocinium
722 485 851 522 tutius
905 486 1000 520 erat.
1061 481 1226 530 Iamque
1273 478 1370 515 adeo
1414 476 1581 513 licenter
1601 474 1647 510 ll

147 558 380 605 eludebant,
411 561 457 595 ut
487 557 539 595 ad
571 571 677 595 mare
711 558 915 595 devectam
960 554 1137 604 praedam
1182 550 1401 589 venderent
1431 560 1579 584 merca-

148 631 304 670 toribus
336 630 634 681 appellentibus
680 643 800 667 naves
838 628 888 666 ad
927 627 970 664 id
1002 626 1152 675 ipsum,
1199 623 1414 672 pluresque
1461 631 1579 668 quam

150 704 255 741 iusto
287 716 391 753 saepe
423 702 464 739 in
496 701 602 739 bello
636 700 988 749 Carthaginienses
1027 697 1217 735 caderent
1249 695 1578 744 caperenturque.

146 774 434 825 Deplorabant
466 788 511 812 ea
535 774 641 824 apud
669 772 891 823 Syphacem
910 769 1275 819 Carthaginienses,
1307 765 1586 811 infensumque
1606 761 1655 797 12

147 850 188 884 et
219 847 349 897 ipsum
381 847 431 884 ad
462 847 655 896 reliquias
681 845 779 883 belli
806 841 1103 894 persequendas
1122 838 1387 887 instigabant;
1420 833 1487 872 sed
1512 833 1582 870 vix

147 919 304 968 regium
335 919 551 956 videbatur
580 919 776 955 latronem
821 928 965 963 vagum
1011 914 1051 950 in
1098 912 1299 950 montibus
1341 909 1584 956 consectari,

149 990 284 1028 Bucar
315 1004 363 1028 ex
387 990 587 1040 praefectis
605 989 740 1038 regiis,
772 988 835 1027 vir
863 1000 953 1025 acer
980 989 1018 1023 et
1036 985 1217 1035 impiger,
1252 985 1301 1022 ad
1329 984 1371 1021 id
1399 984 1588 1022 delectus.
1677 977 1740 1026 32·

148 1062 199 1100 Ei
235 1062 328 1100 data
360 1066 550 1113 quattuor
580 1063 709 1100 millia
740 1062 932 1113 peditum,
965 1060 1041 1099 duo
1089 1059 1277 1110 equitum,
1310 1058 1581 1109 praemiorum-

148 1148 223 1184 que
242 1134 462 1183 ingentium
489 1149 556 1185 spe
581 1138 780 1183 oneratus,
815 1135 849 1171 si
876 1137 994 1183 caput
1012 1133 1236 1170 Masinissae
1260 1131 1485 1168 rettulisset
1515 1132 1585 1167 aut

147 1206 283 1243 vivum
317 1205 377 1259 (id
407 1221 503 1244 vero
535 1207 816 1244 inaestimabile
842 1205 1034 1255 gaudium
1060 1206 1161 1254 fore)
1189 1205 1371 1254 cepisset.
1418 1202 1583 1240 Palatos
1602 1203 1624 1238 ‘2

147 1278 424 1328 incurioseque
450 1283 610 1328 agentes
635 1279 853 1328 improviso
878 1277 1052 1323 adortus,
1086 1289 1273 1326 pecorum
1298 1275 1582 1322 hominumque

146 1349 302 1399 ingenti
320 1350 578 1388 multitudine
606 1365 628 1387 a
655 1350 841 1400 praesidio
861 1352 1104 1386 armatorum
1133 1349 1305 1393 exclusa,
1323 1346 1581 1384 Masinissam

147 1421 277 1471 ipsum
309 1436 396 1459 cum
428 1423 566 1472 paucis
597 1424 636 1460 in
668 1423 859 1460 verticem
883 1422 1027 1458 montis
1057 1420 1270 1470 compellit.
1318 1418 1431 1465 Inde,
1462 1430 1586 1467 prope
1605 1418 1627 1454 3

146 1497 192 1530 ut
223 1494 302 1531 iam
335 1493 550 1541 debellato,
582 1509 652 1532 nec
670 1496 806 1544 praeda
830 1494 947 1532 modo
973 1506 1161 1543 pecorum
1184 1491 1467 1540 hominumque
1494 1503 1583 1540 cap-

146 1569 278 1603 torum
311 1566 430 1604 missa
461 1566 510 1604 ad
527 1579 675 1615 regem,
706 1567 774 1604 sed
800 1553 925 1616 copiis
952 1566 1084 1610 etiam,
1116 1567 1161 1600 ut
1193 1563 1401 1612 aliquanto
1426 1562 1586 1599 maiori-

151 1637 226 1674 bus
259 1651 377 1687 quam
409 1651 482 1688 pro
524 1639 707 1688 reliquiis
739 1638 847 1684 belli,
878 1637 1065 1683 remissis,
1097 1649 1183 1672 cum
1216 1634 1447 1684 quingentis
1477 1632 1585 1670 haud
1604 1633 1628 1669 4

147 1710 319 1759 amplius
376 1710 581 1760 peditibus
637 1711 897 1759 ducentisque
955 1708 1157 1759 equitibus
1205 1708 1431 1755 degressum
1480 1705 1584 1753 iugis

148 1781 403 1819 Masinissam
451 1786 683 1832 persecutus
740 1782 779 1818 in
832 1781 936 1818 valle
994 1783 1100 1825 arta,
1155 1779 1339 1816 faucibus
1394 1778 1584 1826 utrinque

151 1853 343 1900 obsessis,
403 1854 584 1891 inclusit.
645 1854 716 1891 ubi
763 1855 902 1903 ingens
960 1853 1085 1889 caedes
1140 1851 1414 1889 Maesuliorum
1472 1850 1586 1886 facta.

150 1925 368 1963 Masinissa
413 1940 501 1963 cum
548 1927 841 1976 quinquaginta
887 1925 993 1962 haud
1039 1924 1210 1974 amplius
1264 1922 1470 1973 equitibus
1516 1920 1629 1971 per-¹3

151 1997 353 2035 anfractus
371 1998 516 2035 montis
544 1999 701 2046 ignotos
728 1997 986 2046 sequentibus
1010 2010 1050 2033 se
1075 1996 1236 2045 eripuit.
1282 1994 1430 2032 Tenuit
1453 1996 1585 2030 tamen
1605 1992 1626 2027 6

148 2070 320 2117 vestigia
350 2069 502 2114 Bucar,
549 2070 798 2120 adeptusque
845 2083 932 2106 eum
970 2068 1202 2118 patentibus
1233 2080 1358 2116 prope
1391 2066 1585 2115 Clupeam

149 2141 290 2178 urbem
323 2142 472 2192 campis
505 2143 561 2180 ita
593 2142 864 2191 circumvenit,
912 2144 957 2177 ut
1001 2143 1148 2190 praeter
1195 2142 1384 2188 quattuor
1430 2137 1586 2187 equites

149 2225 284 2251 omnes
316 2213 366 2251 ad
398 2227 520 2251 unum
552 2214 810 2252 interfecerit.
872 2212 971 2250 Cum
1016 2212 1064 2249 iis
1110 2212 1240 2262 ipsum
1273 2223 1430 2260 quoque
1462 2209 1583 2246 Masi-

150 2285 297 2322 nissam
343 2286 519 2323 saucium
565 2299 688 2335 prope
735 2299 755 2322 e
801 2284 984 2322 manibus
1030 2285 1136 2321 inter
1179 2283 1395 2320 tumultum
1441 2281 1585 2318 amisit.

153 2356 203 2394 In
222 2361 437 2408 conspectu
456 2361 570 2395 erant
586 2358 806 2408 fugientes3
837 2357 901 2394 ala
917 2356 1095 2405 equitum
1124 2355 1308 2404 dispersa
1334 2354 1416 2391 lato
1434 2365 1585 2402 campo,
1606 2351 1626 2386 7

151 2430 402 2479 quibusdam,
432 2433 477 2467 ut
509 2432 773 2476 occurrerent,
803 2443 875 2479 per
906 2428 1071 2477 obliqua
1101 2425 1372 2471 tendentibus,
1406 2425 1583 2474 quinque

149 2501 280 2539 hostes
313 2502 565 2551 sequebatur.
628 2501 770 2538 Amnis
813 2500 955 2549 ingens
994 2499 1196 2548 fugientes
1243 2497 1400 2547 accepit
1439 2496 1627 2546 (nequeS

153 2573 256 2610 enim
289 2576 540 2620 cunctanter,
586 2576 631 2610 ut
676 2586 775 2623 quos
813 2572 939 2609 maior
972 2573 1097 2608 metus
1128 2572 1301 2618 urgeret,
1336 2568 1585 2605 immiserant

153 2646 305 2695 equos),
336 2645 521 2695 raptique
562 2644 724 2694 gurgite
771 2644 810 2680 in
858 2644 1063 2692 obliquum
1095 2641 1266 2692 praelati.
1328 2639 1498 2678 Duobus
1546 2639 1630 2676 ine
