1789 2955
277 55 355 91 142
658 50 772 84 Liber
797 48 985 83 XXVIII.
1035 50 1096 92 (A.
1123 61 1157 83 u.
1185 61 1215 84 c.
1241 51 1335 93 548.)

203 179 253 216 15
272 190 461 227 armaque
493 180 532 213 et
562 190 680 215 naves
712 177 1024 227 expedientium,
1054 176 1246 213 fecerunt.
1302 175 1500 214 Percussa
1527 177 1633 214 enim
1660 190 1707 215 ex

273 250 355 288 alto
382 249 473 287 vela
498 248 619 298 paulo
644 248 792 286 acriori
813 252 932 286 vento
956 248 1068 298 prius
1093 248 1135 284 in
1159 251 1319 296 portum
1344 247 1567 286 intulerunt
1592 249 1705 298 quin-

205 322 254 358 16
274 334 492 371 queremes,
523 333 640 369 quam
671 319 789 357 Poeni
821 333 987 357 ancoras
1018 319 1276 365 molirentur3
1325 331 1396 356 nec
1426 319 1533 357 ultra
1563 320 1708 357 tumul·

271 398 356 431 tum
389 393 495 430 ciere
527 391 738 440 quisquam
771 392 810 428 in
842 392 954 440 regio
986 394 1105 441 portu
1138 390 1321 428 audebat.
1381 391 1447 428 Ita
1487 391 1529 428 in
1558 394 1706 428 terram

270 465 382 515 prior
420 463 667 509 Hasdrubal,
715 477 806 501 mox
848 463 983 513 Scipio
1023 466 1062 500 et
1102 462 1253 499 Laelius
1291 462 1441 510 egressi
1479 462 1530 499 ad
1574 476 1708 512 regem
1764 483 1768 485 ·

132 532 183 580 18
270 538 454 586 pergunt.
515 534 851 584 Magnificumque
882 535 923 573 id
954 534 1129 584 Syphaci
1159 533 1247 583 (nec
1278 538 1364 571 erat
1393 534 1528 584 aliter)
1565 534 1708 582 visum,

273 608 441 645 duorum
473 606 864 656 opulentissimorum
892 621 937 644 ea
960 609 1195 655 tempestate
1219 606 1338 642 duces
1361 606 1602 655 populorum
1631 619 1708 644 uno

230 679 335 716 2die
374 692 483 716 suam
524 691 662 727 pacem
700 679 998 728 amicitiamque
1039 681 1219 727 petentes
1250 677 1418 715 venisse.
1482 677 1709 726 Utrumque

271 752 313 788 in
345 750 565 800 hospitium
596 750 751 797 invitat,
783 755 833 797 et,
866 750 1056 800 quoniam
1086 750 1168 787 fors
1201 763 1266 787 eos
1293 750 1365 786 sub
1389 762 1467 786 uno
1491 752 1598 786 tecto
1624 762 1708 786 esse

271 826 390 873 atque
422 822 473 859 ad
505 822 664 859 eosdem
695 826 860 872 penates
890 823 1094 868 voluisset,
1126 821 1360 859 contrahere
1387 821 1437 858 ad
1464 821 1708 870 colloquium

228 896 250 932 3
269 895 586 932 dirimendarum
618 894 883 932 simultatium
916 907 1036 931 causa
1067 897 1125 930 est
1157 896 1333 939 conatus,
1364 891 1553 943 Scipione
1584 893 1708 930 abnu-

271 970 361 1004 ente
403 969 473 1003 aut
510 966 699 1016 privatim
737 966 818 1003 sibi
858 967 986 1003 ullum
1018 978 1105 1002 cum
1137 964 1263 1003 Poeno
1295 964 1431 1002 odium
1463 978 1557 1012 esse,
1603 964 1709 1014 quod

271 1038 534 1088 colloquendo
565 1037 710 1085 finiret,
742 1042 811 1075 aut
841 1038 888 1075 de
919 1052 961 1075 re
993 1037 1156 1087 publica
1181 1036 1395 1086 quicquam
1419 1050 1459 1074 se
1483 1050 1571 1073 cum
1595 1036 1709 1074 hoste

225 1111 385 1160 4agere
430 1111 584 1148 iniussu
629 1114 789 1147 senatus
830 1123 958 1160 posse.
1020 1109 1133 1146 Illud
1173 1121 1316 1157 magno
1358 1121 1477 1158 opere
1518 1108 1709 1145 tendente

270 1196 375 1232 rege,
407 1196 455 1220 ne
487 1183 591 1220 alter
620 1182 822 1232 hospitum
853 1182 1037 1219 exclusus
1070 1194 1204 1218 mensa
1233 1180 1448 1226 videretur,
1478 1184 1523 1217 ut
1554 1180 1595 1216 in
1625 1179 1708 1216 ani-

271 1268 376 1292 mum
408 1254 619 1291 induceret
649 1254 700 1291 ad
731 1253 888 1291 easdem
919 1254 1055 1290 venire
1087 1253 1236 1302 epulas,
1268 1253 1377 1290 haud
1408 1252 1562 1298 abnuit,
1594 1264 1708 1289 cena-

226 1327 432 1375 5tumque
464 1325 583 1363 simul
614 1326 720 1376 apud
751 1339 885 1374 regem
918 1328 994 1371 est;
1043 1328 1083 1361 et
1114 1325 1253 1362 eodem
1286 1324 1404 1361 etiam
1437 1324 1538 1361 lecto
1571 1321 1710 1373 Scipio

224 1399 246 1434 6
266 1402 386 1447 atque
403 1397 649 1444 Hasdrubal,
682 1398 777 1446 quia
800 1398 857 1435 ita
882 1397 994 1434 cordi
1020 1400 1105 1433 erat
1127 1397 1230 1445 regi,
1246 1396 1530 1434 accubuerunt.
1577 1394 1709 1432 Tanta

269 1473 400 1507 autem
440 1470 571 1506 inerat
612 1471 776 1506 comitas
809 1469 990 1519 Scipioni
1023 1471 1142 1518 atque
1173 1468 1223 1505 ad
1255 1468 1387 1505 omnia
1418 1467 1616 1504 naturalis
1649 1467 1707 1504 in-

269 1541 377 1590 genii
405 1541 636 1586 dexteritas,
667 1544 712 1577 ut
735 1555 813 1577 non
841 1540 1062 1590 Syphacem
1086 1539 1217 1589 modo,
1250 1539 1466 1577 barbarum
1490 1539 1707 1576 insuetum-

269 1626 344 1662 que
368 1612 547 1650 moribus
570 1612 774 1659 Romanis,
801 1613 870 1650 sed
894 1614 1047 1650 hostem
1073 1613 1194 1650 etiam
1218 1611 1517 1648 infestissimum
1539 1610 1709 1648 facunde

228 1686 248 1721 7
268 1684 510 1734 alloquendo
543 1685 619 1722 sibi
650 1685 896 1722 conciliaret.
957 1684 1333 1733 Mirabilioremque
1357 1683 1437 1720 sibi
1463 1696 1550 1720 eum
1577 1682 1708 1719 virum

268 1770 481 1806 congresso
513 1770 646 1794 coram
677 1758 804 1794 visum
836 1770 918 1807 prae
950 1771 990 1794 se
1022 1757 1175 1794 ferebat
1206 1769 1324 1805 quam
1356 1754 1462 1792 bello
1493 1753 1614 1791 rebus
1641 1766 1707 1802 ge-

222 1830 246 1866 8
267 1829 351 1875 stis,
376 1842 448 1866 nec
473 1828 670 1875 dubitare,
695 1829 794 1878 quin
819 1827 982 1879 Syphax
1011 1841 1256 1878 regnumque
1282 1827 1366 1864 eius
1392 1826 1470 1864 iam
1494 1826 1536 1862 in
1563 1825 1707 1862 Roma-

267 1914 407 1937 norum
453 1904 555 1938 esset
584 1904 805 1950 potestate3
852 1915 936 1938 eam
969 1904 1093 1938 artem
1140 1900 1204 1936 illi
1233 1900 1320 1937 viro
1353 1897 1403 1936 ad
1434 1896 1708 1935 conciliandos

227 1973 418 2010 {lanimos
452 1987 549 2010 esse.
610 1973 754 2022 Itaque
786 1987 878 2019 non,
919 1985 996 2022 quo
1038 1971 1154 2009 modo
1185 1970 1396 2020 Hispaniae
1429 1970 1584 2008 amissae
1616 1969 1708 2015 sint,

267 2044 526 2093 quaerendum
567 2046 696 2094 magis
729 2044 1132 2093 Carthaginiensibus
1171 2056 1255 2080 esse
1295 2056 1424 2092 quam,
1471 2054 1547 2091 quo
1589 2040 1707 2078 modo

200 2116 248 2153 10
268 2115 452 2153 Africam
475 2116 686 2163 retineant,
712 2116 981 2166 cogitandum.
1035 2115 1126 2153 Non
1153 2113 1546 2165 peregrinabundum
1578 2125 1706 2162 neque

267 2189 372 2226 circa
403 2202 576 2225 amoenas
618 2202 706 2225 oras
746 2193 956 2237 vagantem
997 2191 1152 2225 tantum
1194 2187 1333 2224 ducem
1371 2185 1608 2231 Romanum,
1647 2197 1707 2222 re-

267 2260 363 2297 licta
406 2261 615 2309 provincia
660 2273 770 2297 novae
817 2260 1007 2307 dicionis,
1052 2259 1204 2299 relictis
1250 2257 1506 2305 exercitibus,
1552 2257 1705 2294 duabus

268 2332 438 2369 navibus
461 2333 502 2368 in
519 2332 702 2369 Africam
725 2333 935 2369 traiecisse
953 2335 992 2369 et
1009 2331 1253 2369 commisisse
1269 2343 1352 2368 sese
1368 2330 1410 2367 in
1427 2329 1611 2366 hostilem
1627 2331 1705 2365 ter-

267 2416 364 2450 ram,
390 2404 429 2440 in
455 2407 693 2452 potestatem
720 2404 882 2453 regiam,
912 2403 952 2440 in
978 2403 1095 2440 fidem
1120 2403 1381 2453 inexpertam,
1407 2401 1475 2439 sed
1499 2401 1704 2450 potiundae

198 2476 242 2512 11
265 2475 418 2512 Africae
446 2488 555 2525 spem
573 2476 835 2514 affectantem.
883 2475 972 2512 Hoc
991 2489 1078 2512 eum
1097 2475 1173 2513 iam
1192 2474 1345 2524 pridem
1363 2473 1544 2511 volutare
1562 2473 1601 2509 in
1619 2472 1703 2509 ani-

269 2560 344 2593 mo,
368 2547 442 2585 hoc
469 2548 602 2597 palam
625 2549 807 2595 fremere,
831 2547 937 2597 quod
962 2561 1054 2596 non,
1080 2546 1412 2595 quemadmodum
1428 2544 1637 2582 Hannibal
1663 2543 1705 2580 in

193 2620 242 2655 12
261 2619 396 2665 Italia,
421 2619 478 2656 sic
497 2618 633 2670 Scipio
660 2620 700 2657 in
717 2620 859 2658 Africa
882 2619 1033 2657 bellum
1059 2621 1226 2668 gereret.
1274 2616 1424 2667 Scipio,
1448 2616 1596 2654 foedere
1622 2616 1702 2653 icto
