1789 2955
262 86 338 123 192
662 80 780 116 Liber
805 79 952 115 XXIX.
1000 80 1061 124 (A.
1088 91 1122 114 u.
1150 91 1179 114 c.
1204 79 1297 124 549.)

208 210 430 249 41nellium
476 209 666 247 Flaccum
713 212 753 246 et
790 207 846 246 Μ.
880 207 1087 247 Valerium
1117 207 1340 245 Faltonem.
1407 206 1465 244 Iis
1510 206 1686 256 quinque

258 296 377 320 naves
409 282 725 332 quinqueremes,
756 283 802 317 ut
832 293 880 317 ex
912 279 1112 328 dignitate
1157 279 1297 330 populi
1326 278 1498 316 Romani
1529 278 1689 316 adirent

258 368 323 392 eas
354 357 503 404 terras,
551 353 602 391 ad
647 365 745 402 quas
791 351 1039 389 concilianda
1083 351 1268 389 maiestas
1313 350 1466 388 nomini
1503 349 1687 388 Romano

213 428 237 465 5
257 430 370 474 esset,
401 426 633 464 decernunt.
704 424 848 472 Legati
878 423 1019 461 Asiam
1065 426 1244 473 petentes
1290 422 1476 472 protinus
1506 421 1690 471 Delphos

259 511 379 548 quum
411 497 690 543 escendissent,
721 495 926 533 oraculum
958 495 1145 534 adierunt
1185 495 1457 542 consulentes,
1500 493 1552 532 ad
1583 493 1691 543 quod

258 570 463 619 negotium
494 569 610 607 domo
642 568 754 605 missi
779 570 922 617 essent,
955 567 1191 618 perficiendi
1214 568 1296 605 eius
1323 580 1440 617 quam
1471 566 1549 604 sibi
1579 579 1691 616 spem

216 645 238 681 6
256 642 487 692 populoque
503 641 684 679 Romano
714 639 984 690 portenderet.
1045 640 1295 690 Responsum
1327 652 1412 676 esse
1442 638 1587 685 ferunt,
1618 650 1691 688 per

257 713 444 751 Attalum
489 726 623 762 regem
663 714 864 762 compotes
911 712 993 750 eius
1024 713 1127 760 fore,
1173 711 1281 762 quod
1325 713 1524 761 peterent;
1569 723 1692 760 quum

260 786 427 831 Romam
446 785 559 823 deam
578 784 841 831 devexissent,
871 788 955 822 tum
982 787 1177 831 curarent,
1208 787 1253 820 ut
1280 796 1376 829 eam,
1408 782 1476 832 qui
1499 782 1563 820 vir
1589 782 1691 832 opti-

218 861 344 896 Tmus
375 858 512 895 Romae
547 860 660 903 esset,
706 856 881 906 hospitio
914 857 1127 906 exciperet.
1188 855 1430 904 Pergamum
1477 853 1527 892 ad
1556 867 1691 903 regem

257 934 463 968 venerunt.
523 929 564 967 Is
596 929 750 978 legatos
781 928 949 966 comiter
979 931 1162 979 acceptos
1180 928 1459 966 Pessinuntem
1490 927 1533 964 in
1563 926 1691 975 Phry-

259 1003 365 1052 giam
397 1001 576 1048 deduxit,
607 1014 840 1050 sacrumque
886 1001 935 1038 iis
978 1000 1170 1050 lapidem,
1216 1013 1334 1050 quam
1378 1002 1544 1037 matrem
1575 999 1692 1036 deum

260 1088 341 1113 csse
373 1074 516 1112 incolae
549 1072 755 1120 dicebant,
800 1072 973 1110 tradidit
1017 1086 1062 1110 ac
1108 1072 1318 1122 deportare
1348 1071 1516 1108 Romam
1561 1071 1689 1108 iussit.

218 1146 496 1184 SPraemissus
543 1145 592 1185 ab
639 1145 782 1194 legatis
827 1145 882 1183 M.
925 1144 1113 1182 Valerius
1144 1144 1262 1182 Falto
1308 1143 1532 1190 nuntiavit,
1578 1142 1692 1181 deam

259 1219 487 1269 apportari;
519 1217 776 1268 quaerendum
806 1218 937 1256 virum
970 1217 1163 1267 optimum
1204 1217 1244 1254 in
1276 1216 1438 1254 civitate
1471 1229 1575 1262 esse,
1622 1214 1693 1265 qui

259 1304 344 1329 eam
374 1291 451 1329 rite
482 1290 658 1341 hospitio
691 1290 896 1340 acciperet.

214 1365 237 1401 9
374 1363 421 1410 Q.
438 1362 621 1400 Caecilius
638 1362 828 1400 Metellus
860 1362 1032 1399 dictator
1049 1362 1098 1399 ab
1130 1363 1289 1401 consule
1315 1364 1356 1400 in
1373 1359 1546 1397 Bruttiis
1569 1358 1690 1396 comi-

263 1436 409 1473 tiorum
456 1449 573 1473 causa
618 1435 760 1482 dictus,
792 1435 1069 1484 exercitusque
1122 1433 1206 1470 eius
1252 1432 1456 1479 dimissus,
1501 1430 1691 1480 magister

192 1508 242 1546 10
261 1508 439 1557 equitum
472 1507 518 1545 L.
550 1507 742 1546 Veturius
774 1507 907 1544 Philo.
969 1505 1142 1544 Comitia
1171 1504 1311 1542 habita
1340 1517 1410 1554 per
1441 1503 1691 1541 dictatorem.

263 1580 456 1618 Consules
487 1580 583 1617 facti
614 1580 669 1616 M.
706 1579 916 1617 Cornelius
949 1578 1167 1627 Cethegus,
1198 1575 1243 1614 P.
1276 1576 1533 1626 Sempronius
1565 1575 1691 1612 Tudi-

195 1654 377 1691 ]ltanus
410 1652 562 1699 absens,
594 1666 714 1702 quum
746 1651 994 1702 provinciam
1027 1649 1225 1688 Graeciam
1255 1649 1431 1686 haberet.
1492 1647 1692 1685 Praetores

259 1725 351 1763 inde
383 1725 509 1762 creati
554 1724 616 1761 Ti.
650 1723 842 1762 Claudius
873 1723 1001 1770 Nero,
1031 1723 1086 1761 M.
1119 1722 1293 1759 Marcius
1323 1720 1466 1768 Ralla,
1504 1719 1551 1758 L.
1585 1718 1691 1757 Scri-

258 1798 401 1835 bonius
419 1797 538 1845 Libo,
568 1797 623 1834 M.
653 1795 900 1846 Pomponius
917 1794 1068 1833 Matho.
1117 1794 1302 1832 Comitiis
1319 1793 1492 1844 peractis
1517 1792 1693 1830 dictator

259 1883 343 1908 sese
374 1870 610 1918 magistratu
642 1868 858 1906 abdicavit.

185 1942 234 1977 12
369 1942 477 1979 Ludi
510 1941 682 1978 Romani
726 1944 808 1988 ter,
853 1939 1003 1990 plebeii
1048 1938 1194 1989 septies
1235 1938 1461 1976 instaurati.
1523 1937 1690 1975 Curules

261 2018 374 2052 erant
406 2014 540 2051 aediles
559 2013 630 2051 Cn.
649 2017 688 2050 et
703 2013 748 2050 L.
767 2012 945 2050 Cornelii
962 2011 1137 2049 Lentuli.
1176 2010 1325 2048 Lucius
1342 2009 1583 2060 Hispaniam
1599 2022 1690 2059 pro-

258 2086 431 2123 vinciam
463 2085 655 2132 habebat,
689 2086 829 2123 absens
860 2087 1014 2122 creatus
1046 2083 1187 2121 absens
1219 2096 1307 2120 eum
1334 2078 1525 2120 honorem
1556 2080 1692 2130 gessit.

192 2157 308 2196 13Ti
340 2157 532 2195 Claudius
564 2157 727 2195 Asellus
759 2161 797 2195 et
828 2157 882 2195 M.
913 2156 1055 2194 1unius
1071 2155 1234 2193 Pennus
1265 2154 1415 2205 plebeii
1446 2153 1580 2191 aediles
1606 2153 1689 2190 fue-

257 2235 360 2268 runt.
421 2230 566 2267 AEdem
590 2229 766 2267 Virtutis
798 2243 841 2266 eo
874 2242 976 2266 anno
1008 2228 1059 2266 ad
1089 2231 1246 2278 portam
1274 2226 1474 2277 Capenam
1499 2225 1556 2264 M.
1581 2225 1689 2263 Mar-

258 2303 379 2340 cellus
398 2302 610 2350 dedicavit,
634 2301 803 2351 septimo
829 2301 981 2338 decimo
1014 2314 1116 2337 anno
1142 2303 1243 2350 post,
1275 2312 1394 2349 quam
1417 2312 1440 2335 a
1467 2301 1581 2348 patre
1606 2298 1689 2335 eius

190 2375 384 2425 141)1·inio
433 2374 642 2412 consulatu
673 2377 765 2411 vota
808 2374 849 2410 in
881 2372 1017 2410 Gallia
1062 2373 1112 2410 acl
1146 2371 1386 2410 Clastidium
1431 2371 1574 2408 fuerat.
1634 2368 1689 2407 Et

257 2448 399 2485 flamen
431 2446 633 2484 Martialis
666 2460 710 2483 eo
741 2459 843 2483 anno
884 2449 943 2482 est
974 2449 1152 2482 mortuus
1182 2444 1238 2481 M.
1270 2443 1458 2481 AEmilius
1489 2442 1687 2492 Regillus.

111 2515 161 2563 12
368 2519 572 2569 Neglectae
604 2532 648 2556 eo
680 2518 843 2555 biennio
875 2531 937 2555 res
968 2518 1009 2554 in
1042 2516 1199 2555 Graecia
1230 2519 1355 2554 erant.
1416 2515 1561 2564 Itaque
1591 2513 1687 2551 Phi-

257 2592 388 2641 lippus
420 2591 579 2629 AEtolos
611 2591 787 2628 desertos
819 2590 868 2627 ab
885 2589 1079 2636 Romano,
1110 2589 1173 2626 cui
1202 2588 1272 2625 uni
1298 2587 1488 2635 fidebant,
1519 2586 1691 2633 auxilio,

259 2663 401 2713 quibus
420 2664 551 2701 voluit
569 2664 868 2701 condicionibus
886 2662 935 2699 ad
951 2661 1162 2712 petendam
1179 2663 1217 2698 et
1232 2659 1511 2710 paciscendam
1529 2658 1690 2708 subegit
