1789 2955
271 89 324 126 70
651 85 767 120 Liber
791 84 961 120 XXVII.
1015 86 1075 129 (A.
1101 97 1136 120 u.
1162 97 1192 120 c.
1217 86 1314 130 545.)

197 214 247 250 10
264 212 428 250 Dialem
470 225 710 262 quemquam
748 211 790 249 id
830 212 891 251 ius
929 226 1152 262 usurpasse.
1221 211 1395 250 Tribuni
1434 226 1518 250 rem
1556 213 1702 251 inertia

268 283 471 321 flaminum
489 283 765 322 oblitteratam
784 285 893 334 ipsis,
923 299 1002 322 non
1032 283 1256 322 sacerdotio
1273 284 1416 322 damno
1440 284 1563 321 fuisse
1580 297 1703 334 quum

271 368 426 404 aequum
458 356 718 403 censuissent,
749 370 799 394 ne
829 357 916 406 ipso
948 357 1110 406 quidem
1137 359 1276 393 contra
1297 355 1488 393 tendente
1518 359 1703 406 praetore,

270 439 413 475 magno
444 440 606 464 assensu
637 431 797 477 patrum
828 428 1040 478 plebisque
1063 427 1263 465 flaminem
1290 428 1332 464 in
1363 430 1544 465 senatum
1575 427 1703 464 intro·

272 498 492 544 duxerunt,
525 499 709 536 omnibus
740 499 797 536 ita
827 500 1170 546 existimantibus,
1209 499 1335 548 magis
1367 499 1579 536 sanctitate
1608 499 1705 537 vitae

272 583 391 619 quam
421 569 638 608 sacerdotii
668 571 753 608 iure
786 584 869 608 eam
899 585 983 608 rem
1018 572 1219 609 flaminem
1249 570 1484 609 obtinuisse.

203 642 251 678 11
388 640 593 689 Consules,
624 643 857 692 priusquam
898 644 940 680 in
978 643 1206 692 provincias
1238 643 1358 689 irent,
1404 642 1501 679 duas
1532 641 1706 679 urbanas

273 713 463 762 legiones,
494 714 534 750 in
565 714 896 763 supplementum,
928 718 1121 764 quantum
1167 728 1265 764 opus
1304 717 1392 751 erat
1422 713 1565 750 ceteris
1596 725 1705 750 exer-

202 783 250 819 12
274 784 418 821 citibus
450 785 650 832 militum,
696 787 951 835 scripserunt.
1011 786 1222 823 Urbanum
1267 788 1442 823 veterem
1487 784 1706 822 exercitum

273 856 443 894 Fulvius
475 857 614 894 consul
649 856 689 895 C.
724 858 869 895 Fulvio
902 858 1048 895 Flacco
1090 857 1223 906 legato
1267 856 1408 907 (frater
1436 856 1502 893 hic
1534 855 1708 893 consulis

274 928 374 977 erat)
406 929 448 965 in
464 928 670 965 Etruriam
695 928 809 966 dedit
833 929 1057 966 ducendum
1089 931 1129 966 et
1151 928 1341 976 legiones,
1373 941 1461 977 quae
1487 928 1527 964 in
1543 927 1710 964 Etruria

210 998 259 1036 13
278 1003 402 1046 erant,
432 999 601 1037 Romam
634 1001 896 1038 deducendas.
942 1001 995 1038 Et
1024 1001 1175 1038 Fabius
1207 1000 1344 1037 consul
1374 999 1564 1049 reliquias
1597 1012 1708 1036 exer-

275 1071 377 1107 citus
409 1071 599 1108 Fulviani
646 1072 890 1121 conquisitas
937 1073 1063 1121 (fuere
1103 1075 1235 1109 autem
1281 1071 1331 1108 ad
1363 1074 1552 1120 quattuor
1583 1071 1710 1109 millia

273 1142 442 1179 trecenti
474 1143 745 1193 quadraginta
777 1144 981 1194 quattuor)
1014 1143 1062 1190 Q.
1082 1142 1304 1180 Maximum
1335 1142 1461 1179 filium
1494 1143 1638 1180 ducere
1668 1142 1708 1179 in

275 1212 455 1251 Siciliam
480 1215 531 1251 ad
547 1214 602 1252 M.
620 1215 829 1253 Valerium
852 1215 1130 1265 proconsulem
1159 1214 1285 1260 iussit,
1318 1217 1438 1263 atque
1463 1214 1512 1251 ab
1540 1227 1584 1251 eo
1612 1213 1710 1251 duas

206 1285 454 1333 14legiones
486 1289 524 1323 et
553 1287 725 1335 triginta
756 1287 1062 1336 quinqueremes
1095 1286 1289 1335 accipere.
1351 1286 1465 1324 Nihil
1497 1298 1550 1323 eae
1581 1285 1710 1322 ductae

277 1371 325 1393 ex
362 1357 495 1394 insula
526 1359 702 1407 legiones
747 1358 978 1395 minuerunt
1014 1370 1087 1395 nec
1132 1358 1285 1395 viribus
1330 1371 1402 1395 nec
1448 1358 1581 1407 specie
1627 1357 1711 1394 eius

205 1429 257 1467 15
274 1429 491 1478 provinciae
521 1430 778 1479 praesidium,
823 1443 913 1467 nam
959 1442 1081 1478 quum
1125 1432 1270 1478 praeter
1302 1429 1462 1478 egregie
1507 1429 1711 1478 suppletas

275 1500 372 1537 duas
403 1504 557 1538 veteres
585 1502 763 1550 legiones
786 1503 1083 1549 transfugarum
1107 1501 1224 1538 etiam
1241 1500 1506 1538 Numidarum
1531 1501 1712 1550 equitum

276 1572 538 1621 peditumque
570 1585 757 1620 magnam
795 1573 874 1609 vim
919 1573 1107 1619 haberet,
1139 1571 1296 1609 Siculos
1328 1586 1510 1622 quoque,
1555 1572 1624 1622 qui
1670 1572 1712 1609 in

277 1645 459 1681 exercitu
490 1644 682 1693 Epicydis
715 1647 784 1682 aut
815 1645 1032 1681 Poenorum
1062 1644 1238 1690 fuerant,
1284 1643 1383 1681 belli
1412 1644 1562 1693 peritos
1593 1643 1713 1690 viros,

204 1718 254 1755 16
273 1715 422 1752 milites
453 1716 625 1765 scripsit,
687 1716 747 1753 Ea
786 1719 950 1753 externa
981 1716 1133 1753 auxilia
1164 1729 1285 1765 quum
1318 1715 1488 1764 singulis
1519 1715 1713 1752 Romanis

277 1787 502 1835 legionibus
534 1787 794 1833 adiunxisset,
827 1787 997 1824 duorum
1038 1788 1208 1837 speciem
1240 1787 1486 1824 exercituum
1518 1787 1713 1833 servavit;
1739 1818 1744 1821 γ

277 1858 402 1896 altero
419 1859 464 1895 L.
493 1858 675 1896 Cincium
701 1862 855 1909 partem
880 1859 1033 1905 insulae,
1067 1872 1145 1908 qua
1168 1871 1334 1906 regnum
1356 1858 1547 1895 Hieronis
1572 1858 1713 1905 fuerat,

212 1931 260 1967 17
279 1931 385 1967 tueri
415 1931 550 1977 iussit,
598 1931 722 1967 altero
755 1931 840 1980 ipse
872 1934 1041 1968 ceteram
1090 1930 1262 1967 insulam
1308 1929 1513 1976 tuebatur,
1545 1929 1713 1966 divisam

279 2002 479 2050 quondam
512 2002 684 2040 Romani
716 2002 941 2051 Punicique
980 2002 1140 2051 imperii
1185 2001 1350 2047 finibus,
1398 2001 1522 2037 classe
1555 2013 1714 2049 quoque

276 2074 446 2110 ‘navium
476 2074 734 2122 septuaginta
763 2074 923 2123 partita,
954 2076 998 2110 ut
1024 2074 1133 2111 omni
1157 2073 1308 2110 ambitu
1335 2072 1497 2109 litorum
1524 2071 1714 2121 praesidio

207 2146 257 2182 18
278 2157 356 2181 orae
389 2145 601 2181 maritimae
634 2150 775 2182 essent.
821 2145 915 2194 Ipse
943 2159 1031 2182 cum
1047 2145 1238 2182 Muttinis
1263 2144 1444 2194 equitatu
1469 2143 1715 2193 provinciam

277 2215 538 2265 peragrabat,
570 2219 614 2252 ut
657 2216 805 2253 viseret
836 2229 953 2264 agros
986 2217 1171 2265 cultaque
1215 2217 1264 2253 ab
1296 2216 1458 2252 incultis
1487 2217 1647 2252 notaret
1677 2218 1717 2251 et

210 2285 260 2321 19
278 2287 443 2336 perinde
476 2287 656 2323 dominos
689 2287 871 2324 laudaret
902 2287 1210 2337 castigaretque.
1261 2288 1327 2324 Ita
1356 2290 1513 2324 tantum
1544 2298 1590 2323 ea
1621 2298 1716 2323 cura¹

279 2358 466 2394 frumenti
496 2359 691 2407 provenit,
723 2362 767 2395 ut
798 2363 836 2396 et
866 2359 1035 2396 Romam
1069 2360 1249 2396 mitteret
1286 2361 1325 2396 et
1356 2358 1541 2395 Catinam
1572 2370 1714 2395 conve-

278 2429 404 2475 heret,
434 2430 540 2467 unde
571 2430 778 2476 exercitui,
809 2431 878 2479 qui
910 2430 959 2467 ad
990 2430 1208 2467 Tarentum
1239 2430 1378 2467 aestiva
1408 2432 1570 2466 acturus
1602 2432 1716 2475 esset,

279 2504 412 2550 posset
441 2501 625 2550 praeberi.

401 2571 586 2609 Ceterum
617 2571 879 2621 transportati
903 2571 1051 2609 milites
1083 2573 1123 2609 in
1149 2571 1326 2609 Siciliam
1360 2573 1414 2620 (et
1445 2576 1557 2609 erant
1589 2571 1717 2609 maior

280 2656 373 2692 pars
404 2643 542 2680 Latini
572 2644 743 2681 nominis
775 2641 1069 2695 sociorumque)
1116 2657 1240 2696 prope
1271 2645 1405 2694 magni
1437 2647 1566 2681 motus
1599 2656 1716 2680 causa
