1789 2955
543 112 649 143 Liber
671 112 799 142 xxm.
850 111 905 152 (A.
928 111 989 143 ch.
1010 111 1105 154 216.)
1445 113 1528 154 145

114 244 154 280 hi
178 243 395 292 transfugae
419 247 572 278 motum
596 242 637 278 in
661 242 936 279 Tartesiorum
959 247 1096 290 gente,
1122 242 1457 293 desciverantque
1481 244 1527 281 iis

115 314 345 351 auctoribus
377 314 495 349 urbes
523 312 677 361 aliquot
687 324 696 357 ;
730 325 811 350 una
835 313 955 349 etiam
983 313 1033 349 ab
1058 312 1155 362 ipsis
1178 313 1214 348 vi
1240 320 1359 363 capta
1385 314 1526 351 fuerat.

113 384 160 421 In
192 396 282 421 eam
313 388 476 432 gentem
509 395 665 420 versum
698 384 749 419 ab
782 383 978 420 Romanis
1010 383 1156 419 bellum
1191 388 1263 427 est,
1298 384 1528 433 infestoque
1544 384 1568 423 6

115 454 290 491 exercitu
311 453 543 490 Hasdrubal
576 453 779 502 ingressus
812 466 951 502 agrum
983 453 1159 490 hostium
1186 466 1260 502 pro
1284 460 1412 503 captae
1435 461 1529 491 ante

115 524 204 561 dies
235 535 390 573 paucos
422 524 530 561 urbis
563 525 764 561 moenibus
797 524 1007 567 Chalbum,
1041 524 1220 560 nobilem
1253 524 1530 561 Tartesiorum

115 595 274 639 ducem,
320 606 410 631 cum
449 594 584 631 valido
625 594 799 631 exercitu
839 595 978 632 castris
1018 606 1060 631 se
1100 599 1320 639 tenentem,
1361 595 1529 644 aggredi

114 665 264 702 statuit.
312 665 522 702 Praemissa
547 664 664 713 igitur
688 664 763 700 levi
788 669 1001 708 armatura,
1028 677 1116 713 quae
1141 665 1302 702 eliceret
1319 666 1458 702 hostes
1476 666 1531 702 ad
1547 664 1568 704 7

115 740 332 780 certamen,
367 735 544 783 equitum
577 740 732 784 partem
765 735 819 771 ad
841 735 1121 783 populandum
1144 748 1216 784 per
1237 748 1358 784 agros
1379 736 1529 785 passim

114 805 264 843 dimisit
289 810 326 842 et
348 810 391 842 ut
413 806 597 853 palantes
623 805 868 853 exciperent.
916 805 1040 842 Simul
1064 811 1104 842 et
1121 807 1175 842 ad
1194 811 1324 843 castra
1341 807 1531 843 tumultus
1546 805 1570 845 8

115 881 200 912 erat
223 880 263 912 et
284 888 357 924 per
378 887 499 924 agros
525 875 701 924 fugaque
725 881 765 912 et
789 876 943 919 caedes;
977 876 1129 912 deinde
1155 877 1334 924 undique
1364 877 1531 914 diversis

114 946 320 983 itineribus
348 958 470 994 quum
487 946 528 982 in
546 951 677 983 castra
695 958 738 983 se
755 946 1017 995 recepissent,
1044 947 1152 983 adeo
1170 952 1337 995 repente
1356 948 1533 985 decessit

115 1016 257 1053 animis
289 1028 428 1065 pavor,
461 1021 504 1053 ut
535 1029 631 1055 non,
647 1017 701 1052 ad
723 1016 972 1053 munimenta
993 1017 1121 1053 modo
1145 1016 1413 1054 defendenda
1435 1018 1531 1055 satis

115 1087 339 1124 animorum
373 1092 492 1131 esset,
527 1088 602 1123 sed
634 1087 755 1123 etiam
788 1087 843 1123 ad
874 1087 1159 1124 lacessendum
1191 1087 1334 1136 proelio
1357 1089 1530 1125 hostem.

114 1157 340 1207 Erumpunt
377 1158 495 1206 igitur
534 1158 696 1206 agmine
735 1170 757 1193 e
797 1157 950 1202 castris,
991 1157 1257 1206 tripudiantes
1296 1170 1408 1195 more
1444 1155 1571 1203 su0,9

113 1228 407 1276 repentinaque
436 1240 577 1264 eorum
605 1228 778 1264 audacia
804 1233 996 1264 terrorem
1024 1228 1131 1265 hosti
1160 1228 1282 1277 paulo
1308 1234 1403 1265 ante
1427 1229 1530 1265 ultro

114 1298 329 1335 lacessenti
356 1298 536 1335 incussit.
574 1297 725 1346 -Itaque
756 1303 795 1334 et
822 1298 909 1347 ipse
934 1297 1167 1335 Hasdrubal
1194 1298 1236 1334 in
1263 1299 1407 1335 collem
1436 1300 1532 1337 satis
1550 1296 1603 1338 10

114 1369 297 1413 arduum,
322 1368 486 1405 flumine
504 1368 625 1404 etiam
643 1368 805 1405 obiecto
823 1373 965 1413 tutum,
989 1368 1131 1417 copias
1149 1369 1349 1412 subducit,
1376 1375 1416 1406 et
1431 1382 1532 1419 prae-

113 1437 278 1476 missam
308 1439 436 1476 levem
469 1443 710 1475 armaturam
744 1439 981 1487 equitesque
1013 1439 1174 1487 palatos
1206 1440 1355 1476 eodem
1378 1441 1530 1490 recipit,

114 1520 191 1545 nec
223 1514 291 1545 aut
322 1509 413 1546 colli
445 1514 514 1545 aut
545 1509 697 1545 flumini
730 1509 826 1546 satis
858 1509 1002 1554 fidens,
1037 1515 1168 1546 castra
1189 1510 1293 1547 vallo
1316 1511 1530 1559 permunit.

113 1579 160 1615 In
192 1579 270 1616 hoc
302 1580 457 1616 alterno
487 1592 638 1628 pavore
661 1579 882 1617 certamina
904 1579 1058 1628 aliquot
1079 1584 1171 1617 sunt
1193 1585 1421 1626 contracta3
1454 1594 1531 1619 nec
1549 1579 1598 1619 11

114 1648 292 1685 Numida
308 1647 496 1698 Hispano
522 1662 646 1698 eques
663 1662 736 1698 par
754 1649 838 1694 fuit,
863 1662 939 1687 nec
957 1650 1153 1687 iaculator
1169 1650 1334 1688 Maurus
1352 1656 1530 1697 caetrato,

114 1719 328 1756 velocitate
351 1720 449 1768 pari,
476 1721 624 1757 robore
648 1719 773 1756 animi
796 1719 1016 1768 viriumque
1041 1721 1289 1769 aliquantum
1312 1722 1530 1770 praestanti.

113 1789 335 1838 Postquam
356 1801 491 1838 neque
515 1790 660 1827 elicere
677 1790 846 1827 Poenum
872 1791 926 1826 ad
950 1795 1154 1828 certamen
1172 1791 1372 1828 obversati
1391 1792 1530 1830 castris
1592 1788 1652 1832 27

114 1864 304 1908 poterant
344 1872 478 1908 neque
521 1865 742 1897 castrorum
786 1860 1038 1909 oppugnatio
1081 1860 1208 1898 facilis
1251 1866 1348 1906 erat,
1392 1860 1573 1901 urbem?

113 1930 303 1975 Ascuam,
331 1942 412 1978 quo
442 1930 542 1967 fines
571 1930 747 1967 hostium
774 1930 1009 1979 ingrediens
1032 1930 1265 1968 Hasdrubal
1290 1931 1531 1970 frumentum

115 2005 447 2048 commeatusque
485 2000 587 2038 alios
627 2006 884 2045 convexerat,
924 2001 961 2036 vi
1000 2001 1165 2050 capiunt
1202 2001 1394 2051 omnique
1427 2003 1533 2041 cirea

115 2081 214 2118 agro
246 2070 471 2119 potiuntur;
514 2083 591 2108 nec
622 2070 703 2108 iam
735 2075 805 2108 aut
836 2071 878 2108 in
910 2071 1072 2120 agmine
1105 2076 1174 2108 aut
1204 2071 1246 2108 in
1278 2073 1418 2110 castris
1451 2075 1531 2111 ullo

115 2139 284 2188 imperio
309 2140 522 2179 contineri.
571 2141 703 2187 Quam
728 2140 796 2177 ubi
819 2141 1108 2190 negligentiam
1134 2154 1183 2178 ex
1205 2153 1261 2186 re,
1287 2148 1330 2179 ut
1346 2143 1400 2188 fit,
1426 2145 1532 2181 bene
1547 2140 1573 2181 3

114 2214 231 2258 gesta
256 2209 348 2247 oriri
379 2215 563 2247 senserat
585 2210 831 2256 Hasdrubal,
861 2211 1096 2249 cohortatus
1121 2211 1279 2257 milites,
1308 2218 1351 2250 ut
1373 2215 1532 2262 palatos

116 2279 202 2316 sine
235 2279 359 2329 signis
391 2280 530 2317 hostes
564 2281 894 2330 aggrederentur,
929 2282 1145 2329 degressus
1178 2282 1281 2319 colle
1314 2284 1444 2332 pergit
1475 2284 1532 2321 ire

116 2349 203 2386 acie
229 2349 423 2388 instructa
449 2351 504 2386 ad
533 2356 677 2388 castra.
738 2350 871 2397 Quem
898 2356 941 2388 ut
965 2352 1111 2388 adesse
1136 2353 1379 2389 tumultuose
1403 2351 1572 2392 nuntii4

115 2418 361 2467 refugientes
389 2432 438 2456 ex
463 2420 637 2469 speculis
660 2421 982 2470 stationibusque
1007 2422 1188 2467 attulere,
1218 2423 1272 2458 ad
1296 2434 1408 2459 arma
1435 2435 1532 2460 con-

116 2489 330 2525 clamatum
378 2495 451 2526 est.
529 2490 585 2527 Ut
625 2491 795 2539 quisque
839 2503 950 2528 arma
992 2497 1167 2540 ceperat,
1217 2492 1304 2529 sine
1347 2492 1530 2541 imperio,
1546 2490 1572 2530 5

117 2557 203 2595 sine
235 2558 366 2607 signo,
399 2559 672 2609 incompositi,
706 2560 926 2598 inordinati
958 2561 999 2598 in
1031 2562 1214 2610 proelium
1246 2566 1377 2598 ruunt.
1446 2561 1532 2599 Iam

116 2627 231 2676 primi
269 2635 558 2666 conseruerant
598 2642 755 2675 manus,
798 2642 919 2679 quum
951 2631 1016 2668 alii
1050 2631 1281 2668 catervatim
1315 2637 1529 2676 currerent,

187 2692 286 2718 Livius
307 2701 342 2718 ex
362 2702 418 2720 rec.
440 2694 592 2728 Madvigii.
630 2694 680 2721 111.
1202 2698 1248 2731 10
