1789 2955
503 82 616 116 Liber
642 80 807 115 xxvii.
857 82 916 125 (A.
944 80 1008 115 ch.
1033 82 1127 124 207.)
1454 82 1531 119 105

97 223 261 248 novenae
302 223 374 263 per
413 210 551 247 urbem
590 212 728 246 euntes
767 222 923 246 carmen
961 211 1158 245 canerent.
1228 207 1278 244 Id
1324 220 1444 256 quum
1492 207 1533 243 in

98 282 209 321 Iovis
233 281 406 320 Statoris
437 281 519 318 aede
551 281 751 318 discerent
775 279 981 316 conditum
1008 280 1057 317 ab
1082 280 1198 317 Livio
1223 282 1340 329 poeta
1363 291 1532 317 carmen.

98 357 207 392 tacta
233 353 281 391 de
306 354 401 391 caelo
428 353 531 390 aedes
557 354 598 391 in
616 352 821 391 Aventino
840 351 1007 389 Iunonis
1032 352 1198 399 reginae;
1229 351 1538 401 prodigiumque
1556 352 1580 386 8

100 425 142 463 id
173 425 225 464 ad
254 429 457 464 matronas
488 426 691 475 pertinere
721 423 950 473 haruspices
974 437 1094 472 quum
1121 423 1433 473 respondissent,
1467 422 1534 459 do-

97 511 229 547 noque
270 497 401 535 divam
439 497 678 547 placandam
720 508 817 542 esse,
863 495 1041 532 aedilium
1083 496 1281 532 curulium
1322 494 1454 531 edicto
1496 494 1578 530 in9

100 569 346 619 Capitolium
378 573 617 616 convocatae,
656 568 801 618 quibus
834 567 876 604 in
906 567 1006 604 urbe
1038 567 1219 604 Romana
1250 568 1436 615 intraque
1469 566 1534 603 de-

99 641 244 679 cimum
276 641 451 691 lapidem
484 642 533 679 ab
564 641 664 678 urbe
697 640 901 678 domicilia
932 643 1073 685 essent,
1105 640 1201 689 ipsae
1226 639 1329 676 inter
1355 651 1396 676 se
1421 638 1534 687 quin-

99 726 177 763 que
209 716 248 751 et
278 713 426 762 viginti
458 713 704 761 delegerunt,
736 713 786 750 ad
817 725 915 761 quas
946 725 994 748 ex
1026 711 1189 748 dotibus
1216 711 1358 762 stipem
1385 710 1534 747 confer-

99 788 205 831 rent,
252 784 344 822 inde
384 785 531 823 donum
562 785 691 835 pelvis
723 798 844 822 aurea
874 783 979 821 facta
1011 783 1172 831 lataque
1204 783 1244 820 in
1276 783 1538 827 Aventinum,
1562 782 1610 817 10

99 870 279 907 pureque
339 860 378 895 et
435 860 542 894 caste
588 871 611 894 a
658 856 850 894 matronis
888 854 1168 894 sacrificatum.
1232 855 1450 892 Confestim
1490 853 1540 891 ad
1564 854 1609 889 ll

98 929 211 966 aliud
243 929 485 966 sacrificium
518 929 648 966 eidem
676 928 779 965 divae
805 927 853 964 ab
879 926 1117 964 decemviris
1142 926 1272 964 edicta
1296 927 1394 973 dies,
1425 926 1537 963 cuius

99 1000 199 1039 ordo
237 1001 332 1039 talis
369 1002 459 1041 fuit,
525 1000 589 1038 Ab
621 1001 705 1037 aede
737 998 948 1049 Apollinis
980 999 1099 1036 boves
1130 999 1285 1036 feminae
1317 998 1418 1035 albae
1450 998 1538 1035 duae

99 1076 216 1123 porta
248 1072 495 1111 Carmentali
535 1074 575 1110 in
617 1072 756 1110 urbem
799 1072 947 1117 duotae;
993 1074 1083 1120 post
1123 1083 1187 1108 eas
1219 1071 1296 1108 duo
1329 1071 1445 1119 signa
1477 1070 1613 1107 cui-1⁵2

102 1158 263 1195 pressea
293 1145 462 1184 Iunonis
494 1146 643 1194 reginae
684 1143 967 1194 portabantur3
998 1145 1084 1179 tum
1123 1146 1274 1192 septem
1315 1146 1354 1180 et
1391 1141 1538 1191 viginti

99 1217 288 1267 virgines,
315 1218 475 1267 longam
507 1217 657 1254 indutae
689 1219 850 1261 vestem,
876 1227 1035 1252 carmen
1068 1215 1108 1251 in
1132 1214 1328 1252 Iunonem
1360 1214 1539 1263 reginam
1563 1214 1608 1250 13

100 1292 287 1327 canentes
318 1290 442 1337 ibant,
479 1290 549 1327 illa
578 1290 817 1338 tempestate
848 1286 1016 1323 forsitan
1048 1287 1250 1324 laudabile
1281 1286 1448 1323 rudibus
1480 1285 1537 1321 in-

99 1361 240 1410 geniis,
271 1375 376 1399 nunc
407 1361 626 1399 abhorrens
660 1362 700 1397 et
730 1357 996 1404 inconditum,
1027 1359 1061 1395 si
1090 1359 1304 1403 reseratum
1336 1358 1538 1406 virginum

100 1433 282 1471 ordinem
313 1433 584 1483 sequebantur
610 1431 827 1470 decemviri
854 1431 1033 1468 coronati
1056 1431 1194 1467 laurea
1217 1429 1539 1480 praetextatique.

100 1505 140 1543 A
171 1509 288 1555 porta
318 1505 482 1555 Iugario
514 1506 603 1543 vico
634 1506 674 1542 in
706 1504 837 1541 forum
868 1515 1032 1548 venere3
1080 1503 1120 1539 in
1152 1503 1238 1540 foro
1270 1515 1416 1551 pompa
1449 1514 1539 1539 con-
1562 1503 1612 1540 14

46 1608 49 1610 .
101 1577 210 1615 stitit
249 1581 300 1623 et,
346 1590 417 1628 per
456 1590 594 1614 manus
626 1581 729 1614 reste
762 1576 866 1622 data,
902 1575 1081 1622 virgines
1113 1588 1252 1612 sonum
1283 1574 1392 1611 vocis
1423 1572 1541 1623 pulsu

100 1649 245 1700 pedum
279 1649 530 1687 modulantes
562 1650 822 1686 incesserunt.
884 1647 986 1684 Inde
1017 1647 1106 1684 vico
1135 1646 1265 1684 Tusco
1283 1645 1541 1694 Velabroque
1564 1646 1612 1683 15

101 1735 172 1772 per
202 1722 385 1759 boarium
410 1721 540 1758 forum
567 1721 608 1758 in
633 1721 779 1758 clivum
803 1719 1038 1757 Publicium
1071 1721 1190 1767 atque
1223 1718 1348 1755 aedem
1374 1717 1540 1754 Iunonis

101 1794 251 1843 reginae
280 1797 519 1843 perrectum.
580 1793 646 1831 Ibi
678 1792 765 1829 duee
798 1792 940 1829 hostiae
972 1791 1020 1828 ab
1052 1790 1288 1828 decemviris
1327 1789 1541 1826 immolatae

103 1868 143 1904 et
173 1866 385 1903 simulacra
415 1878 626 1916 cupressea
655 1866 696 1902 in
728 1864 853 1902 aedem
884 1864 1010 1901 illata.

217 1937 318 1976 Deis
362 1938 442 1975 rite
488 1937 670 1987 placatis,
716 1937 907 1974 dilectum
946 1935 1128 1972 consules
1170 1933 1373 1971 habebant
1414 1932 1543 1970 acrius
1636 1929 1690 1978 38

105 2010 392 2060 intentiusque,
434 2024 553 2060 quam
583 2009 789 2061 prioribus
822 2008 936 2045 annis
968 2008 1179 2057 quisquam
1211 2006 1446 2043 meminerat
1475 2004 1542 2042 ha-

103 2082 255 2128 bitum;
287 2095 377 2119 nam
410 2086 450 2120 et
479 2083 576 2120 belli
607 2085 737 2120 terror
769 2081 998 2130 duplicatus
1029 2078 1123 2116 novi
1153 2078 1279 2116 hostis
1312 2078 1352 2115 in
1382 2077 1544 2115 Italiam
1564 2079 1586 2114 2

105 2154 292 2201 adventu,
338 2157 377 2191 et
417 2154 547 2192 minus
587 2154 806 2192 iuventutis
846 2155 942 2199 erat,
989 2151 1093 2189 unde
1132 2151 1352 2189 scriberent
1383 2150 1545 2188 milites.

105 2225 251 2275 Itaque
283 2226 444 2264 colonos
477 2227 596 2264 etiam
621 2225 855 2270 maritimos,
888 2224 958 2273 qui
984 2227 1277 2261 sacrosanctam
1301 2223 1548 2260 vacationem
1569 2224 1590 2258 3

105 2298 342 2336 dicebantur
372 2299 531 2346 habere,
563 2299 658 2336 dare
688 2297 838 2334 milites
870 2296 1077 2345 cogebant.
1139 2295 1295 2343 Quibus
1325 2294 1543 2331 recusanti-

105 2370 193 2417 bus,
233 2369 391 2408 edixere
422 2371 462 2408 in
494 2370 599 2407 diem
632 2372 793 2418 certam,
840 2371 897 2418 ut,
945 2381 1024 2418 quo
1055 2368 1223 2417 quisque
1256 2367 1341 2403 iure
1372 2365 1543 2404 vacatio-

107 2455 198 2480 nem
237 2442 412 2489 haberet,
459 2442 510 2480 ad
549 2445 729 2480 senatum
772 2442 956 2479 deferret.
1016 2439 1076 2477 Ea
1115 2440 1180 2477 die
1213 2438 1262 2476 ad
1294 2441 1474 2476 senatum
1505 2437 1590 2474 hi4

107 2514 249 2565 populi
278 2518 486 2561 venerunt,
519 2513 729 2563 Ostiensis,
764 2512 976 2559 Alsiensis,
1009 2512 1168 2558 Antias,
1199 2510 1401 2555 Anxuraa
1440 2509 1544 2546 Min-

107 2587 324 2634 turnensis,
355 2585 620 2624 Sinuessanus
663 2588 703 2624 et
743 2585 792 2622 ab
836 2598 980 2635 supero
1019 2584 1120 2622 mari
1162 2581 1358 2620 Senensis.
1419 2581 1592 2629 Quum-¹3

108 2659 337 2697 vacationes
369 2671 459 2696 suas
490 2658 659 2708 quisque
689 2658 860 2708 populus
891 2657 1092 2703 recitaret,
1131 2655 1294 2701 nullius,
1340 2667 1462 2704 quum
1505 2654 1545 2690 in
