1789 2955
581 110 683 140 Liber
708 109 831 140 XXIV.
872 108 926 151 (A.
956 107 1018 141 Ch.
1046 109 1139 151 215.)
1481 112 1558 151 1712·

139 248 176 280 et
202 243 257 279 ad
282 242 531 279 Hannonem
555 254 627 278 eos
652 241 870 286 reiecisset,
900 243 950 277 ab
975 241 1183 278 Hannone
1210 242 1305 278 nihil
1329 243 1424 278 certi
1449 243 1558 279 abla-

140 319 241 358 tum;
269 324 343 349 nec
367 313 474 349 enim
499 312 616 361 diripi
634 313 797 348 volebat
814 312 992 348 nobilem
1011 317 1131 360 atque
1151 313 1385 361 opulentam
1404 314 1556 357 urbem,
1576 311 1596 350 ῗ

140 390 180 420 et
211 384 412 432 sperabat,
447 395 569 430 quum
593 382 766 419 Bruttius
801 388 1068 431 oppugnaret,
1102 383 1252 419 Poenos
1286 396 1360 420 nec
1385 385 1558 432 probare

140 466 215 491 nec
239 454 375 490 iuvare
402 466 491 490 eam
516 453 866 503 oppugnationem
893 458 1119 501 appareret,
1145 466 1195 490 eo
1222 455 1413 490 maturius
1438 456 1492 491 ad
1516 468 1559 492 se

140 524 385 561 defecturos.
435 523 615 560 Crotone
640 536 714 560 nec
741 524 950 560 consilium
976 536 1097 560 unum
1121 524 1224 560 inter
1248 525 1465 574 populares
1485 538 1558 562 nec
1575 523 1598 561 8

140 595 325 631 voluntas
365 600 462 631 erat.
527 594 642 631 Unus
685 595 791 631 velut
830 595 993 630 morbus
1026 596 1228 632 invaserat
1261 608 1404 632 omnes
1436 596 1558 632 Italiae

141 665 332 707 civitates,
369 670 410 701 ut
441 665 581 714 plebes
613 666 663 702 ab
693 666 955 714 optimatibus
982 665 1254 711 dissentirent,
1289 672 1453 703 senatus
1479 668 1559 703 Ro—

140 736 269 772 manis
302 735 466 780 faveret,
499 736 614 784 plebs
647 737 700 772 ad
725 737 874 772 Poenos
908 749 991 772 rem
1023 737 1210 772 traheret.
1275 737 1377 773 Eam
1402 738 1559 773 dissen—
1574 735 1598 773 9

141 807 297 843 sionem
329 807 369 842 in
399 807 496 842 urbe
525 807 695 855 perfuga
721 807 877 843 nuntiat
901 806 1080 843 Bruttiis:
1117 808 1440 844 Aristomachum
1469 820 1558 844 esse

140 877 363 926 principem
403 877 532 926 plebis
572 878 865 926 tradendaeque
899 883 1106 914 auctorem
1140 879 1260 922 urbis,
1303 884 1342 914 et
1374 879 1413 914 in
1447 884 1559 915 vasta

140 948 237 984 urbe
270 948 430 996 lateque
462 948 663 985 moenibus
696 948 874 985 disiectis
906 961 1015 985 raras
1044 949 1241 985 stationes
1271 950 1559 997 custodiasque

141 1024 375 1055 senatorum
415 1030 523 1063 esse;
570 1031 812 1067 quacunque
845 1019 1078 1055 custodiant
1110 1019 1238 1068 plebis
1273 1020 1471 1063 homines,
1513 1032 1560 1055 ea
1580 1016 1632 1056 10

142 1095 280 1137 patere
319 1089 488 1125 aditum.
566 1090 743 1126 Auctore
784 1102 831 1126 ac
871 1091 976 1126 duce
1015 1089 1184 1138 perfuga
1226 1089 1365 1126 Bruttii
1407 1102 1560 1126 corona

142 1160 350 1197 cinxerunt
382 1161 534 1205 urbem,
569 1161 808 1209 acceptique
841 1161 892 1196 ab
920 1161 1039 1209 plebe
1063 1161 1192 1209 primo
1216 1161 1368 1209 impetu
1397 1173 1559 1197 omnem

140 1236 284 1280 praeter
308 1243 442 1267 arcem
466 1243 625 1280 cepere.
684 1233 827 1268 Arcem
853 1231 1070 1280 optimates
1096 1232 1305 1275 tenebant,
1333 1236 1560 1280 praeparato
1580 1228 1624 1267 11

142 1302 221 1338 iam
243 1307 338 1338 ante
355 1302 410 1338 ad
428 1302 548 1337 talem
567 1314 704 1338 casum
723 1302 921 1350 perfugio.
970 1302 1132 1337 Eodem
1149 1302 1455 1338 Aristomachus
1474 1314 1561 1350 per-

141 1372 254 1421 fugit,
270 1378 463 1421 tanquam
475 1372 624 1416 Poenis,
641 1384 724 1408 non
738 1371 898 1408 Bruttiis
913 1377 1053 1408 auctor
1064 1373 1170 1408 urbis
1185 1373 1396 1408 tradendae
1409 1371 1560 1408 fuisset.

263 1442 368 1480 Urbs
388 1442 513 1479 Croto
539 1455 693 1479 murum
717 1444 757 1479 in
782 1443 945 1479 circuitu
971 1448 1180 1491 patentem
1206 1443 1427 1480 duodecim
1444 1443 1565 1478 millia
1628 1436 1656 1480 3

144 1525 336 1562 passuum
361 1514 500 1550 habuit
524 1519 618 1550 ante
641 1514 778 1562 Pyrrhi
801 1514 841 1549 in
866 1513 1021 1549 Italiam
1048 1514 1289 1558 adventum
1324 1519 1419 1563 post
1446 1514 1563 1549 vasti·
1579 1511 1605 1550 2

146 1590 268 1621 tatem
294 1596 344 1621 eo
369 1585 475 1621 bello
500 1584 647 1621 factam
673 1586 734 1620 vix
759 1596 851 1632 pars
876 1584 1046 1619 dimidia
1064 1584 1333 1620 habitabatur.
1383 1584 1564 1627 Flumen,

147 1655 259 1703 quod
298 1655 436 1690 medio
475 1655 632 1703 oppido
673 1655 852 1698 fluxerat,
901 1659 1011 1690 extra
1054 1654 1280 1702 frequentia
1321 1655 1437 1691 tectis
1476 1655 1566 1690 loca

145 1725 454 1774 praeterfluebat,
509 1731 548 1761 et
595 1738 662 1761 arx
711 1725 851 1773 procul
898 1725 968 1768 eis,
1027 1738 1115 1773 quae
1164 1726 1450 1761 habitabantur
1497 1737 1566 1761 sex
1582 1723 1606 1761 :³¹

146 1796 281 1841 millia,
307 1797 460 1832 aberat.
508 1796 555 1832 In
581 1797 678 1832 urbe
705 1796 829 1832 nobili
848 1796 1039 1844 templum
1058 1796 1145 1845 ipsa
1164 1797 1260 1832 urbe
1276 1802 1361 1832 erat
1380 1795 1566 1838 nobilius,

146 1866 324 1904 Laciniae
347 1866 528 1911 Iunonis,
556 1873 739 1903 sanctum
766 1867 952 1903 omnibus
978 1868 1082 1903 cirea
1108 1867 1282 1915 populis.
1342 1866 1475 1903 Lucus
1498 1866 1565 1910 ibi,
1582 1863 1608 1903 4

147 1936 348 1985 frequenti
380 1937 477 1973 silva
509 1943 549 1974 et
580 1938 759 1986 proceris
792 1938 935 1974 abietis
968 1938 1178 1974 arboribus
1211 1943 1372 1986 saeptus,
1406 1938 1496 1973 laeta
1528 1937 1567 1973 in

147 2008 286 2044 medio
319 2020 472 2056 pascua
505 2008 656 2053 habuit,
690 2008 757 2044 ubi
791 2009 922 2045 omnis
954 2008 1115 2057 generis
1149 2020 1306 2045 sacrum
1332 2009 1420 2044 deae
1444 2020 1568 2056 pecus

148 2079 391 2127 pascebatur
423 2079 510 2115 sine
543 2080 622 2116 ullo
646 2085 824 2128 pastore,
859 2079 1158 2127 separatimque
1180 2091 1326 2127 greges
1351 2079 1410 2115 sui
1439 2079 1569 2115 cuius·
1585 2076 1610 2115 Γ)

149 2162 227 2197 que
258 2149 420 2197 generis
452 2155 574 2186 nocte
607 2151 844 2186 remeabant
876 2151 931 2186 ad
964 2150 1133 2193 stabula,
1174 2162 1380 2197 nunquam
1413 2149 1570 2185 insidiis

150 2220 336 2263 ferarum,
369 2231 455 2256 non
488 2219 629 2256 fraude
663 2220 797 2257 violati
831 2221 1052 2257 hominum.
1115 2220 1255 2269 Magni
1280 2221 1396 2269 igitur
1421 2218 1610 2257 fructus&

149 2303 199 2327 ex
231 2303 282 2327 eo
315 2302 465 2339 pecore
499 2290 619 2338 capti,
654 2290 924 2339 columnaque
956 2291 1053 2327 inde
1086 2303 1208 2327 aurea
1241 2291 1374 2327 solida
1400 2290 1506 2326 facta
1532 2296 1571 2325 et

151 2366 309 2398 sacrata
341 2366 422 2404 est;
455 2360 716 2408 inclitumque
748 2362 942 2410 templum
967 2361 1113 2398 divitiis
1138 2361 1272 2406 etiam,
1307 2374 1392 2397 non
1416 2365 1569 2396 tantum

152 2431 365 2468 sanctitate
399 2431 484 2468 fuit.
547 2432 607 2467 Ac
639 2431 831 2468 miracula
863 2432 996 2480 aliqua
1025 2431 1235 2480 affingunt,
1271 2437 1312 2468 ut
1337 2429 1609 2479 plerumque'd'

151 2506 234 2538 tam
256 2501 482 2550 insignibus
505 2501 618 2538 locis.
666 2501 792 2538 Fama
810 2507 883 2546 est,
909 2514 1019 2538 aram
1038 2514 1127 2538 esse
1145 2502 1187 2537 in
1204 2502 1401 2537 vestibulo
1420 2501 1571 2549 templi,

153 2572 265 2609 euius
292 2571 469 2608 cinerem
492 2572 602 2608 nullo
628 2584 807 2620 unquam
825 2573 976 2609 moveri
994 2578 1129 2608 vento.
1179 2573 1260 2608 Sed
1281 2584 1348 2607 arx
1367 2570 1572 2615 Crotonis,
1589 2572 1613 2611 8

153 2653 234 2678 una
258 2646 371 2690 parte
396 2642 609 2679 imminens
633 2643 745 2687 mari,
775 2643 900 2679 altera
926 2647 1116 2690 vergente
1141 2642 1182 2678 in
1207 2654 1361 2690 agrum,
1392 2642 1467 2678 situ
1485 2646 1572 2678 tan-
