1789 2955
810 101 843 134 V

117 224 319 260 posueram
344 213 467 248 autin
492 213 610 247 altera
642 212 843 255 edideram,
880 225 976 247 nunc
1013 224 1159 258 quoque
1196 224 1271 247 non
1308 214 1427 249 solum
1451 214 1541 248 mihi

119 281 246 306 severe
273 270 439 315 exigenti
465 281 503 304 se
528 269 793 314 probaverunt,
821 269 885 304 sed
909 270 1097 315 pleraeque
1131 271 1244 304 etiam
1270 282 1290 304 a
1315 270 1476 305 Luchsio
1502 272 1541 304 in

113 326 295 362 orationis
321 328 500 361 contextu
523 327 657 371 positae
683 328 768 360 sunt
795 326 913 368 (velut
938 327 1064 361 statim
1089 328 1125 361 in
1151 328 1212 362 lib.
1240 326 1384 370 XXVI,
1411 329 1432 362 2
1459 327 1539 362 duae

113 386 151 418 et
174 384 212 418 in
237 383 327 427 ipsis
353 383 530 418 extremis
555 383 680 417 verbis
703 383 765 418 lib.
790 382 938 426 XXX);
967 395 1072 418 novae
1093 384 1235 428 aliquot
1258 387 1304 425 et,
1330 387 1371 418 ut
1397 385 1539 428 opinor,

116 442 229 474 certae
272 440 310 474 in
353 440 421 474 hac
457 441 538 484 ipsa
583 439 749 474 editione
793 443 1045 484 accesserunt,
1095 451 1251 485 quarum
1298 440 1396 475 infra
1443 441 1540 475 ratio

110 496 300 532 reddetur.

204 554 239 588 A
265 554 457 597 superiore
482 560 619 588 uostrae
644 553 908 598 recognitionis
946 554 1116 598 exemplo
1148 555 1218 588 hoc
1242 565 1316 587 uno
1342 553 1379 587 in
1405 565 1540 599 genere

118 621 236 654 prope
263 609 415 644 infinitis
440 609 530 643 locis
559 609 701 651 differt,
740 610 840 655 quod
866 621 918 652 ea,
957 622 1039 654 quae
1074 614 1172 653 tum,
1211 611 1379 656 quamvis
1417 614 1541 645 essent

113 678 184 712 per
209 677 248 701 se
272 668 376 701 recta
401 670 438 700 et
458 667 678 710 probabilia,
700 670 836 710 tamen,
859 668 960 711 quod
981 668 1019 701 in
1039 668 1166 702 codice
1180 668 1371 703 Puteaneo
1395 669 1542 703 omitte-

117 723 263 766 bantur,
291 723 476 757 inclinatis
502 724 638 758 litteris
663 725 775 758 scribi
795 725 986 767 iusseram,
1012 736 1118 766 nunc,
1145 725 1245 768 quod
1271 726 1360 760 satis
1388 726 1540 760 alterius

113 779 262 814 familiae
300 780 524 814 auctoritate
570 780 847 823 confirmantur,
893 784 984 815 nota
1027 781 1091 815 illa
1133 781 1327 816 liberanda
1371 782 1542 826 fuerunt,

115 837 253 871 mansit
278 847 321 870 ea
346 836 385 870 in
410 837 455 870 iis
490 838 769 882 supplementis,
797 849 878 882 quae
914 849 959 872 ne
996 849 1093 872 nune
1131 838 1280 881 quidem
1317 840 1541 874 auctoritate

114 894 191 929 ulla
215 893 518 938 comprobantur,
544 894 615 929 nisi
641 895 742 938 quod
767 894 933 929 eiusdem
960 896 1066 930 verbi
1086 898 1211 939 partes
1234 899 1408 940 typorum
1436 896 1541 930 dissi-

116 951 326 985 militudine
359 950 500 984 foedare
542 951 740 987 noluimus.
800 952 835 985 A
871 951 1024 985 Luchsii
1068 954 1190 986 autem
1235 954 1403 998 exemplo
1451 953 1543 998 quid

115 1010 284 1042 nostrum
322 1007 488 1049 differat,
527 1008 719 1052 ostendet,
765 1020 875 1052 quem
918 1009 1151 1053 subiicimus,
1189 1010 1308 1043 omnis
1347 1010 1540 1053 scripturae

114 1065 335 1099 Luchsianae
362 1076 382 1099 a
406 1068 536 1099 nostra
562 1065 809 1109 discrepantis
841 1065 964 1106 indeX‚
1003 1066 1049 1100 ad
1088 1066 1245 1100 eandem
1282 1066 1359 1100 fere
1385 1066 1542 1100 formam

115 1122 356 1167 compositus,
394 1132 468 1164 qua
502 1122 541 1155 in
578 1123 772 1166 superiore
809 1122 975 1157 editione
1008 1122 1356 1158 XVeissenborniani
1381 1123 1541 1168 exempli

120 1178 412 1223 discrepantiam
444 1180 720 1221 notaveramus,
746 1179 818 1212 nisi
844 1179 945 1223 quod
977 1180 1156 1223 codicum,
1191 1191 1283 1223 quos
1308 1181 1346 1214 in
1373 1180 1541 1214 dissensu

120 1247 187 1270 nos
213 1235 332 1270 secuti
363 1247 499 1277 sumus,
525 1238 633 1270 notas
661 1236 873 1270 adscribere
899 1247 1214 1280 supervacaneum
1239 1240 1328 1279 erat,
1367 1239 1541 1281 quoniam

115 1292 216 1337 apud
252 1293 375 1336 ipsum
411 1292 613 1326 Luchsium
651 1295 811 1327 exstant.
826 1294 849 1335 ¹)
898 1293 943 1326 In
980 1293 1024 1327 iis
1060 1294 1165 1335 locis,
1202 1293 1240 1327 in
1278 1294 1410 1337 quibus
1447 1306 1542 1328 nova

111 1350 328 1385 coniectura
354 1349 410 1383 usi
437 1360 572 1392 sumus,
600 1351 637 1383 et
662 1361 735 1384 uno
763 1352 799 1384 et
825 1351 943 1384 altero
977 1353 1163 1395 praeterea
1200 1351 1351 1385 brevem
1385 1352 1540 1386 rationis

114 1406 403 1450 explicationem
430 1406 653 1441 addidimus.
715 1407 906 1441 Permulta
944 1408 982 1441 in
1018 1408 1087 1442 hac
1124 1408 1378 1453 discrepantia
1415 1420 1459 1443 ex
1498 1420 1540 1442 eo

113 1474 250 1508 genere
275 1474 355 1498 esse
381 1466 547 1508 apparet,
583 1466 624 1497 ut
649 1464 747 1497 i'nter
772 1466 967 1508 utramque
994 1465 1218 1508 scripturam
1256 1465 1303 1499 ad
1340 1465 1541 1510 probabili-

110 1522 229 1554 tatem
253 1531 320 1564 per
345 1532 384 1555 se
409 1521 502 1554 nihil
540 1524 603 1555 aut
641 1532 758 1565 prope
795 1521 886 1555 nihil
923 1522 1089 1564 intersit3
1128 1522 1165 1555 in
1201 1522 1415 1557 huiusmodi
1452 1524 1542 1557 locis

112 1576 196 1610 fieri
221 1579 355 1621 potest,
381 1580 424 1611 ut
448 1577 486 1611 in
511 1578 701 1622 prioribus
728 1579 888 1613 maxime
914 1578 1018 1613 libris
1056 1590 1124 1623 ego
1163 1579 1333 1613 nonnihil
1370 1580 1416 1614 ad
1441 1580 1543 1615 codi-

110 1645 191 1668 cem
216 1633 449 1669 Puteaneum
474 1635 702 1678 sequendum
725 1635 991 1679 inclinaverim,
1017 1636 1181 1670 Luchsio
1208 1637 1362 1670 alteram
1387 1637 1542 1681 stirpem

112 1694 302 1735 sequente.

202 1748 268 1782 Lib.
295 1747 404 1782 XXVI.
456 1747 544 1793 Cap.
571 1748 644 1787 ΙΙΙ,
669 1750 690 1783 3
716 1749 779 1793 qui
806 1752 931 1783 autem
961 1749 1046 1794 (Qui
1072 1749 1179 1794 potui
1210 1761 1358 1784 servare
1384 1750 1543 1786 absolute

113 1805 369 1850 interrogatur
393 1805 435 1840 de
460 1805 638 1840 servando
664 1817 739 1840 non
762 1806 1000 1848 serrandove,·
1024 1809 1151 1841 contra
1178 1806 1219 1841 de
1244 1808 1408 1842 utilitate
1432 1808 1544 1842 inter-

109 1864 274 1907 rogatur,
301 1862 388 1906 quid
412 1865 657 1907 quantumque
677 1863 849 1907 prodesse
867 1863 1064 1908 potuerim.
1079 1865 1194 1906 1563.)
1216 1866 1477 1906 4commeatus
1504 1865 1543 1898 in

116 1919 400 1964 V1‚3(F0rcl272.
416 1931 496 1954 eum
516 1919 593 1956 edd.
607 1922 688 1955 vett.
704 1921 776 1956 iam
796 1921 902 1965 pulsi.
918 1922 1035 1965 1863.)
1062 1922 1081 1954 9
1107 1921 1256 1955 invenio
1273 1921 1359 1964 VII,
1386 1923 1406 1955 3
1432 1922 1542 1966 vulgo

114 1977 324 2011 fremebant
351 1976 487 2021 (Error
512 1977 612 2022 apud
636 1988 702 2013 nos
728 1989 771 2012 ece
796 1977 982 2023 superiore
1008 1977 1166 2013 editione
1192 1977 1397 2022 remansit.)
1435 1978 1455 2011 6
1482 1989 1542 2011 au-

115 2033 238 2068 denda
269 2033 531 2078 subeundaque
564 2034 616 2077 (P
643 2035 899 2078 audendaque.
941 2035 1054 2070 Semel
1088 2035 1256 2070 universe
1289 2034 1428 2069 (lictum
1458 2036 1540 2077 esto,

111 2091 153 2126 in
177 2090 226 2126 iis
250 2091 348 2133 loeis,
373 2091 415 2125 in
439 2091 567 2136 quibus
592 2092 633 2126 in
657 2092 868 2126 melioribus
901 2091 1099 2134 codicibus,
1134 2103 1178 2127 em
1209 2091 1337 2137 quibus
1370 2091 1434 2126 hoc
1466 2091 1542 2127 loco

111 2158 210 2183 unus
236 2148 272 2182 P
289 2150 460 2193 superest,
494 2149 685 2193 particula
722 2160 792 2193 que
828 2149 880 2184 sic
916 2149 1096 2190 abundat,
1125 2149 1325 2184 Luchsiwn
1350 2159 1431 2183 cum
1456 2148 1543 2183 aliis

112 2206 322 2240 constanter
345 2205 500 2240 alteram
523 2216 650 2249 vocem,
678 2206 782 2240 euius
813 2206 953 2241 omissoe
985 2205 1166 2241 indicium
1191 2205 1387 2250 particula
1403 2206 1543 2250 saciat,

111 2262 341 2308 supplevisse,
365 2262 456 2297 mihi
481 2273 556 2297 non
582 2265 656 2297 tam
680 2265 818 2298 certum
842 2263 881 2298 id
906 2263 1087 2298 indicium
1107 2263 1227 2298 visum
1251 2273 1333 2304 esse,
1359 2264 1403 2297 ut
1424 2273 1542 2297 vocem

106 2331 178 2364 per
211 2330 248 2354 se
283 2330 358 2354 non
394 2319 638 2355 neeessariam
662 2319 791 2365 ubique
828 2320 1014 2365 adderem;
1049 2321 1117 2365 cfr.
1156 2332 1182 2355 c.
1221 2321 1282 2363 11,
1314 2321 1375 2362 123
1415 2320 1469 2363 13,
1494 2320 1543 2364 9.)

111 2375 182 2420 IX,
207 2377 229 2410 2
253 2376 368 2410 biduo
394 2377 571 2419 (Wesenb.
599 2377 635 2412 P
655 2377 731 2411 Sub
755 2377 930 2412 Casinum
955 2377 1079 2411 biduo.
1125 2377 1293 2412 Priorem
1318 2388 1477 2411 errorem
1501 2376 1539 2411 in

111 2432 183 2468 loci
204 2433 351 2468 nomine
368 2433 563 2479 Ussinyius
583 2435 754 2477 eorreaeit,
768 2435 1008 2480 posteriorem
1035 2434 1315 2478 Wesenberyius.
1343 2432 1542 2477 Perspicua

176 2553 198 2585 ¹)
217 2555 381 2581 Omisimus
400 2557 500 2581 tamen
529 2556 562 2581 in
591 2556 650 2581 hoc
681 2555 780 2581 indice
809 2557 920 2586 praeter
946 2562 990 2586 ea,
1020 2563 1083 2586 qute
1109 2555 1145 2580 ad
1165 2554 1423 2586 orthographiam,
1452 2560 1542 2584 quam

215 2595 382 2627 appellant,
408 2596 575 2628 pertinent,
604 2596 716 2622 formas
742 2595 879 2620 eiusdem
907 2594 992 2620 vocis
1020 2595 1174 2620 levissime
1204 2594 1414 2624 discrepantes
1443 2593 1484 2622 (se
1513 2595 1542 2618 et

221 2642 292 2666 sese,
313 2642 331 2660 a
350 2638 380 2661 et
399 2636 443 2667 ab,
464 2637 523 2661 tum
544 2638 573 2661 et
593 2637 672 2664 tune,
693 2634 801 2660 classes
816 2636 845 2659 et
863 2633 977 2665 classis,
993 2634 1167 2666 Carthayini
1184 2636 1213 2659 et
1225 2633 1409 2666 Carthagine,
1428 2633 1544 2665 pov-rim:

217 2676 245 2699 et
264 2674 371 2707 pergi),
391 2678 455 2701 tum
473 2676 641 2706 particulas
662 2674 861 2706 copulativas‚
882 2675 916 2705 et,
937 2682 980 2705 ae,
1000 2675 1096 2705 atque,
1118 2675 1325 2699 commutatas.
