1768 2943
503 95 607 126 Liber
632 95 742 125 xxn.
795 94 850 136 (A.
879 96 941 126 Ch.
968 95 1062 138 217.)
1438 98 1495 138 65

72 225 252 270 alteram,
285 224 348 261 cui
380 236 488 261 mors
518 224 584 261 filii
607 224 710 262 falso
734 225 919 262 nuntiata
943 231 1040 270 erat,
1074 233 1256 264 maestam
1280 230 1493 265 sedentem

73 296 198 340 domi,
218 295 273 332 ad
289 295 461 345 primum
479 300 746 344 conspectum
763 295 971 333 redeuntis
990 294 1091 347 [filii]
1110 297 1264 346 gaudio
1283 298 1408 335 nimio
1427 312 1494 335 ex-

73 366 306 403 animatam.
355 366 547 402 Senatum
575 371 768 414 praetores
792 378 864 415 per
888 366 975 403 dies
999 367 1153 415 aliquot
1177 369 1228 404 ab
1252 374 1341 405 orto
1369 382 1495 418 usque
1514 369 1567 409 14

73 437 128 473 ad
151 436 410 474 occidentem
434 436 562 472 solem
584 436 626 473 in
650 436 759 473 curia
783 436 970 481 retinent,
998 438 1290 483 consultantes,
1317 451 1494 487 quonam

72 507 176 543 duce
209 512 278 543 aut
309 506 452 555 quibus
485 507 612 556 copiis
644 507 774 544 resisti
806 507 1023 544 victoribus
1054 508 1191 545 Poenis
1222 514 1376 557 posset.

189 577 425 625 Priusquam
459 578 555 614 satis
589 584 698 615 certa
731 579 899 616 consilia
933 584 1082 623 essent,
1116 591 1264 628 repens
1292 579 1370 615 alia
1394 592 1497 616 nun·
1565 577 1594 620 8

72 646 190 683 tiatur
222 647 374 691 clades,
409 653 597 695 quattuor
629 649 751 685 millia
783 649 962 698 equitum
995 661 1086 686 cum
1111 649 1157 686 C.
1177 649 1379 686 Centenio
1403 663 1496 699 pro-

72 723 244 766 praetore
276 718 397 755 missa
430 719 485 755 ad
517 720 716 769 collegam
749 720 800 756 ab
834 720 1000 756 Servilio
1039 721 1207 756 consule
1238 720 1280 757 in
1312 720 1494 764 Umbria,

72 800 153 836 quo
185 794 280 837 post
310 802 491 838 pugnam
519 791 574 827 ad
595 790 923 827 Trasumennum
948 790 1129 826 auditam
1158 795 1386 827 averterant
1407 791 1494 835 iter,

73 860 123 895 ab
147 858 380 896 Hannibale
406 860 690 898 circumventa.
738 861 835 898 Eius
868 861 923 897 rei
958 861 1066 897 fama
1094 860 1200 897 varie
1225 861 1414 898 homines
1439 861 1497 897 af·
1513 862 1539 901 2

73 929 179 967 fecit.
242 931 352 974 Pars,
387 932 596 980 occupatis
629 932 782 968 maiore
816 932 1054 980 aegritudine
1087 931 1244 972 animis,
1288 933 1416 968 levem
1449 944 1497 968 ex

74 1001 381 1049 comparatione
420 1001 598 1050 priorum
639 1004 788 1039 ducere
828 1008 1033 1039 recentem
1066 1002 1245 1050 equitum
1279 1003 1495 1047 iacturam;

72 1083 164 1120 pars
182 1083 265 1108 non
283 1071 339 1116 id,
359 1073 472 1119 quod
489 1073 707 1118 acciderat,
727 1086 799 1122 per
816 1085 859 1110 se
878 1073 1089 1116 aestimare,
1115 1073 1202 1117 sed,
1229 1078 1272 1110 ut
1288 1073 1330 1110 in
1347 1073 1496 1111 affecto
1512 1073 1538 1113 3

72 1153 244 1190 corpore
276 1142 456 1190 quamvis
489 1143 585 1180 levis
619 1156 742 1180 causa
774 1145 903 1193 magis
937 1156 1057 1192 quam
1091 1144 1133 1180 in
1166 1143 1303 1180 valido
1335 1144 1497 1192 gravior

72 1213 297 1257 sentiretur,
324 1212 381 1250 ita
405 1218 488 1249 tum
511 1225 628 1262 aegrae
646 1219 686 1250 et
703 1214 859 1251 affectae
877 1214 1025 1252 civitati
1043 1215 1319 1263 quodcunque
1337 1215 1497 1251 adversi
1511 1214 1538 1253 4

70 1283 281 1328 incideret,
300 1295 386 1320 non
402 1295 533 1320 rerum
557 1285 851 1333 magnitudine,
877 1286 952 1322 sed
970 1285 1117 1322 viribus
1141 1285 1381 1330 extenuatis,
1409 1298 1497 1333 quae

71 1353 180 1398 nihil,
199 1355 313 1402 quod
330 1360 580 1403 aggravaret,
599 1355 684 1404 pati
701 1361 884 1404 possent,
904 1356 1186 1393 aestimandum
1206 1368 1309 1392 esse.
1355 1355 1496 1404 Itaque
1511 1355 1538 1394 ἵ)

73 1425 127 1462 ad
158 1425 383 1462 remedium
415 1425 496 1461 iam
537 1426 606 1462 diu
645 1439 779 1474 neque
823 1426 1101 1463 desideratum
1140 1439 1215 1463 nec
1255 1427 1495 1471 adhibitum,

72 1495 314 1532 dictatorem
331 1496 566 1541 dicendum,
593 1496 731 1534 civitas
750 1496 952 1546 confugit;
987 1502 1027 1533 et
1051 1497 1145 1545 quia
1169 1502 1210 1533 et
1236 1498 1378 1534 consul
1402 1499 1497 1534 abe-

72 1571 146 1610 rat,
179 1579 203 1602 a
227 1579 308 1614 quo
334 1579 417 1603 uno
435 1566 515 1604 dici
532 1579 655 1616 posse
673 1568 898 1612 videbatur,
924 1580 1000 1604 nec
1027 1579 1098 1616 per
1117 1573 1359 1616 occupatam
1377 1568 1497 1604 armis

72 1636 233 1674 Punicis
255 1636 412 1674 Italiam
430 1637 554 1685 vfacile
586 1643 672 1674 erat
704 1643 772 1674 aut
794 1638 981 1675 nuntium
1005 1643 1074 1674 aut
1100 1638 1252 1675 litteras
1280 1639 1395 1683 mitti,
1420 1652 1496 1676 nec

74 1706 315 1744 dictatorem
338 1709 493 1757 populo
517 1721 594 1744 non
619 1709 793 1744 consulto
817 1712 978 1745 senatus
1010 1720 1146 1745 creare
1180 1714 1353 1757 poterat,
1384 1710 1497 1758 quod
1512 1710 1537 1748 ὃ

73 1790 282 1826 nunquam
321 1783 416 1815 ante
449 1791 540 1815 eam
573 1779 682 1815 diem
716 1778 866 1815 factum
899 1784 996 1823 erat,
1041 1779 1281 1816 dictatorem
1322 1781 1497 1829 populus

74 1848 222 1885 creavit
246 1848 297 1894 Q.
315 1849 484 1886 Fabium
502 1849 723 1886 Maximum
749 1854 789 1885 et
812 1849 1047 1897 magistrum
1080 1849 1259 1897 equitum
1284 1849 1339 1886 M.
1366 1849 1498 1886 Minu-

74 1918 179 1955 cium
210 1919 380 1964 Rufum3
414 1920 556 1968 hisque
588 1920 798 1969 negotium
831 1921 882 1956 ab
916 1925 1059 1956 senatu
1092 1920 1246 1962 datum,
1288 1925 1331 1956 ut
1361 1920 1535 1959 muros?

73 1994 281 2038 turresque
323 1990 431 2027 urbis
476 1990 679 2027 firmarent
721 1995 761 2026 et
801 1990 991 2038 praesidia
1033 1990 1313 2039 disponerent,
1354 1991 1497 2039 quibus

74 2059 173 2096 locis
190 2060 404 2104 videretur,
429 2066 658 2109 pontesque
675 2061 955 2097 rescinderent
979 2061 1206 2098 fluminum:
1241 2073 1315 2109 pro
1334 2061 1432 2097 urbe
1451 2073 1496 2097 ac

75 2130 290 2179 penatibus
318 2131 594 2168 dimicandum
621 2143 723 2175 esse,
751 2132 918 2180 quando
935 2131 1092 2168 Italiam
1119 2132 1220 2168 tueri
1246 2131 1495 2179 nequissent.

193 2200 401 2238 Hannibal
424 2207 535 2238 recto
560 2202 701 2238 itinere
726 2215 797 2251 per
814 2202 1025 2239 Umbriam
1050 2215 1178 2250 usque
1201 2203 1254 2238 ad
1273 2202 1497 2250 Spoletium
1566 2200 1593 2244 9

76 2271 197 2308 venit.
244 2271 361 2316 Inde,
394 2285 515 2320 quum
546 2273 816 2321 perpopulato
842 2285 940 2322 agro
960 2273 1099 2309 urbem
1118 2284 1357 2322 oppugnare
1376 2273 1497 2308 ador·
1513 2274 1538 2312 ⁵.)

77 2347 139 2379 tus
171 2348 292 2387 esset,
326 2355 416 2379 cum
449 2355 598 2392 magna
627 2343 739 2380 caede
764 2355 927 2380 suorum
952 2345 1148 2392 repulsus,
1183 2344 1420 2380 coniectans
1449 2356 1496 2379 ex

77 2412 193 2449 unius
219 2413 390 2450 coloniae
415 2413 526 2450 haud
550 2415 736 2450 maxima?
760 2414 923 2451 minime
941 2426 1136 2463 prospere
1154 2419 1319 2451 tentatae
1337 2414 1496 2457 viribus,

78 2488 229 2531 quanta
251 2484 381 2520 moles
406 2485 602 2521 Romanae
626 2484 733 2521 urbis
761 2490 880 2529 esset,
914 2485 955 2521 in
982 2497 1123 2534 agrum
1140 2485 1332 2521 Picenum
1358 2484 1538 2522 avertit3

78 2553 164 2598 iter,
190 2566 275 2590 non
299 2554 418 2603 copia
443 2555 574 2591 solum
599 2555 730 2591 omnis
747 2556 908 2604 generis
927 2555 1085 2604 frugum
1104 2556 1396 2599 abundantem,
1424 2555 1497 2591 sed

79 2623 266 2661 refertum
299 2625 451 2674 praeda,
486 2638 608 2673 quam
640 2625 766 2662 effuse
800 2626 906 2662 avidi
931 2632 1052 2674 atque
1079 2630 1247 2673 egentes
1271 2626 1496 2674 rapiebant.

154 2689 252 2715 Livius
274 2699 307 2715 ex
330 2699 385 2716 rec.
406 2690 559 2723 Madvigii.
598 2691 647 2717 ΙΙΙ,
1218 2694 1239 2725 ζ)
