1789 2955
95 703 157 751 44

247 81 326 118 174
624 75 740 110 Liber
764 75 956 111 XXVIII.
1005 77 1065 120 (A.
1092 89 1127 111 u.
1153 89 1182 112 ο.
1206 79 1301 122 549.)

244 204 419 242 monium
438 203 675 252 Carthagini
707 216 824 252 quam
851 217 912 240 me
935 205 1076 254 patriae
1101 218 1198 241 meae
1230 206 1403 243 sinerem
1420 210 1556 245 natum
1587 222 1681 256 esse,

244 279 518 325 cresceretque
548 274 646 312 mihi
678 288 725 311 ex
757 288 801 311 eo
835 275 921 324 ipso
953 275 1113 323 fiducia,
1145 277 1253 327 quod
1277 281 1415 328 posset
1437 279 1479 316 in
1511 279 1682 318 hominis

168 348 357 385 20unius
388 347 540 384 virtute
570 349 727 383 tantum
769 348 959 384 momenti
1004 362 1099 385 esse.
1159 348 1218 386 At
1263 350 1382 387 etiam
1413 350 1682 390 Athenienses

244 419 435 457 audiendi
467 422 578 465 sunt,
623 422 772 456 temere
813 419 855 456 in
887 418 1067 456 Siciliam
1099 420 1244 458 omisso
1276 421 1384 459 domi
1414 422 1521 460 bello
1552 425 1682 461 trans-

170 492 218 528 21
241 491 378 541 gressi.
440 490 521 528 Cur
567 504 674 540 ergo,
716 491 904 540 quoniam
944 489 1105 528 Graecas
1150 492 1306 530 fabulas
1338 506 1524 531 enarrare
1555 497 1683 543 vacat,

243 577 322 601 non
347 563 618 613 Agathoclem
643 564 787 612 potius,
813 562 1109 612 Syracusanum
1132 577 1280 613 regem,
1308 578 1429 614 quum
1456 565 1525 602 diu
1542 564 1683 605 Sicilia

245 635 401 672 Punico
433 635 542 672 bello
574 638 771 681 ureretur,
802 638 1095 684 transgressum
1127 635 1169 672 in
1199 635 1301 674 hanc
1319 636 1482 674 eandem
1500 637 1684 675 Africam

244 707 436 744 avertisse
468 720 513 744 eo
544 706 712 754 bellum,
758 707 863 744 unde
897 710 1077 754 venerat,
1109 707 1265 745 refers?
1325 706 1404 745 Sed
1436 709 1544 758 quid,
1575 710 1684 748 ultro

244 781 390 815 metum
409 777 556 815 inferre
573 778 681 816 hosti
700 782 748 824 et,
782 779 831 816 ab
863 793 903 816 se
933 783 1085 816 remoto
1113 780 1303 829 periculo,
1335 780 1458 817 alium
1484 781 1526 818 in
1544 781 1685 819 discri-

245 863 333 887 men
360 849 559 887 adducere
588 850 705 899 quale
725 851 788 897 sit,
816 851 1019 889 veteribus
1045 852 1303 901 externisque
1329 853 1524 902 exemplis
1550 853 1685 892 admo-

199 924 221 958 2
241 934 335 959 nere
353 935 451 971 opus
469 921 557 958 est?
587 922 720 961 Maius
745 924 1033 973 p1·aesentiusve
1060 924 1186 960 ullum
1212 924 1437 974 exemplum
1461 938 1546 963 esse
1565 939 1685 975 quam

245 994 455 1031 Hannibal
482 995 649 1044 potest?
701 995 877 1032 Multum
902 995 1082 1042 interest,
1114 996 1266 1033 alienos
1290 997 1486 1046 populere
1511 997 1609 1035 fines
1635 1012 1687 1036 an

243 1069 333 1103 tuos
364 1066 440 1113 uri,
472 1066 656 1104 exscindi
686 1068 844 1114 videas3
876 1068 967 1117 plus
999 1068 1121 1105 animi
1152 1071 1212 1105 est
1243 1068 1431 1107 inferenti
1462 1070 1687 1119 periculum

202 1139 224 1175 3
243 1152 361 1188 quam
393 1139 662 1188 propulsanti.
710 1139 778 1176 Ad
802 1140 875 1176 hoc
901 1139 1029 1177 maior
1052 1139 1281 1188 ignotarum
1312 1153 1447 1178 rerum
1464 1146 1522 1180 est
1538 1148 1687 1189 terror3

245 1211 350 1248 bona
375 1211 558 1261 malaque
587 1211 761 1249 hostium
787 1225 834 1248 ex
856 1212 1085 1262 propinquo
1118 1212 1321 1260 ingressus
1345 1212 1444 1250 fines
1476 1213 1687 1263 adspicias,

198 1283 222 1319 4
240 1283 331 1321 Non
348 1286 581 1334 speraverat
597 1283 807 1321 Hannibal
824 1283 920 1330 fore,
939 1287 983 1320 ut
999 1287 1059 1320 tot
1085 1284 1126 1320 in
1151 1284 1276 1321 Italia
1292 1285 1434 1335 populi
1458 1285 1508 1321 ad
1533 1299 1574 1323 se
1591 1285 1687 1323 defi-

244 1359 401 1403 cerent,
434 1356 667 1393 defecerunt
682 1358 773 1405 post
790 1355 1035 1393 Cannensem
1056 1356 1229 1403 cladem;
1251 1360 1400 1406 quanto
1426 1357 1557 1395 minus
1575 1358 1688 1408 quic-

246 1441 363 1477 quam
381 1428 422 1465 in
439 1426 583 1464 Africa
615 1427 1020 1477 Carthaginiensibus
1037 1427 1195 1465 firmum
1213 1432 1283 1465 aut
1300 1429 1444 1466 stabile
1468 1430 1533 1477 sit,
1551 1430 1688 1468 infidis

199 1498 221 1536 5
243 1500 373 1547 sociis,
399 1499 592 1549 gravibus
619 1513 664 1536 ac
681 1500 863 1550 superbis
882 1500 1083 1537 dominis?
1129 1499 1197 1537 Ad
1221 1500 1294 1537 hoc
1312 1514 1394 1548 nos,
1413 1501 1535 1539 etiam
1554 1502 1687 1539 deser-

243 1573 276 1609 ti
306 1572 355 1609 ab
388 1571 519 1618 sociis,
549 1571 706 1609 viribus
731 1572 892 1619 nostris,
924 1572 1055 1609 milite
1071 1572 1254 1609 Romano
1286 1572 1491 1620 stetimus3
1523 1572 1689 1612 Cartha-

247 1644 422 1693 giniensi
467 1643 570 1681 nihil
618 1643 750 1681 civilis
796 1643 955 1681 roboris
1003 1647 1081 1691 est,
1122 1644 1304 1682 mercede
1345 1648 1505 1695 paratos
1537 1645 1687 1683 milites

243 1717 405 1763 habent,
437 1715 562 1753 Afros
598 1715 890 1765 Numidasque,
921 1715 1126 1753 levissima
1156 1716 1251 1754 fidei
1278 1716 1480 1754 mutandae
1512 1717 1687 1767 ingenia.

201 1788 320 1826 ssHic
353 1788 471 1826 modo
504 1788 609 1825 nihil
641 1801 761 1825 morae
794 1787 865 1835 sit3
897 1802 976 1826 una
1007 1792 1047 1826 et
1076 1789 1286 1827 traiecisse
1323 1803 1385 1826 me
1425 1789 1616 1836 audietis,
1649 1792 1688 1826 et

245 1861 390 1898 ardere
436 1860 544 1898 bello
591 1860 776 1898 Africam
824 1864 874 1907 et,
920 1861 1108 1898 moliente
1155 1861 1248 1898 hinc
1293 1861 1536 1909 Hannibale,
1581 1861 1686 1899 obsi-

246 1933 334 1970 deri
368 1932 665 1982 Carthaginem.
727 1932 924 1969 Laetiores
971 1936 1009 1969 et
1041 1933 1334 1984 frequentiores
1367 1946 1414 1970 ex
1445 1932 1590 1970 Africa
1621 1946 1686 1969 ex-

205 2005 226 2041 7
246 2008 424 2054 spectate
456 2005 631 2052 nuntios,
664 2018 781 2055 quam
814 2018 862 2041 ex
891 2004 1091 2054 Hispania
1122 2005 1395 2056 accipiebatis.
1455 2004 1542 2042 Has
1587 2004 1687 2041 mihi

245 2090 332 2126 spes
377 2076 540 2114 subiicit
584 2077 746 2114 fortuna
791 2077 932 2126 populi
964 2076 1148 2125 Romani,
1194 2078 1236 2115 di
1275 2077 1438 2115 foederis
1484 2077 1533 2114 ab
1574 2076 1688 2114 hoste

246 2149 388 2186 violati
419 2152 553 2196 testes,
586 2147 749 2198 Syphax
781 2152 820 2185 et
850 2149 1066 2187 Masinissa
1111 2163 1238 2199 reges,
1285 2163 1455 2199 quorum
1487 2162 1559 2198 ego
1591 2148 1687 2186 fidei

205 2220 305 2258 Sita
336 2221 500 2267 innitar,
532 2224 577 2258 ut
607 2221 709 2257 bene
739 2223 851 2258 tutus
884 2236 906 2258 a
938 2221 1107 2271 perfidia
1138 2223 1224 2261 sim.
1285 2222 1430 2268 Multa,
1463 2233 1552 2270 quae
1582 2233 1688 2257 nunc

246 2306 295 2329 ex
328 2293 546 2330 intervallo
577 2307 656 2330 non
688 2298 896 2342 apparent,
926 2293 1075 2331 bellum
1108 2295 1273 2343 aperiet,
1306 2297 1344 2330 et
1377 2293 1417 2329 id
1452 2298 1511 2330 est
1541 2293 1618 2330 viri
1649 2295 1688 2330 et

247 2363 371 2413 ducis,
405 2378 485 2402 non
517 2364 654 2402 deesse
685 2364 855 2401 fortunae
886 2366 1083 2415 praebenti
1114 2380 1154 2403 se
1180 2369 1219 2402 et
1242 2366 1377 2403 oblata
1403 2378 1496 2402 casu
1526 2364 1687 2401 flectere

205 2436 227 2472 9
249 2435 298 2473 ad
331 2436 554 2473 consilium.
617 2437 810 2484 Habebo,
844 2435 890 2483 Q.
923 2436 1047 2485 Fabi,
1078 2451 1236 2488 parem,
1269 2451 1384 2488 quem
1417 2437 1499 2484 das,
1530 2436 1687 2474 Hanni-

246 2507 396 2555 balem,
431 2508 500 2545 sed
534 2509 647 2546 illum
681 2522 754 2558 ego
786 2509 919 2559 potius
950 2510 1119 2557 traham,
1161 2524 1277 2560 quam
1310 2510 1380 2546 ille
1414 2522 1474 2545 me
1505 2508 1687 2545 retineat.

246 2579 294 2616 ln
326 2593 398 2617 sua
428 2583 537 2618 terra
569 2594 707 2630 cogam
739 2593 921 2630 pugnare
953 2595 1053 2628 cum,
1102 2584 1141 2619 et
1174 2581 1374 2630 s¹a1·thag0
1420 2580 1555 2630 potius
1587 2592 1686 2630 prae-

173 2650 223 2687 lO
242 2651 362 2688 mium
393 2652 575 2690 victoriae
607 2653 685 2690 erit
718 2667 837 2703 quam
869 2653 1059 2691 semiruta
1097 2653 1350 2691 Bruttiorum
1383 2653 1559 2690 castella.
1621 2651 1682 2690 Ne
