1789 2955
287 98 364 134 122
668 93 783 128 Liber
807 92 996 129 XXVIII.
1046 94 1106 135 (A.
1133 104 1167 126 u.
1194 104 1222 126 c.
1249 93 1339 135 547.)

240 221 518 266 sumentium,
558 221 666 270 quod
698 222 738 258 in
770 234 841 259 sua
870 225 979 258 terra
1009 222 1149 257 essent.
1210 218 1270 256 Ea
1299 218 1414 268 prius
1445 217 1717 268 aggredienda

283 296 392 330 ratus
425 291 584 330 Silanus
616 293 730 341 signa
770 306 888 342 quam
927 291 1100 329 maxime
1139 290 1188 327 ad
1227 290 1368 328 laevam
1408 290 1573 327 iubebat
1613 290 1720 336 ferri,

283 364 462 402 necunde
494 364 545 402 ab
578 364 819 402 stationibus
836 363 1002 401 Punicis
1030 362 1345 410 conspiceretur3
1378 362 1473 411 ipse,
1504 361 1720 410 praemissis

165 433 194 481 2
284 436 614 486 speculatoribus,
646 436 770 473 citato
803 435 960 484 agmine
993 434 1042 471 ad
1073 433 1227 470 hostem
1257 433 1401 482 pergit.
1463 432 1559 469 Tria
1589 432 1719 470 millia

284 510 405 545 terme
451 508 600 554 aberat,
647 521 769 557 quum
806 507 1010 544 hauddum
1050 505 1258 555 quisquam
1304 504 1479 541 hostium
1525 508 1720 549 senserat3

240 581 262 616 2
284 580 517 627 confragosa
543 580 631 616 loca
659 583 697 617 et
722 580 845 617 obsiti
868 578 1056 627 virgultis
1079 576 1267 624 tegebant
1291 576 1424 614 eolles.
1472 576 1537 613 Ibi
1563 577 1601 613 in
1625 589 1721 614 cava

281 651 387 688 valle
419 655 539 700 atque
571 650 622 688 ob
654 650 695 688 id
728 651 882 689 occulta
914 649 1118 687 considere
1148 648 1319 685 militem
1352 652 1390 684 et
1421 647 1553 685 cibum
1581 661 1720 697 capere

283 723 411 769 iubet余
456 723 618 760 interim
664 723 933 772 speculatores
977 721 1277 769 transfugarum
1324 720 1434 757 dicta
1479 719 1722 757 affirmantes

239 796 263 832 3
281 798 492 840 venerunt3
510 797 594 831 tum
612 794 778 831 sarcinis
796 795 836 831 in
853 794 1029 832 medium
1047 793 1238 830 coniectis
1251 806 1360 830 arma
1370 792 1542 830 Romani
1557 792 1721 841 capiunt

285 866 449 916 acieque
475 867 581 903 iusta
602 866 643 903 in
665 879 840 916 pugnam
857 866 1019 903 vadunt.
1065 864 1182 901 Mille
1198 877 1388 914 passuum
1406 863 1582 909 aberant,
1601 876 1721 913 quum

283 939 332 975 ab
357 938 471 976 hoste
497 938 700 988 conspecti
724 940 827 985 sunt,
847 937 1125 987 trepidarique
1141 939 1306 985 repente
1328 938 1517 985 coeptum3
1545 939 1583 972 et
1600 934 1723 984 Mago

282 1024 330 1047 ex
363 1010 504 1047 castris
536 1010 659 1047 citato
692 1023 793 1059 equo
826 1009 877 1047 ad
907 1010 1083 1058 primum
1114 1008 1328 1044 clamorem
1354 1010 1390 1044 et
1414 1007 1629 1043 tumultum
1654 1006 1722 1044 ad-

233 1084 259 1118 4
282 1082 454 1120 vehitur.
501 1082 630 1118 Erant
653 1082 694 1118 in
711 1082 1004 1119 Celtiberorum
1022 1080 1199 1118 exercitu
1217 1082 1406 1129 quattuor
1423 1079 1552 1116 millia
1568 1082 1723 1116 scutata

285 1157 322 1191 et
355 1153 516 1191 ducenti
542 1153 714 1203 equites余
748 1154 850 1191 hanc
876 1154 1019 1191 iustam
1044 1151 1244 1201 legionem
1272 1152 1329 1200 (et
1351 1150 1393 1188 id
1418 1150 1542 1187 ferme
1565 1150 1723 1189 roboris

284 1228 386 1274 erat)
420 1225 461 1262 in
494 1225 621 1275 prima
654 1225 738 1263 acie
769 1225 899 1271 locat3
933 1227 1096 1270 ceteros,
1128 1224 1254 1260 levem
1287 1226 1540 1269 armaturam,
1567 1222 1608 1259 in
1632 1222 1722 1260 sub-

238 1297 261 1334 5
280 1297 395 1335 sidiis
422 1297 569 1347 posuit.
617 1296 748 1343 Quum
774 1298 831 1335 ita
858 1298 1073 1334 instructos
1105 1295 1291 1333 educeret
1323 1308 1343 1332 e
1374 1295 1528 1341 castris,
1559 1293 1723 1332 vixdum

242 1369 324 1406 ssin
362 1382 541 1418 egressos
581 1369 690 1408 vallo
731 1382 798 1406 eos
829 1368 1003 1406 Romani
1041 1368 1126 1418 pila
1166 1367 1436 1406 coniecerunt.
1499 1366 1724 1404 Subsidunt

282 1441 458 1491 Hispani
489 1441 679 1479 adversus
711 1441 854 1478 emissa
882 1441 965 1478 tela
990 1440 1039 1477 ab
1068 1440 1196 1486 hoste,
1228 1439 1319 1477 inde
1344 1439 1395 1476 ad
1420 1438 1617 1476 mittenda
1646 1438 1723 1488 ipsi

284 1517 548 1563 consurgunt:
596 1526 683 1563 quae
715 1526 836 1562 quum
867 1511 1041 1549 Romani
1073 1511 1254 1557 conferti,
1293 1514 1339 1548 ut
1369 1511 1509 1557 solent,
1549 1510 1724 1547 densatis

283 1586 534 1636 excepissent
564 1585 698 1632 scutis,
728 1588 813 1621 tum
844 1597 914 1633 pes
946 1596 1033 1620 cum
1065 1582 1166 1632 pede
1198 1583 1368 1620 collatus
1399 1586 1439 1620 et
1464 1581 1612 1632 gladiis
1639 1582 1725 1630 geri

240 1658 261 1691 7
280 1671 343 1695 res
375 1661 505 1707 coepta
536 1659 606 1695 est.
669 1656 853 1694 Ceterum
885 1656 1080 1705 asperitas
1111 1655 1289 1692 locorum
1316 1658 1355 1692 et
1379 1654 1605 1701 Celtiberis,
1637 1653 1722 1703 qui-

282 1729 356 1767 bus
383 1729 422 1766 in
446 1729 590 1779 proelio
616 1741 852 1766 concursare
878 1740 961 1765 mos
986 1730 1057 1774 est,
1072 1727 1325 1764 velocitatem
1344 1726 1526 1764 inutilem
1551 1725 1723 1764 faciebat

285 1805 323 1839 et
353 1800 459 1838 haud
491 1801 631 1851 iniqua
663 1799 798 1838 eadem
830 1802 915 1837 erat
944 1799 1151 1844 Romanis,
1195 1798 1331 1836 stabili
1368 1811 1512 1848 pugnae
1545 1798 1722 1844 assuetis,

240 1873 362 1911 Snisi
403 1872 510 1923 quod
542 1873 736 1921 angustiae
769 1876 809 1910 et
839 1873 1041 1909 internata
1070 1871 1248 1921 virgulta
1279 1870 1439 1908 ordines
1470 1869 1722 1915 dirimebant,

285 1948 324 1982 et
355 1944 507 1993 singuli
537 1944 705 1994 binique
725 1943 846 1981 *velut
877 1957 965 1981 cum
989 1943 1155 1993 paribus
1179 1956 1387 1981 conserere
1410 1955 1585 1993 pugnam
1609 1954 1722 1990 coge--

239 2017 261 2053 9
281 2017 440 2055 bantur.
502 2016 622 2064 Quod
654 2015 704 2053 ad
734 2015 871 2065 fugam
902 2015 1187 2066 impedimento
1219 2015 1401 2053 hostibus
1445 2018 1543 2063 erat,
1591 2013 1634 2051 id
1674 2013 1722 2051 ad

215 2088 267 2126 10
286 2088 431 2125 caedem
472 2101 537 2125 eos
579 2089 689 2126 velut
728 2088 882 2125 vinctos
920 2087 1150 2137 praebebat余
1199 2090 1238 2124 et
1276 2087 1352 2125 iam
1383 2087 1506 2124 ferme
1539 2085 1724 2124 omnibus

285 2159 452 2197 scutatis
471 2159 766 2197 Celtiberorum
791 2160 1022 2209 interfectis,
1056 2160 1157 2198 levis
1184 2163 1387 2197 armatura
1412 2162 1452 2196 et
1469 2158 1723 2207 Carthagini-

284 2245 409 2278 enses,
441 2231 511 2281 qui
542 2245 589 2269 ex
620 2231 759 2269 alteris
791 2232 933 2269 castris
966 2231 1145 2270 subsidio
1169 2234 1374 2280 venerant,
1401 2230 1578 2281 perculsi
1601 2229 1724 2267 caede-

211 2303 257 2340 11
280 2303 441 2342 bantur.
501 2302 596 2341 Duo
629 2303 735 2341 haud
767 2303 939 2353 amplius
971 2304 1102 2341 millia
1133 2303 1314 2354 peditum
1346 2305 1385 2340 et
1416 2302 1619 2352 equitatus
1644 2314 1722 2339 om-

283 2375 358 2425 nis,
388 2376 457 2413 vix
489 2375 590 2412 inito
621 2374 777 2425 proelio,
807 2388 895 2412 cum
926 2375 1099 2424 Magone
1130 2375 1366 2424 effugerunt.
1425 2374 1584 2419 Hanno,
1623 2373 1725 2410 alter

286 2447 516 2496 imperator,
564 2460 652 2485 cum
685 2447 751 2494 eis,
797 2447 866 2496 qui
906 2447 1097 2496 postremi
1128 2448 1205 2485 iam
1236 2446 1453 2497 profligato
1483 2445 1625 2495 proelio
1657 2444 1723 2482 ad-

214 2518 264 2556 12
284 2522 487 2564 venerant,
518 2519 633 2556 vivus
665 2519 833 2568 capitur.
892 2518 1106 2567 Magonem
1130 2519 1351 2568 fugientem
1374 2517 1575 2567 equitatus
1601 2516 1723 2553 ferme

287 2590 425 2639 omnis,
470 2594 507 2628 et
539 2590 647 2640 quod
677 2593 854 2628 veterum
887 2589 1069 2640 peditum
1101 2593 1197 2637 erat,
1243 2589 1369 2627 secuti
1403 2589 1556 2627 decimo
1588 2588 1652 2625 die
1683 2587 1723 2625 in

292 2660 535 2700 Gaditanam
566 2663 815 2712 provinciam
847 2661 897 2700 ad
929 2661 1229 2700 Hasdrubalem
1269 2663 1559 2712 pervenerunt余
1604 2658 1725 2697 Celti-
