1768 2943
526 105 631 136 Liber
650 104 778 135 XXIII.
827 102 880 146 (A.
910 104 973 136 Ch.
999 103 1093 146 216.)
1438 105 1520 147 135

101 242 217 286 gesta
264 241 342 279 est;
391 248 476 272 non
523 235 627 272 vinci
675 235 783 272 enim
831 235 881 271 ab
926 234 1157 272 Hannibale
1201 239 1219 281 †
1268 237 1520 273 vincentibus

102 306 302 344 difficilius
335 306 408 343 fuit
439 318 559 355 quam
591 312 737 355 p'ostea
770 305 941 342 vincere.

219 377 439 421 Hannibal,
474 389 545 426 spe
578 376 787 425 potiundae
811 375 927 412 Nolae
960 377 1168 425 adempta,
1202 389 1324 424 quum
1352 378 1521 414 Acerras
1584 373 1627 417 17

98 448 346 493 recessisset,
380 447 594 483 Marcellus
627 447 829 495 extemplo
863 446 1008 483 clausis
1041 446 1167 495 portis
1201 447 1521 495 custodibusque

100 518 322 567 dispositis,
362 530 414 554 ne
447 518 535 566 quis
568 517 840 566 egrederetur,
876 517 1144 565 quaestionem
1176 518 1216 553 in
1250 517 1340 554 foro
1374 518 1426 553 de
1459 518 1519 561 iis,

100 589 168 637 qui
202 589 304 625 clam
337 588 379 625 in
412 588 624 636 colloquiis
650 587 825 624 hostium
850 587 1021 632 fuerant,
1058 588 1210 625 habuit.
1274 588 1402 637 Supra
1432 588 1563 637 sep-2

99 659 282 708 tuaginta
300 659 518 695 damnatos
536 658 780 707 proditionis
799 659 927 695 securi
946 659 1156 706 percussit,
1176 659 1368 707 bonaque
1384 670 1523 695 eorum

98 729 213 766 iussit
244 729 405 778 publica
437 729 576 778 populi
609 729 784 765 Romani
807 741 910 773 esse,
945 734 996 776 et,
1032 741 1188 766 summa
1211 742 1341 765 rerum
1365 727 1564 767 senatuiss

101 800 261 845 tradita,
291 811 380 837 cum
406 800 581 836 exercitu
607 799 717 836 omni
743 799 950 848 profectus
977 812 1098 848 supra
1123 800 1355 836 Suessulam
1384 799 1524 836 castris

99 871 242 919 positis
282 870 482 908 consedit.
560 870 709 907 Poenus
748 871 918 907 Acerras
957 871 1129 919 primum
1170 871 1224 906 ad
1256 868 1567 909 voluntariam4

99 941 355 978 deditionem
394 947 564 978 conatus
604 941 806 990 pellicere,
847 947 1065 989 postquam
1105 942 1333 977 obstinatos
1366 942 1408 977 in
1441 941 1524 977 fide

99 1012 222 1056 videt,
257 1011 447 1048 obsidere
480 1017 601 1060 atque
634 1023 874 1060 oppugnare
903 1017 1031 1060 parat.
1099 1011 1289 1048 Ceterum
1311 1011 1525 1048 Acerranis

98 1082 188 1131 plus
221 1082 343 1118 animi
376 1094 497 1131 quam
528 1082 667 1118 virium
700 1087 802 1125 erat;
836 1082 972 1130 itaque
1005 1083 1223 1131 desperata
1256 1083 1380 1118 tutela
1403 1080 1568 1125 urbis,5

98 1158 143 1189 ut
182 1152 468 1190 circumvallari
500 1152 651 1189 moenia
683 1152 882 1196 viderunt,
924 1153 1159 1202 priusquam
1193 1153 1526 1190 continuarentur

101 1223 277 1260 hostium
302 1235 441 1272 opera,
471 1235 543 1271 per
565 1222 793 1259 intermissa
811 1223 1062 1260 munimenta
1081 1224 1372 1272 neglectasque
1392 1229 1525 1260 custo-

99 1293 189 1330 dias
223 1294 382 1330 silentio
415 1293 546 1330 noctis
575 1294 733 1342 dilapsi,
768 1306 839 1342 per
866 1294 949 1330 vias
977 1294 1178 1342 inviaque,
1214 1306 1293 1342 qua
1323 1305 1523 1342 quemque
1542 1293 1567 1333 6

101 1370 170 1401 aut
198 1364 410 1401 consilium
437 1369 507 1400 aut
533 1376 642 1400 error
670 1364 768 1408 tulit,
803 1364 843 1401 in
868 1366 987 1401 urbes
1014 1364 1263 1414 Campaniae,
1299 1376 1399 1413 quas
1430 1365 1525 1401 satis

100 1441 255 1472 certum
286 1440 372 1471 erat
402 1446 488 1471 non
519 1440 698 1472 mutasse
730 1435 866 1479 fidem,
901 1435 1177 1484 perfugerunt.

220 1505 442 1550 Hannibal,
470 1505 626 1542 Acerris
645 1506 813 1555 direptis
832 1512 953 1555 atque
971 1506 1162 1550 incensis,
1189 1518 1311 1555 quum
1331 1519 1353 1542 a
1374 1505 1526 1543 Casino
1544 1505 1566 1545 7

104 1576 346 1613 dictatorem
369 1577 599 1612 Romanum
624 1577 890 1625 legionesque
915 1580 935 1622 ἦ·
960 1576 1077 1613 nimis
1102 1577 1232 1625 accipi
1257 1578 1526 1622 nuntiassent,

102 1660 156 1684 ne
173 1647 285 1695 quid,
311 1653 394 1684 tam
411 1647 648 1695 propinquis
667 1647 842 1684 hostium
861 1648 1014 1692 castris,
1036 1646 1188 1696 Capuae
1207 1660 1370 1696 quoque
1391 1660 1527 1684 move-

103 1722 223 1762 retur,
258 1717 476 1755 exercitum
504 1718 557 1754 ad
581 1717 802 1754 Casilinum
834 1718 958 1755 ducit.
1024 1717 1246 1754 Casilinum
1269 1731 1319 1755 eo
1344 1724 1527 1768 tempore
1544 1720 1568 1758 8

103 1787 314 1836 quingenti
332 1788 568 1825 Praenestini
594 1789 801 1825 habebant
824 1801 915 1825 cum
939 1789 1079 1838 paucis
1099 1789 1295 1826 Romanis
1314 1789 1530 1838 Latinique

103 1858 295 1904 nominis,
320 1870 423 1906 quos
441 1860 590 1896 eodem
608 1859 747 1896 audita
767 1858 996 1896 Cannensis
1015 1860 1154 1896 clades
1173 1861 1411 1898 contulerat.
1461 1860 1528 1905 Hi,
1545 1857 1570 1898 9

104 1940 190 1965 non
214 1929 405 1966 confecto
427 1930 632 1967 Praeneste
655 1931 710 1967 ad
733 1930 841 1966 diem
866 1930 1029 1974 dilectu,
1059 1930 1184 1967 serius
1207 1931 1380 1978 profecti
1404 1932 1530 1968 domo

105 2010 230 2047 quum
249 1998 470 2036 Casilinum
495 2006 591 2037 ante
609 2001 758 2037 famam
777 2001 958 2037 adversae
976 2012 1125 2049 pugnae
1143 2000 1349 2038 venissent
1367 2008 1419 2046 et,
1445 2001 1531 2038 aliis

107 2070 423 2118 aggregantibus
463 2083 553 2108 sese
585 2071 782 2108 Romanis
823 2072 1040 2119 sociisque,
1082 2071 1255 2120 profecti
1295 2084 1317 2108 a
1351 2071 1531 2109 Casilino

107 2152 231 2188 quum
261 2140 356 2177 satis
384 2153 536 2190 magno
569 2142 731 2190 agmine
759 2142 875 2187 irent,
910 2141 1052 2178 avertit
1079 2153 1152 2178 eos
1175 2146 1282 2179 retro
1310 2141 1531 2179 Casilinum

107 2210 271 2248 nuntius
301 2210 529 2248 Cannensis
561 2224 722 2261 pugnae.
784 2212 844 2248 Ibi
877 2225 999 2261 quum
1033 2212 1121 2249 dies
1154 2213 1320 2261 aliquot,
1356 2213 1532 2262 suspecti
1550 2211 1603 2251 10

108 2280 330 2331 Campanis
355 2282 638 2330 timentesque,
667 2283 861 2320 cavendis
886 2295 934 2320 ac
952 2283 1155 2320 struendis
1173 2283 1214 2320 in
1231 2283 1360 2321 vicem
1377 2283 1532 2320 insidiis

109 2352 396 2397 traduxissent,
416 2357 458 2388 ut
471 2353 523 2388 de
538 2344 690 2401 Capu'ae
705 2353 940 2390 defectione
953 2353 1019 2403 agi
1035 2354 1246 2403 accipique
1259 2354 1532 2390 Hannibalem

109 2422 208 2459 satis
239 2434 313 2471 pro
347 2427 458 2460 certo
491 2423 684 2468 habuere,
719 2424 941 2461 interfectis
963 2430 1086 2461 nocte
1109 2425 1343 2473 oppidanis,
1377 2430 1531 2473 partem

110 2493 231 2538 urbis,
260 2505 349 2542 quae
374 2493 430 2530 cis
454 2492 695 2531 Vulturnum
721 2499 782 2531 est
808 2492 874 2545 (eo
901 2495 1007 2531 enim
1033 2495 1222 2531 dividitur
1247 2492 1383 2544 amni),
1414 2506 1533 2531 occu-

111 2575 271 2612 pavere,
305 2563 429 2612 idque
462 2565 637 2614 praesidii
672 2564 837 2602 Casilini
870 2566 1079 2602 habebant
1107 2565 1295 2601 Romani.
1360 2564 1602 2604 Additurll

110 2638 151 2669 et
172 2633 366 2671 Perusina
399 2635 559 2677 cohors,
594 2636 780 2673 homines
813 2636 1101 2684 quadringenti
1125 2635 1349 2684 sexaginta,
1384 2636 1533 2672 eodem
