1789 2955
287 99 340 137 60

790 974 973 1020 Liber
1010 973 1213 1020 XXVU.

282 1116 393 1197 Hic
411 1162 537 1198 status
554 1174 686 1198 rerum
706 1161 747 1197 in
765 1161 965 1210 Hispania
983 1164 1080 1200 erat.
1128 1161 1176 1198 In
1193 1161 1316 1198 Italia
1333 1161 1470 1198 consul
1486 1160 1720 1208 Marcellus,

283 1230 448 1282 Salapia
493 1246 564 1282 per
608 1234 877 1283 proditionem
921 1237 1092 1283 recepta,
1137 1233 1383 1271 Marmoreas
1421 1237 1460 1271 et
1496 1233 1624 1271 Meles
1669 1233 1716 1271 de

239 1307 260 1342 ἰ)
282 1303 529 1342 Samnitibus
559 1306 599 1343 vi
631 1306 746 1356 cepit.
808 1305 876 1343 Ad
908 1306 987 1344 tria
1018 1306 1148 1343 millia
1179 1307 1350 1344 militum
1382 1307 1438 1344 ibi
1461 1305 1718 1352 Hannibalis,

282 1390 370 1426 quae
396 1377 576 1426 praesidii
605 1391 724 1416 causa
749 1378 891 1415 relicta
915 1382 1039 1426 erant,
1064 1392 1268 1428 oppressa;
1294 1379 1430 1429 praeda
1453 1376 1511 1430 (et
1537 1378 1716 1428 aliquan-

279 1451 364 1486 tum
396 1450 481 1487 eius
512 1450 604 1501 fuit)
644 1451 765 1488 militi
797 1464 992 1489 concessa,
1056 1451 1201 1488 Tritici
1231 1465 1388 1501 quoque
1420 1452 1591 1489 ducenta
1622 1464 1716 1500 qua-

281 1520 468 1570 draginta
491 1523 619 1560 millia
643 1523 819 1560 modium
845 1526 884 1559 et
906 1526 1062 1560 centum
1088 1523 1223 1560 decem
1239 1523 1366 1561 millia
1382 1524 1522 1560 hordei
1539 1524 1713 1561 inventa.

236 1596 259 1634 3
280 1592 468 1631 Ceterum
498 1607 748 1645 nequaquam
782 1595 876 1632 inde
898 1598 1054 1632 tantum
1079 1595 1271 1643 gaudium
1293 1596 1379 1642 fuit,
1411 1599 1560 1645 quanta
1583 1595 1718 1633 clades

280 1665 388 1703 intra
426 1679 574 1716 paucos
616 1666 700 1704 dies
740 1671 905 1716 accepta
943 1670 1003 1705 est
1039 1667 1145 1704 haud
1181 1668 1322 1717 procul
1352 1667 1570 1705 Herdonea
1605 1668 1716 1705 urbe.

235 1740 261 1776 4
280 1737 422 1775 Castra
447 1739 506 1776 ibi
532 1738 602 1776 Cn.
619 1739 790 1776 Fulvius
816 1740 1031 1788 proconsul
1058 1739 1234 1777 habebat
1257 1754 1326 1789 spe
1350 1740 1589 1790 recipiendae
1613 1740 1717 1777 Her-

280 1810 428 1858 doneae,
475 1825 563 1861 quae
603 1816 695 1862 post
726 1811 974 1850 Cannensem
1016 1812 1170 1850 cladem
1201 1812 1250 1849 ab
1282 1812 1474 1850 Romanis
1505 1813 1717 1859 defecerat,

237 1884 260 1920 5
279 1896 351 1920 nec
384 1883 472 1921 loco
499 1884 596 1922 satis
620 1888 708 1922 tuto
735 1885 865 1935 posita
886 1899 958 1922 nee
982 1884 1180 1934 praesidiis
1203 1884 1370 1922 firmata.
1416 1885 1715 1934 Negligentiam

281 1955 443 1992 insitam
468 1956 631 2005 ingenio
657 1957 767 1994 ducis
791 1957 964 2006 augebat
987 1970 1076 2006 spes
1102 1971 1158 2002 ea,
1183 1957 1290 2006 quod
1308 1957 1444 1994 labare
1460 1958 1508 1995 iis
1526 1957 1717 1996 adversus

280 2026 450 2065 Poenum
491 2029 608 2066 fidem
647 2033 836 2077 senserat,
881 2033 1094 2079 postquam
1126 2028 1288 2079 Salapia
1328 2029 1473 2067 amissa
1503 2030 1716 2067 excessisse

238 2099 328 2136 ssiis
360 2099 459 2137 locis
491 2101 531 2138 in
561 2101 747 2139 Bruttios
764 2102 1038 2139 Hannibalem
1071 2101 1251 2138 auditum
1284 2105 1354 2140 est.
1416 2101 1476 2139 Ea
1507 2102 1640 2139 omnia
1665 2103 1715 2140 ab

280 2170 497 2210 Herdonea
528 2187 598 2223 per
630 2175 808 2211 occultos
840 2176 1004 2212 nuntios
1037 2174 1168 2212 delata
1192 2174 1413 2212 Hannibali
1438 2174 1555 2212 simul
1581 2187 1715 2212 curam

281 2244 397 2281 soeiae
429 2245 647 2283 retinendae
678 2246 788 2284 urbis
821 2251 861 2283 et
887 2261 996 2297 spem
1020 2248 1149 2285 fecere
1174 2247 1377 2284 incautum
1399 2247 1550 2284 hostem
1575 2260 1714 2296 aggre-

282 2316 432 2354 diendi.
493 2317 686 2355 Exercitu
718 2318 917 2367 expedito,
962 2320 1018 2356 ita
1055 2323 1099 2356 ut
1136 2319 1280 2357 famam
1311 2333 1435 2369 prope
1466 2319 1715 2369 praeveniret,

280 2389 436 2438 magnis
453 2390 669 2428 itineribus
687 2390 738 2428 ad
755 2391 1010 2428 Herdoneam
1029 2392 1247 2437 contendit,
1273 2395 1313 2429 et
1336 2405 1414 2441 quo
1441 2391 1532 2441 plus
1549 2392 1714 2429 terroris

238 2462 258 2496 7
277 2461 384 2498 hosti
412 2463 616 2510 obiiceret,
649 2463 733 2500 acie
760 2463 955 2500 instructa
979 2463 1156 2500 accessit.
1202 2463 1284 2500 Par
1307 2463 1473 2501 audacia
1496 2463 1713 2511 Romanus,

280 2534 448 2571 consilio
496 2539 534 2572 et
579 2535 733 2572 viribus
778 2535 917 2585 impar,
964 2536 1089 2585 copiis
1135 2535 1280 2584 raptim
1327 2535 1482 2572 eductis
1524 2536 1714 2574 conflixit.

236 2606 260 2641 8
279 2605 430 2652 Quinta
463 2607 569 2656 legio
602 2612 640 2644 et
663 2608 827 2645 sinistra
857 2608 920 2644 ala
944 2607 1091 2644 acriter
1116 2620 1290 2656 pugnam
1317 2608 1513 2654 inie1·unt;
1540 2612 1713 2645 ceterum

279 2677 500 2726 Hannibal,
546 2679 661 2728 signo
701 2680 903 2729 equitibus
945 2678 1051 2725 dato,
1097 2683 1151 2726 ut,
1198 2693 1319 2729 quum
1360 2681 1563 2729 pedestres
1610 2680 1713 2718 acies
