1789 2955
482 92 598 127 Liber
623 91 792 127 XXVII.
842 94 901 136 (A.
929 90 993 125 ch.
1018 90 1111 135 207.)
1438 93 1517 131 113

84 220 192 259 haud
237 233 322 258 cum
367 221 505 269 ignoto
552 232 639 256 eum
686 219 785 256 duce
818 218 861 258 C.
894 217 1052 257 Nerone
1100 230 1415 267 congressurum,
1449 216 1518 255 sed

84 306 224 343 quem,
269 292 311 329 in
356 292 461 329 saltu
492 291 687 341 impedito
719 290 936 341 deprensus
975 291 1090 337 forte,
1120 289 1225 327 haud
1256 303 1367 327 secus
1399 301 1518 339 quam

91 377 260 415 puerum
277 362 575 402 conscribendis
597 362 809 400 fallacibus
835 362 1136 400 condicionibus
1160 362 1269 411 pacis
1300 361 1517 399 frustratus

85 436 282 473 elusisset.
329 434 474 473 Omnia
505 435 656 472 maiora
679 435 799 472 etiam
822 447 916 471 vero
940 434 1128 483 praesidia
1150 433 1336 478 hostium,
1367 432 1522 469 minora
1543 432 1593 469 10

86 521 172 555 sua,
201 510 309 545 metu
332 507 562 557 interprete,
592 519 747 556 semper
770 506 812 543 in
838 505 1038 544 deteriora
1070 506 1272 551 inclinato,
1305 503 1517 542 ducebant.

200 578 308 618 Nero
339 582 551 629 postquam
584 580 661 616 iam
690 581 847 616 tantum
879 578 1084 615 intervalli
1123 577 1172 614 ab
1218 577 1329 613 hoste
1360 576 1520 621 fecerat,
1607 573 1666 623 45

88 653 133 687 ut
150 651 283 700 detegi
315 651 528 689 consilium
555 652 650 689 satis
666 653 797 688 tutum
822 653 935 697 esset,
966 649 1105 699 paucis
1122 648 1270 686 milites
1288 646 1519 696 alloquitur.

85 722 218 771 Negat
246 723 368 761 ullius
400 723 610 761 consilium
650 723 902 773 imperatoris
948 722 987 758 in
1020 721 1191 770 speciem
1223 719 1432 765 audacius,
1477 731 1520 755 re
1539 722 1561 758 2

88 794 177 844 ipsa
205 795 331 832 tutius
361 794 484 832 fuisse
516 809 634 845 quam
665 808 790 833 suum.
852 794 922 832 Ad
961 796 1106 831 certam
1139 806 1204 829 eos
1237 805 1277 829 se
1307 790 1519 828 victoriam

92 865 252 913 ducere;
288 867 455 916 quippe,
488 867 537 904 ad
569 867 676 916 quod
708 867 857 904 bellum
891 866 1047 914 collega
1077 878 1158 902 non
1189 867 1291 910 ante,
1323 875 1440 912 quam
1473 861 1523 898 ad
1543 862 1566 898 3

89 937 314 976 satietatem
345 939 470 988 ipsius
500 939 679 989 peditum
704 942 823 988 atque
849 938 1025 988 equitum
1043 937 1146 974 datae
1171 936 1220 973 ab
1238 938 1377 973 senatu
1395 933 1520 983 copiae

91 1009 278 1060 fuissent,
311 1011 480 1049 maiores
511 1011 887 1060 instructioresque,
920 1022 1038 1059 quam
1084 1008 1117 1045 si
1162 1007 1352 1045 adversus
1390 1006 1519 1055 ipsum

93 1081 363 1120 Hannibalem
405 1083 498 1129 iret,
544 1083 745 1133 profectus
777 1083 848 1130 sit,
894 1096 938 1119 eo
986 1080 1064 1130 ipsi
1105 1080 1138 1117 si
1170 1081 1520 1129 quantumcunque

88 1153 237 1191 virium
254 1158 496 1192 momentum
513 1154 753 1201 addiderint,
765 1168 846 1192 rem
861 1167 1014 1192 omnem
1027 1152 1302 1190 inclinaturos.
1326 1149 1526 1188 Auditum
1544 1149 1568 1185 4

89 1225 205 1263 modo
237 1226 277 1263 in
309 1227 391 1263 acie
424 1226 531 1276 (nam
561 1240 610 1263 ne
643 1230 734 1264 ante
766 1226 963 1272 audiatur,
995 1225 1182 1262 daturum
1209 1224 1400 1273 operam),
1423 1221 1519 1259 alte-

87 1311 174 1335 rum
207 1299 407 1336 consulem
439 1301 480 1335 et
516 1299 684 1335 alterum
716 1298 936 1336 exercitum
968 1296 1187 1345 advenisse,
1220 1294 1328 1332 haud
1360 1293 1521 1330 dubiam

93 1370 303 1408 victoriam
334 1371 543 1409 facturum.
605 1370 768 1408 Famam
792 1370 943 1408 bellum
977 1368 1182 1415 conficere,
1217 1370 1256 1404 et
1286 1379 1411 1416 parva
1442 1377 1525 1401 mo-
1544 1362 1568 1399 5

88 1445 222 1480 menta
251 1443 292 1480 in
324 1456 432 1492 spem
463 1445 690 1492 metumque
723 1442 929 1492 impellere
962 1442 1125 1479 animos.
1179 1438 1330 1476 Gloriae
1362 1436 1522 1487 quidem

91 1527 140 1552 ex
171 1528 214 1552 re
243 1515 343 1552 bene
375 1517 489 1564 gesta
518 1517 643 1564 partae
674 1514 847 1551 fructum
870 1526 996 1563 prope
1022 1525 1176 1550 omnem
1209 1511 1317 1560 ipsos
1349 1510 1521 1553 laturos3

93 1600 260 1637 semper,
292 1587 396 1636 quod
428 1589 672 1636 postremum
705 1586 906 1622 adiectum
937 1585 1008 1631 sit,
1055 1584 1095 1620 id
1126 1597 1209 1620 rem
1239 1584 1365 1619 totam
1396 1579 1568 1617 viderie}

90 1659 273 1696 traxisse.
319 1657 492 1696 Cernere
523 1658 642 1708 ipsos,
675 1670 752 1706 quo
786 1669 990 1701 concursu,
1021 1668 1099 1705 qua
1131 1653 1410 1692 admiratione.
1443 1664 1522 1701 quo

89 1733 226 1770 favore
248 1731 452 1768 hominum
469 1730 546 1767 iter
569 1742 680 1767 suum
709 1728 946 1766 celebretur.
994 1727 1047 1764 Et
1063 1726 1227 1764 hercule
1245 1739 1315 1775 per
1333 1726 1530 1762 instructa
1548 1723 1570 1759 7

90 1804 225 1841 omnia
251 1802 460 1840 ordinibus
482 1802 660 1839 virorum
686 1801 976 1849 mulierumque
1008 1799 1186 1848 undique
1212 1811 1259 1834 ex
1290 1796 1398 1846 agris
1429 1795 1523 1833 effu-

89 1889 235 1922 sorum,
267 1875 372 1911 inter
401 1876 496 1912 vota
526 1887 570 1911 ac
603 1886 740 1923 preces
773 1876 811 1910 et
848 1871 987 1908 laudes
1019 1870 1144 1908 ibant.
1204 1869 1304 1906 Illos
1336 1867 1525 1918 praesidia

88 1948 148 1986 rei
177 1946 362 1998 publicae,
393 1945 572 1983 vindices
603 1945 715 1982 urbis
745 1944 936 1981 Romanae
974 1941 1215 1992 imperiique
1247 1941 1524 1991 appellabant;

98 2020 141 2058 in
158 2020 320 2057 illorum
343 2018 465 2056 armis
482 2017 715 2067 dextrisque
732 2029 842 2054 suam
859 2015 1159 2064 liberorumque
1176 2026 1338 2051 suorum
1355 2012 1523 2049 salutem

91 2105 136 2130 ac
167 2091 396 2129 libertatem
425 2089 640 2139 repositam
688 2102 785 2128 esse.
846 2088 956 2125 Deos
1001 2099 1136 2124 omnes
1182 2085 1356 2134 deasque
1386 2088 1569 2134 preca-8

91 2165 258 2210 bantur,
287 2165 332 2199 ut
363 2161 447 2199 illis
464 2162 638 2198 faustum
655 2161 748 2207 iter,
779 2160 875 2197 felix
892 2172 1041 2209 pugna.
1075 2162 1231 2196 matura
1262 2170 1309 2193 ex
1340 2156 1524 2194 hostibus

88 2235 257 2274 victoria
288 2237 409 2281 esset,
455 2233 819 2282 damnarenturque
864 2232 941 2282 ipsi
985 2233 1187 2277 votorum,
1227 2241 1315 2278 quae
1360 2241 1432 2277 pro
1475 2227 1524 2263 iis

96 2306 378 2357 suscepissent,
406 2307 463 2352 ut,
493 2304 828 2354 quemadmodum
859 2317 963 2340 nunc
995 2301 1159 2340 solliciti
1189 2302 1526 2350 prosequerentur
1548 2303 1570 2337 9

96 2392 174 2426 eos,
205 2378 261 2416 ita
290 2391 437 2428 paucos
467 2380 559 2427 post
589 2376 672 2414 dies
696 2376 779 2414 laeti
805 2375 1018 2414 ovantibus
1042 2372 1213 2412 victoria
1230 2372 1386 2410 obviam
1411 2371 1525 2408 irent.

97 2450 278 2489 Invitare
309 2449 403 2487 inde
432 2462 506 2499 pro
537 2461 578 2487 se
611 2448 779 2498 quisque
816 2451 856 2485 et
887 2447 1027 2484 offerre
1059 2449 1097 2483 et
1127 2444 1298 2493 fatigare
1328 2443 1528 2493 precibus,
1550 2441 1601 2478 10

96 2527 153 2570 ut,
183 2535 271 2572 quae
302 2521 402 2572 ipsis
425 2521 691 2570 iumentisque
722 2523 807 2558 usui
833 2522 974 2565 essent,
1006 2518 1054 2555 ab
1072 2531 1114 2555 se
1131 2516 1382 2566 potissimum
1399 2527 1524 2552 sume-

98 2597 206 2640 rent3
235 2593 406 2643 benigne
423 2593 557 2631 omnia
582 2593 781 2630 cumulata
805 2592 912 2631 dare.
959 2588 1161 2626 Modestia
1187 2591 1341 2625 certare
1373 2586 1533 2632 milites,
1553 2584 1602 2623 11

97 2679 146 2703 ne
177 2665 275 2716 quid
304 2665 411 2703 ultra
440 2677 553 2702 usum
585 2664 847 2702 necessarium
881 2664 1099 2706 sumerent;
1130 2659 1233 2697 nihil
1264 2658 1424 2704 morari,
1455 2671 1526 2694 nec

163 2736 268 2762 Livius
288 2743 325 2762 ex
344 2743 400 2761 rec.
421 2734 573 2766 Madvigii.
610 2735 662 2760 IV.
1231 2729 1252 2762 8
