<?xml version="1.0" encoding="UTF-8"?>
<!DOCTYPE html PUBLIC "-//W3C//DTD XHTML 1.0 Transitional//EN"
    "http://www.w3.org/TR/xhtml1/DTD/xhtml1-transitional.dtd">
<html xmlns="http://www.w3.org/1999/xhtml" xml:lang="en" lang="en">
 <head>
  <title>
</title>
<meta http-equiv="Content-Type" content="text/html;charset=utf-8" />
  <meta name='ocr-system' content='tesseract 3.04.00' />
  <meta name='ocr-capabilities' content='ocr_page ocr_carea ocr_par ocr_line ocrx_word'/>
</head>
<body>
  <div class='ocr_page' id='page_1' title='image "./historiarumroman02livyuoft_0550.png"; bbox 0 0 1789 2955; ppageno 0'>
   <div class='ocr_carea' id='block_1_1' title="bbox 265 82 1309 129">
    <p class='ocr_par' dir='ltr' id='par_1_1' title="bbox 265 82 1309 129">
     <span class='ocr_line' id='line_1_1' title="bbox 265 82 1309 129; baseline 0 -8"><span class='ocrx_word' id='word_1_1' title='bbox 265 85 348 122; x_wconf 81' lang='lat'><strong>220</strong></span> <span class='ocrx_word' id='word_1_2' title='bbox 674 82 789 117; x_wconf 82' lang='lat' dir='ltr'><strong>Liber</strong></span> <span class='ocrx_word' id='word_1_3' title='bbox 814 82 958 118; x_wconf 87' lang='lat' dir='ltr'>XXIX.</span> <span class='ocrx_word' id='word_1_4' title='bbox 1009 85 1069 128; x_wconf 82' lang='lat' dir='ltr'><strong>(A.</strong></span> <span class='ocrx_word' id='word_1_5' title='bbox 1097 97 1131 120; x_wconf 89' lang='lat' dir='ltr'><strong>u.</strong></span> <span class='ocrx_word' id='word_1_6' title='bbox 1157 96 1187 122; x_wconf 85' lang='lat' dir='ltr'><strong>e.</strong></span> <span class='ocrx_word' id='word_1_7' title='bbox 1212 86 1309 129; x_wconf 85' lang='lat'><strong>550.)</strong></span> 
     </span>
    </p>
   </div>
   <div class='ocr_carea' id='block_1_2' title="bbox 120 208 1703 2704">
    <p class='ocr_par' dir='ltr' id='par_1_2' title="bbox 264 208 1697 332">
     <span class='ocr_line' id='line_1_2' title="bbox 264 208 1697 262; baseline 0.004 -17"><span class='ocrx_word' id='word_1_8' title='bbox 264 209 392 246; x_wconf 89' lang='lat' dir='ltr'><strong>medio</strong></span> <span class='ocrx_word' id='word_1_9' title='bbox 424 208 624 257; x_wconf 86' lang='lat' dir='ltr'><strong>legionum</strong></span> <span class='ocrx_word' id='word_1_10' title='bbox 661 210 800 247; x_wconf 88' lang='lat' dir='ltr'><strong>castris</strong></span> <span class='ocrx_word' id='word_1_11' title='bbox 819 210 1028 260; x_wconf 83' lang='lat' dir='ltr'><strong>impositis,</strong></span> <span class='ocrx_word' id='word_1_12' title='bbox 1060 212 1166 249; x_wconf 84' lang='lat' dir='ltr'><strong>latus</strong></span> <span class='ocrx_word' id='word_1_13' title='bbox 1192 212 1240 250; x_wconf 84' lang='lat' dir='ltr'><strong>ad</strong></span> <span class='ocrx_word' id='word_1_14' title='bbox 1274 213 1585 262; x_wconf 70' lang='lat' dir='ltr'><strong>septentrionem</strong></span> <span class='ocrx_word' id='word_1_15' title='bbox 1611 226 1697 250; x_wconf 89' lang='lat' dir='ltr'><strong>ver-</strong></span> 
     </span>
     <span class='ocr_line' id='line_1_3' title="bbox 264 280 1697 332; baseline 0.004 -16"><span class='ocrx_word' id='word_1_16' title='bbox 264 293 348 317; x_wconf 88' lang='lat' dir='ltr'><strong>sum</strong></span> <span class='ocrx_word' id='word_1_17' title='bbox 380 280 588 318; x_wconf 81' lang='lat' dir='ltr'><strong>subductae</strong></span> <span class='ocrx_word' id='word_1_18' title='bbox 619 294 740 318; x_wconf 85' lang='lat' dir='ltr'><strong>naves</strong></span> <span class='ocrx_word' id='word_1_19' title='bbox 780 283 1021 332; x_wconf 83' lang='lat' dir='ltr'><strong>navalesque</strong></span> <span class='ocrx_word' id='word_1_20' title='bbox 1066 283 1164 321; x_wconf 90' lang='lat' dir='ltr'><strong>socii</strong></span> <span class='ocrx_word' id='word_1_21' title='bbox 1194 283 1403 330; x_wconf 85' lang='lat' dir='ltr'><strong>tenebant,</strong></span> <span class='ocrx_word' id='word_1_22' title='bbox 1434 285 1697 322; x_wconf 85' lang='lat' dir='ltr'><strong>meridianam</strong></span> 
     </span>
    </p>

    <p class='ocr_par' dir='ltr' id='par_1_3' title="bbox 197 351 1699 475">
     <span class='ocr_line' id='line_1_4' title="bbox 197 351 1699 405; baseline 0.003 -17"><span class='ocrx_word' id='word_1_23' title='bbox 197 351 245 388; x_wconf 85' lang='lat'><strong>15</strong></span> <span class='ocrx_word' id='word_1_24' title='bbox 264 352 408 389; x_wconf 89' lang='lat' dir='ltr'><strong>vallem</strong></span> <span class='ocrx_word' id='word_1_25' title='bbox 441 352 490 389; x_wconf 87' lang='lat' dir='ltr'><strong>ad</strong></span> <span class='ocrx_word' id='word_1_26' title='bbox 523 353 690 389; x_wconf 87' lang='lat' dir='ltr'><strong>alterum</strong></span> <span class='ocrx_word' id='word_1_27' title='bbox 723 353 820 391; x_wconf 88' lang='lat' dir='ltr'><strong>litus</strong></span> <span class='ocrx_word' id='word_1_28' title='bbox 852 353 1044 392; x_wconf 84' lang='lat' dir='ltr'><strong>devexam</strong></span> <span class='ocrx_word' id='word_1_29' title='bbox 1077 356 1288 405; x_wconf 71' lang='lat' dir='ltr'><strong>equitatus.</strong></span> <span class='ocrx_word' id='word_1_30' title='bbox 1351 356 1448 393; x_wconf 87' lang='lat' dir='ltr'><strong>Haec</strong></span> <span class='ocrx_word' id='word_1_31' title='bbox 1481 357 1523 393; x_wconf 91' lang='lat' dir='ltr'><strong>in</strong></span> <span class='ocrx_word' id='word_1_32' title='bbox 1554 356 1699 394; x_wconf 87' lang='lat' dir='ltr'><strong>Africa</strong></span> 
     </span>
     <span class='ocr_line' id='line_1_5' title="bbox 263 423 1082 475; baseline 0.007 -16"><span class='ocrx_word' id='word_1_33' title='bbox 263 436 387 472; x_wconf 87' lang='lat' dir='ltr'><strong>usque</strong></span> <span class='ocrx_word' id='word_1_34' title='bbox 418 423 467 460; x_wconf 89' lang='lat' dir='ltr'><strong>ad</strong></span> <span class='ocrx_word' id='word_1_35' title='bbox 500 426 717 461; x_wconf 82' lang='lat' dir='ltr'><strong>extremum</strong></span> <span class='ocrx_word' id='word_1_36' title='bbox 748 427 928 463; x_wconf 81' lang='lat' dir='ltr'><strong>autumni</strong></span> <span class='ocrx_word' id='word_1_37' title='bbox 959 430 1082 475; x_wconf 84' lang='lat' dir='ltr'><strong>gesta.</strong></span> 
     </span>
    </p>

    <p class='ocr_par' dir='ltr' id='par_1_4' title="bbox 120 490 1698 692">
     <span class='ocr_line' id='line_1_6' title="bbox 120 490 1698 548; baseline 0.004 -18"><span class='ocrx_word' id='word_1_38' title='bbox 120 490 175 539; x_wconf 81' lang='grc'><strong>36</strong></span> <span class='ocrx_word' id='word_1_39' title='bbox 377 494 533 532; x_wconf 83' lang='lat' dir='ltr'><strong>Praeter</strong></span> <span class='ocrx_word' id='word_1_40' title='bbox 565 499 797 534; x_wconf 84' lang='lat' dir='ltr'><strong>convectum</strong></span> <span class='ocrx_word' id='word_1_41' title='bbox 829 499 1008 548; x_wconf 89' lang='lat' dir='ltr'><strong>undique</strong></span> <span class='ocrx_word' id='word_1_42' title='bbox 1041 512 1089 536; x_wconf 82' lang='lat' dir='ltr'><strong>ex</strong></span> <span class='ocrx_word' id='word_1_43' title='bbox 1118 499 1321 548; x_wconf 86' lang='lat' dir='ltr'><strong>populatis</strong></span> <span class='ocrx_word' id='word_1_44' title='bbox 1348 499 1455 536; x_wconf 86' lang='lat' dir='ltr'><strong>circa</strong></span> <span class='ocrx_word' id='word_1_45' title='bbox 1481 499 1589 548; x_wconf 84' lang='lat' dir='ltr'><strong>agris</strong></span> <span class='ocrx_word' id='word_1_46' title='bbox 1617 499 1698 536; x_wconf 84' lang='lat' dir='ltr'><strong>fru-</strong></span> 
     </span>
     <span class='ocr_line' id='line_1_7' title="bbox 263 569 1697 620; baseline 0.005 -18"><span class='ocrx_word' id='word_1_47' title='bbox 263 570 439 603; x_wconf 79' lang='lat' dir='ltr'><strong>mentum</strong></span> <span class='ocrx_word' id='word_1_48' title='bbox 472 571 791 618; x_wconf 81' lang='lat' dir='ltr'><strong>commeatusque</strong></span> <span class='ocrx_word' id='word_1_49' title='bbox 831 584 877 607; x_wconf 86' lang='lat' dir='ltr'><strong>ex</strong></span> <span class='ocrx_word' id='word_1_50' title='bbox 909 569 1047 607; x_wconf 79' lang='lat' dir='ltr'><strong>Sicilia</strong></span> <span class='ocrx_word' id='word_1_51' title='bbox 1086 574 1206 620; x_wconf 87' lang='lat' dir='ltr'><strong>atque</strong></span> <span class='ocrx_word' id='word_1_52' title='bbox 1238 570 1363 608; x_wconf 88' lang='lat' dir='ltr'><strong>Italia</strong></span> <span class='ocrx_word' id='word_1_53' title='bbox 1395 571 1595 618; x_wconf 85' lang='lat' dir='ltr'><strong>advectos,</strong></span> <span class='ocrx_word' id='word_1_54' title='bbox 1627 571 1697 609; x_wconf 89' lang='lat' dir='ltr'><strong>Cn.</strong></span> 
     </span>
     <span class='ocr_line' id='line_1_8' title="bbox 265 636 1698 692; baseline 0.004 -18"><span class='ocrx_word' id='word_1_55' title='bbox 265 636 455 675; x_wconf 88' lang='lat' dir='ltr'><strong>Octavius</strong></span> <span class='ocrx_word' id='word_1_56' title='bbox 500 643 725 689; x_wconf 85' lang='lat' dir='ltr'><strong>propraetor</strong></span> <span class='ocrx_word' id='word_1_57' title='bbox 771 655 819 678; x_wconf 83' lang='lat' dir='ltr'><strong>ex</strong></span> <span class='ocrx_word' id='word_1_58' title='bbox 867 640 1054 679; x_wconf 84' lang='lat' dir='ltr'><strong>Sardinia</strong></span> <span class='ocrx_word' id='word_1_59' title='bbox 1104 642 1154 679; x_wconf 90' lang='lat' dir='ltr'><strong>ab</strong></span> <span class='ocrx_word' id='word_1_60' title='bbox 1202 642 1265 681; x_wconf 83' lang='lat' dir='ltr'><strong>Ti.</strong></span> <span class='ocrx_word' id='word_1_61' title='bbox 1299 642 1469 680; x_wconf 84' lang='lat' dir='ltr'><strong>Claudio</strong></span> <span class='ocrx_word' id='word_1_62' title='bbox 1515 646 1698 692; x_wconf 79' lang='lat' dir='ltr'><strong>praetore,</strong></span> 
     </span>
    </p>

    <p class='ocr_par' dir='ltr' id='par_1_5' title="bbox 221 709 1701 979">
     <span class='ocr_line' id='line_1_9' title="bbox 221 709 1697 762; baseline 0.003 -15"><span class='ocrx_word' id='word_1_63' title='bbox 221 713 243 747; x_wconf 78' lang='lat'><strong>‘2</strong></span> <span class='ocrx_word' id='word_1_64' title='bbox 263 709 374 746; x_wconf 82' lang='lat' dir='ltr'><strong>cuius</strong></span> <span class='ocrx_word' id='word_1_65' title='bbox 407 723 450 746; x_wconf 88' lang='lat' dir='ltr'><strong>ea</strong></span> <span class='ocrx_word' id='word_1_66' title='bbox 482 711 691 760; x_wconf 84' lang='lat' dir='ltr'><strong>provincia</strong></span> <span class='ocrx_word' id='word_1_67' title='bbox 723 716 820 759; x_wconf 89' lang='lat' dir='ltr'><strong>erat,</strong></span> <span class='ocrx_word' id='word_1_68' title='bbox 854 714 1058 762; x_wconf 88' lang='lat' dir='ltr'><strong>ingentem</strong></span> <span class='ocrx_word' id='word_1_69' title='bbox 1084 714 1165 751; x_wconf 88' lang='lat' dir='ltr'><strong>vim</strong></span> <span class='ocrx_word' id='word_1_70' title='bbox 1181 715 1372 752; x_wconf 84' lang='lat' dir='ltr'><strong>frumenti</strong></span> <span class='ocrx_word' id='word_1_71' title='bbox 1396 715 1575 761; x_wconf 82' lang='lat' dir='ltr'><strong>advexit3</strong></span> <span class='ocrx_word' id='word_1_72' title='bbox 1607 715 1697 752; x_wconf 88' lang='lat' dir='ltr'><strong>hor-</strong></span> 
     </span>
     <span class='ocr_line' id='line_1_10' title="bbox 262 783 1701 836; baseline 0.006 -20"><span class='ocrx_word' id='word_1_73' title='bbox 262 793 412 830; x_wconf 89' lang='lat' dir='ltr'><strong>reaque</strong></span> <span class='ocrx_word' id='word_1_74' title='bbox 439 796 517 819; x_wconf 89' lang='lat' dir='ltr'><strong>non</strong></span> <span class='ocrx_word' id='word_1_75' title='bbox 544 783 673 820; x_wconf 84' lang='lat' dir='ltr'><strong>solum</strong></span> <span class='ocrx_word' id='word_1_76' title='bbox 698 797 752 831; x_wconf 81' lang='lat' dir='ltr'><strong>ea,</strong></span> <span class='ocrx_word' id='word_1_77' title='bbox 785 798 872 834; x_wconf 85' lang='lat' dir='ltr'><strong>quae</strong></span> <span class='ocrx_word' id='word_1_78' title='bbox 905 785 984 822; x_wconf 89' lang='lat' dir='ltr'><strong>iam</strong></span> <span class='ocrx_word' id='word_1_79' title='bbox 1011 786 1116 823; x_wconf 87' lang='lat' dir='ltr'><strong>facta</strong></span> <span class='ocrx_word' id='word_1_80' title='bbox 1143 789 1265 832; x_wconf 82' lang='lat' dir='ltr'><strong>erant,</strong></span> <span class='ocrx_word' id='word_1_81' title='bbox 1297 786 1463 836; x_wconf 81' lang='lat' dir='ltr'><strong>repleta,</strong></span> <span class='ocrx_word' id='word_1_82' title='bbox 1496 786 1566 824; x_wconf 89' lang='lat' dir='ltr'><strong>sed</strong></span> <span class='ocrx_word' id='word_1_83' title='bbox 1597 800 1701 825; x_wconf 89' lang='lat' dir='ltr'><strong>nova</strong></span> 
     </span>
     <span class='ocr_line' id='line_1_11' title="bbox 264 851 1700 904; baseline 0.005 -15"><span class='ocrx_word' id='word_1_84' title='bbox 264 851 473 892; x_wconf 72' lang='lat' dir='ltr'><strong>aedificata.</strong></span> <span class='ocrx_word' id='word_1_85' title='bbox 537 855 788 893; x_wconf 81' lang='lat' dir='ltr'><strong>Vestimenta</strong></span> <span class='ocrx_word' id='word_1_86' title='bbox 820 857 1014 894; x_wconf 86' lang='lat' dir='ltr'><strong>exercitui</strong></span> <span class='ocrx_word' id='word_1_87' title='bbox 1041 858 1228 904; x_wconf 83' lang='lat' dir='ltr'><strong>deerant;</strong></span> <span class='ocrx_word' id='word_1_88' title='bbox 1260 857 1301 894; x_wconf 82' lang='lat' dir='ltr'><strong>id</strong></span> <span class='ocrx_word' id='word_1_89' title='bbox 1332 858 1563 896; x_wconf 87' lang='lat' dir='ltr'><strong>mandatum</strong></span> <span class='ocrx_word' id='word_1_90' title='bbox 1581 857 1700 897; x_wconf 87' lang='lat' dir='ltr'><strong>Octa-</strong></span> 
     </span>
     <span class='ocr_line' id='line_1_12' title="bbox 263 923 1699 979; baseline 0.006 -19"><span class='ocrx_word' id='word_1_91' title='bbox 263 923 340 971; x_wconf 88' lang='lat' dir='ltr'><strong>vio,</strong></span> <span class='ocrx_word' id='word_1_92' title='bbox 371 928 415 962; x_wconf 90' lang='lat' dir='ltr'><strong>ut</strong></span> <span class='ocrx_word' id='word_1_93' title='bbox 447 939 533 963; x_wconf 79' lang='lat' dir='ltr'><strong>cnm</strong></span> <span class='ocrx_word' id='word_1_94' title='bbox 566 930 737 976; x_wconf 69' lang='lat' dir='ltr'><strong>praetore</strong></span> <span class='ocrx_word' id='word_1_95' title='bbox 770 932 924 978; x_wconf 81' lang='lat' dir='ltr'><strong>ageret,</strong></span> <span class='ocrx_word' id='word_1_96' title='bbox 957 929 989 966; x_wconf 82' lang='lat' dir='ltr'><strong>si</strong></span> <span class='ocrx_word' id='word_1_97' title='bbox 1021 929 1121 979; x_wconf 81' lang='lat' dir='ltr'><strong>quid</strong></span> <span class='ocrx_word' id='word_1_98' title='bbox 1162 943 1209 966; x_wconf 84' lang='lat' dir='ltr'><strong>ex</strong></span> <span class='ocrx_word' id='word_1_99' title='bbox 1257 944 1301 966; x_wconf 85' lang='lat' dir='ltr'><strong>ea</strong></span> <span class='ocrx_word' id='word_1_100' title='bbox 1344 931 1553 979; x_wconf 86' lang='lat' dir='ltr'><strong>provincia</strong></span> <span class='ocrx_word' id='word_1_101' title='bbox 1597 944 1699 969; x_wconf 87' lang='lat' dir='ltr'><strong>com-</strong></span> 
     </span>
    </p>

    <p class='ocr_par' dir='ltr' id='par_1_6' title="bbox 221 997 1700 1179">
     <span class='ocr_line' id='line_1_13' title="bbox 221 997 1700 1051; baseline 0.004 -17"><span class='ocrx_word' id='word_1_102' title='bbox 221 997 397 1045; x_wconf 81' lang='lat' dir='ltr'><strong>3parari</strong></span> <span class='ocrx_word' id='word_1_103' title='bbox 428 1011 472 1034; x_wconf 81' lang='lat' dir='ltr'><strong>ac</strong></span> <span class='ocrx_word' id='word_1_104' title='bbox 503 999 609 1035; x_wconf 84' lang='lat' dir='ltr'><strong>mitti</strong></span> <span class='ocrx_word' id='word_1_105' title='bbox 641 1004 785 1048; x_wconf 84' lang='lat' dir='ltr'><strong>posset.</strong></span> <span class='ocrx_word' id='word_1_106' title='bbox 833 1001 893 1038; x_wconf 85' lang='lat' dir='ltr'><strong>Ea</strong></span> <span class='ocrx_word' id='word_1_107' title='bbox 925 1015 1080 1051; x_wconf 88' lang='lat' dir='ltr'><strong>quoque</strong></span> <span class='ocrx_word' id='word_1_108' title='bbox 1113 1002 1220 1038; x_wconf 89' lang='lat' dir='ltr'><strong>haud</strong></span> <span class='ocrx_word' id='word_1_109' title='bbox 1253 1003 1428 1051; x_wconf 86' lang='lat' dir='ltr'><strong>segniter</strong></span> <span class='ocrx_word' id='word_1_110' title='bbox 1446 1005 1584 1040; x_wconf 85' lang='lat' dir='ltr'><strong>curata</strong></span> <span class='ocrx_word' id='word_1_111' title='bbox 1614 1016 1700 1050; x_wconf 83' lang='lat' dir='ltr'><strong>res;</strong></span> 
     </span>
     <span class='ocr_line' id='line_1_14' title="bbox 264 1067 1700 1122; baseline 0.006 -19"><span class='ocrx_word' id='word_1_112' title='bbox 264 1067 375 1104; x_wconf 86' lang='lat' dir='ltr'><strong>mille</strong></span> <span class='ocrx_word' id='word_1_113' title='bbox 407 1068 587 1107; x_wconf 85' lang='lat' dir='ltr'><strong>ducentae</strong></span> <span class='ocrx_word' id='word_1_114' title='bbox 618 1074 723 1121; x_wconf 89' lang='lat' dir='ltr'><strong>togae</strong></span> <span class='ocrx_word' id='word_1_115' title='bbox 755 1073 868 1110; x_wconf 89' lang='lat' dir='ltr'><strong>brevi</strong></span> <span class='ocrx_word' id='word_1_116' title='bbox 901 1074 1030 1122; x_wconf 88' lang='lat' dir='ltr'><strong>spat-io</strong></span> <span class='ocrx_word' id='word_1_117' title='bbox 1073 1076 1113 1109; x_wconf 85' lang='lat' dir='ltr'><strong>et</strong></span> <span class='ocrx_word' id='word_1_118' title='bbox 1145 1073 1357 1111; x_wconf 83' lang='lat' dir='ltr'><strong>duodecim</strong></span> <span class='ocrx_word' id='word_1_119' title='bbox 1388 1074 1517 1112; x_wconf 89' lang='lat' dir='ltr'><strong>millia</strong></span> <span class='ocrx_word' id='word_1_120' title='bbox 1547 1075 1700 1112; x_wconf 84' lang='lat' dir='ltr'><strong>tunica-</strong></span> 
     </span>
     <span class='ocr_line' id='line_1_15' title="bbox 263 1141 512 1179; baseline 0.012 -3"><span class='ocrx_word' id='word_1_121' title='bbox 263 1152 349 1178; x_wconf 87' lang='lat' dir='ltr'><strong>rum</strong></span> <span class='ocrx_word' id='word_1_122' title='bbox 382 1141 512 1179; x_wconf 83' lang='lat' dir='ltr'><strong>missa.</strong></span> 
     </span>
    </p>

    <p class='ocr_par' dir='ltr' id='par_1_7' title="bbox 221 1213 1702 1411">
     <span class='ocr_line' id='line_1_16' title="bbox 221 1213 1701 1267; baseline 0.004 -18"><span class='ocrx_word' id='word_1_123' title='bbox 221 1215 244 1250; x_wconf 84' lang='lat'><strong>4</strong></span> <span class='ocrx_word' id='word_1_124' title='bbox 378 1213 537 1251; x_wconf 71' lang='lat' dir='ltr'><strong>AEstate</strong></span> <span class='ocrx_word' id='word_1_125' title='bbox 569 1229 626 1261; x_wconf 89' lang='lat' dir='ltr'><strong>ea,</strong></span> <span class='ocrx_word' id='word_1_126' title='bbox 659 1229 738 1265; x_wconf 85' lang='lat' dir='ltr'><strong>qua</strong></span> <span class='ocrx_word' id='word_1_127' title='bbox 768 1216 851 1253; x_wconf 88' lang='lat' dir='ltr'><strong>haec</strong></span> <span class='ocrx_word' id='word_1_128' title='bbox 894 1217 933 1253; x_wconf 88' lang='lat' dir='ltr'><strong>in</strong></span> <span class='ocrx_word' id='word_1_129' title='bbox 966 1216 1110 1254; x_wconf 87' lang='lat' dir='ltr'><strong>Africa</strong></span> <span class='ocrx_word' id='word_1_130' title='bbox 1153 1221 1264 1265; x_wconf 83' lang='lat' dir='ltr'><strong>gesta</strong></span> <span class='ocrx_word' id='word_1_131' title='bbox 1302 1220 1405 1263; x_wconf 82' lang='lat' dir='ltr'><strong>sunt,</strong></span> <span class='ocrx_word' id='word_1_132' title='bbox 1439 1218 1484 1255; x_wconf 84' lang='lat' dir='ltr'><strong>P.</strong></span> <span class='ocrx_word' id='word_1_133' title='bbox 1517 1216 1701 1267; x_wconf 83' lang='lat' dir='ltr'><strong>Sempro-</strong></span> 
     </span>
     <span class='ocr_line' id='line_1_17' title="bbox 265 1282 1701 1338; baseline 0.006 -19"><span class='ocrx_word' id='word_1_134' title='bbox 265 1282 355 1320; x_wconf 87' lang='lat' dir='ltr'><strong>nius</strong></span> <span class='ocrx_word' id='word_1_135' title='bbox 387 1286 547 1336; x_wconf 73' lang='lat' dir='ltr'><strong>consul,</strong></span> <span class='ocrx_word' id='word_1_136' title='bbox 582 1288 646 1324; x_wconf 89' lang='lat' dir='ltr'><strong>cui</strong></span> <span class='ocrx_word' id='word_1_137' title='bbox 676 1288 833 1325; x_wconf 85' lang='lat' dir='ltr'><strong>Bruttii</strong></span> <span class='ocrx_word' id='word_1_138' title='bbox 865 1289 1071 1338; x_wconf 81' lang='lat' dir='ltr'><strong>provincia</strong></span> <span class='ocrx_word' id='word_1_139' title='bbox 1103 1292 1210 1334; x_wconf 87' lang='lat' dir='ltr'><strong>erat,</strong></span> <span class='ocrx_word' id='word_1_140' title='bbox 1243 1289 1282 1326; x_wconf 90' lang='lat' dir='ltr'><strong>in</strong></span> <span class='ocrx_word' id='word_1_141' title='bbox 1315 1303 1412 1338; x_wconf 87' lang='lat' dir='ltr'><strong>agro</strong></span> <span class='ocrx_word' id='word_1_142' title='bbox 1447 1289 1701 1328; x_wconf 79' lang='lat' dir='ltr'><strong>Crotoniensi</strong></span> 
     </span>
     <span class='ocr_line' id='line_1_18' title="bbox 265 1356 1702 1411; baseline 0.007 -21"><span class='ocrx_word' id='word_1_143' title='bbox 265 1367 351 1391; x_wconf 85' lang='lat' dir='ltr'><strong>cum</strong></span> <span class='ocrx_word' id='word_1_144' title='bbox 384 1356 616 1396; x_wconf 82' lang='lat' dir='ltr'><strong>Hannibale</strong></span> <span class='ocrx_word' id='word_1_145' title='bbox 656 1361 697 1396; x_wconf 88' lang='lat' dir='ltr'><strong>in</strong></span> <span class='ocrx_word' id='word_1_146' title='bbox 729 1361 815 1409; x_wconf 86' lang='lat' dir='ltr'><strong>ipso</strong></span> <span class='ocrx_word' id='word_1_147' title='bbox 855 1361 998 1398; x_wconf 86' lang='lat' dir='ltr'><strong>itinere</strong></span> <span class='ocrx_word' id='word_1_148' title='bbox 1029 1361 1292 1398; x_wconf 85' lang='lat' dir='ltr'><strong>tumultuario</strong></span> <span class='ocrx_word' id='word_1_149' title='bbox 1333 1361 1477 1411; x_wconf 81' lang='lat' dir='ltr'><strong>proelio</strong></span> <span class='ocrx_word' id='word_1_150' title='bbox 1510 1362 1702 1400; x_wconf 85' lang='lat' dir='ltr'><strong>conflixit.</strong></span> 
     </span>
    </p>

    <p class='ocr_par' dir='ltr' id='par_1_8' title="bbox 224 1427 1701 1554">
     <span class='ocr_line' id='line_1_19' title="bbox 224 1427 1701 1485; baseline 0.003 -19"><span class='ocrx_word' id='word_1_151' title='bbox 224 1430 246 1466; x_wconf 81' lang='lat'>5</span> <span class='ocrx_word' id='word_1_152' title='bbox 266 1427 514 1475; x_wconf 82' lang='lat' dir='ltr'><strong>Agminibus</strong></span> <span class='ocrx_word' id='word_1_153' title='bbox 547 1432 674 1479; x_wconf 80' lang='lat' dir='ltr'><strong>magis</strong></span> <span class='ocrx_word' id='word_1_154' title='bbox 707 1446 825 1481; x_wconf 84' lang='lat' dir='ltr'><strong>quam</strong></span> <span class='ocrx_word' id='word_1_155' title='bbox 872 1434 954 1469; x_wconf 86' lang='lat' dir='ltr'><strong>acie</strong></span> <span class='ocrx_word' id='word_1_156' title='bbox 992 1436 1213 1481; x_wconf 82' lang='lat' dir='ltr'><strong>pugnatum</strong></span> <span class='ocrx_word' id='word_1_157' title='bbox 1246 1437 1314 1470; x_wconf 86' lang='lat' dir='ltr'><strong>est.</strong></span> <span class='ocrx_word' id='word_1_158' title='bbox 1375 1433 1550 1471; x_wconf 75' lang='lat' dir='ltr'><strong>Romani</strong></span> <span class='ocrx_word' id='word_1_159' title='bbox 1582 1434 1701 1485; x_wconf 73' lang='lat' dir='ltr'><strong>pulsi,</strong></span> 
     </span>
     <span class='ocr_line' id='line_1_20' title="bbox 265 1501 1701 1554; baseline 0.006 -20"><span class='ocrx_word' id='word_1_160' title='bbox 265 1501 304 1534; x_wconf 87' lang='lat' dir='ltr'><strong>et</strong></span> <span class='ocrx_word' id='word_1_161' title='bbox 333 1501 507 1538; x_wconf 87' lang='lat' dir='ltr'><strong>tumultu</strong></span> <span class='ocrx_word' id='word_1_162' title='bbox 538 1504 669 1540; x_wconf 82' lang='lat' dir='ltr'><strong>verius</strong></span> <span class='ocrx_word' id='word_1_163' title='bbox 702 1517 821 1552; x_wconf 83' lang='lat' dir='ltr'><strong>quam</strong></span> <span class='ocrx_word' id='word_1_164' title='bbox 852 1517 987 1554; x_wconf 89' lang='lat' dir='ltr'><strong>pugna</strong></span> <span class='ocrx_word' id='word_1_165' title='bbox 1019 1504 1069 1541; x_wconf 87' lang='lat' dir='ltr'><strong>ad</strong></span> <span class='ocrx_word' id='word_1_166' title='bbox 1102 1505 1212 1541; x_wconf 80' lang='lat' dir='ltr'><strong>inille</strong></span> <span class='ocrx_word' id='word_1_167' title='bbox 1245 1508 1282 1542; x_wconf 91' lang='lat' dir='ltr'><strong>et</strong></span> <span class='ocrx_word' id='word_1_168' title='bbox 1315 1505 1478 1543; x_wconf 85' lang='lat' dir='ltr'><strong>ducenti</strong></span> <span class='ocrx_word' id='word_1_169' title='bbox 1510 1506 1558 1543; x_wconf 90' lang='lat' dir='ltr'><strong>de</strong></span> <span class='ocrx_word' id='word_1_170' title='bbox 1590 1520 1701 1543; x_wconf 80' lang='lat' dir='ltr'><strong>exer-</strong></span> 
     </span>
    </p>

    <p class='ocr_par' dir='ltr' id='par_1_9' title="bbox 223 1570 1702 1843">
     <span class='ocr_line' id='line_1_21' title="bbox 223 1570 1701 1628; baseline 0.006 -22"><span class='ocrx_word' id='word_1_171' title='bbox 223 1575 245 1610; x_wconf 87' lang='grc'>6</span> <span class='ocrx_word' id='word_1_172' title='bbox 266 1570 347 1607; x_wconf 77' lang='lat' dir='ltr'><strong>citu</strong></span> <span class='ocrx_word' id='word_1_173' title='bbox 381 1574 554 1611; x_wconf 88' lang='lat' dir='ltr'><strong>consulis</strong></span> <span class='ocrx_word' id='word_1_174' title='bbox 588 1575 810 1622; x_wconf 78' lang='lat' dir='ltr'><strong>interfecti3</strong></span> <span class='ocrx_word' id='word_1_175' title='bbox 844 1577 885 1613; x_wconf 90' lang='lat' dir='ltr'><strong>in</strong></span> <span class='ocrx_word' id='word_1_176' title='bbox 917 1579 1047 1613; x_wconf 79' lang='lat' dir='ltr'><strong>east-ra</strong></span> <span class='ocrx_word' id='word_1_177' title='bbox 1072 1576 1232 1626; x_wconf 84' lang='lat' dir='ltr'><strong>trepide</strong></span> <span class='ocrx_word' id='word_1_178' title='bbox 1255 1577 1438 1624; x_wconf 80' lang='lat' dir='ltr'><strong>reditum,</strong></span> <span class='ocrx_word' id='word_1_179' title='bbox 1470 1591 1598 1627; x_wconf 88' lang='lat' dir='ltr'><strong>neque</strong></span> <span class='ocrx_word' id='word_1_180' title='bbox 1633 1592 1701 1628; x_wconf 93' lang='lat' dir='ltr'><strong>op-</strong></span> 
     </span>
     <span class='ocr_line' id='line_1_22' title="bbox 265 1648 1701 1700; baseline 0.006 -21"><span class='ocrx_word' id='word_1_181' title='bbox 265 1655 444 1691; x_wconf 81' lang='lat' dir='ltr'><strong>pugnare</strong></span> <span class='ocrx_word' id='word_1_182' title='bbox 491 1650 623 1684; x_wconf 83' lang='lat' dir='ltr'><strong>tamen</strong></span> <span class='ocrx_word' id='word_1_183' title='bbox 671 1661 716 1684; x_wconf 84' lang='lat' dir='ltr'><strong>ea</strong></span> <span class='ocrx_word' id='word_1_184' title='bbox 755 1648 888 1686; x_wconf 85' lang='lat' dir='ltr'><strong>hostes</strong></span> <span class='ocrx_word' id='word_1_185' title='bbox 935 1649 1032 1685; x_wconf 87' lang='lat' dir='ltr'><strong>ausi.</strong></span> <span class='ocrx_word' id='word_1_186' title='bbox 1095 1648 1282 1686; x_wconf 84' lang='lat' dir='ltr'><strong>Ceterum</strong></span> <span class='ocrx_word' id='word_1_187' title='bbox 1314 1649 1476 1687; x_wconf 85' lang='lat' dir='ltr'><strong>silentio</strong></span> <span class='ocrx_word' id='word_1_188' title='bbox 1507 1650 1701 1700; x_wconf 87' lang='lat' dir='ltr'><strong>proximae</strong></span> 
     </span>
     <span class='ocr_line' id='line_1_23' title="bbox 266 1716 1701 1769; baseline 0.006 -18"><span class='ocrx_word' id='word_1_189' title='bbox 266 1716 395 1753; x_wconf 84' lang='lat' dir='ltr'><strong>noctis</strong></span> <span class='ocrx_word' id='word_1_190' title='bbox 426 1718 629 1766; x_wconf 84' lang='lat' dir='ltr'><strong>profectus</strong></span> <span class='ocrx_word' id='word_1_191' title='bbox 660 1719 754 1756; x_wconf 89' lang='lat' dir='ltr'><strong>inde</strong></span> <span class='ocrx_word' id='word_1_192' title='bbox 785 1720 934 1769; x_wconf 82' lang='lat' dir='ltr'><strong>consul,</strong></span> <span class='ocrx_word' id='word_1_193' title='bbox 967 1721 1172 1769; x_wconf 79' lang='lat' dir='ltr'><strong>praemisso</strong></span> <span class='ocrx_word' id='word_1_194' title='bbox 1198 1722 1340 1758; x_wconf 78' lang='lat' dir='ltr'><strong>nuntio</strong></span> <span class='ocrx_word' id='word_1_195' title='bbox 1366 1721 1416 1758; x_wconf 89' lang='lat' dir='ltr'><strong>ad</strong></span> <span class='ocrx_word' id='word_1_196' title='bbox 1433 1721 1701 1761; x_wconf 88' lang='lat' dir='ltr'><strong>P.Licinium</strong></span> 
     </span>
     <span class='ocr_line' id='line_1_24' title="bbox 266 1790 1702 1843; baseline 0.005 -19"><span class='ocrx_word' id='word_1_197' title='bbox 266 1790 565 1836; x_wconf 75' lang='lat' dir='ltr'><strong>proconsulem,</strong></span> <span class='ocrx_word' id='word_1_198' title='bbox 611 1794 656 1828; x_wconf 86' lang='lat' dir='ltr'><strong>ut</strong></span> <span class='ocrx_word' id='word_1_199' title='bbox 701 1805 790 1829; x_wconf 86' lang='lat' dir='ltr'><strong>suas</strong></span> <span class='ocrx_word' id='word_1_200' title='bbox 828 1792 1006 1841; x_wconf 86' lang='lat' dir='ltr'><strong>legiones</strong></span> <span class='ocrx_word' id='word_1_201' title='bbox 1039 1792 1279 1839; x_wconf 80' lang='lat' dir='ltr'><strong>admoveret,</strong></span> <span class='ocrx_word' id='word_1_202' title='bbox 1311 1793 1447 1843; x_wconf 85' lang='lat' dir='ltr'><strong>copias</strong></span> <span class='ocrx_word' id='word_1_203' title='bbox 1480 1794 1702 1831; x_wconf 82' lang='lat' dir='ltr'><strong>coniunxit.</strong></span> 
     </span>
    </p>

    <p class='ocr_par' dir='ltr' id='par_1_10' title="bbox 221 1859 1702 1986">
     <span class='ocr_line' id='line_1_25' title="bbox 221 1859 1702 1912; baseline 0.005 -16"><span class='ocrx_word' id='word_1_204' title='bbox 221 1861 242 1895; x_wconf 84' lang='lat'><strong>7</strong></span> <span class='ocrx_word' id='word_1_205' title='bbox 262 1859 328 1897; x_wconf 84' lang='lat' dir='ltr'><strong>Ita</strong></span> <span class='ocrx_word' id='word_1_206' title='bbox 359 1860 437 1898; x_wconf 90' lang='lat' dir='ltr'><strong>duo</strong></span> <span class='ocrx_word' id='word_1_207' title='bbox 471 1862 602 1910; x_wconf 81' lang='lat' dir='ltr'><strong>duces,</strong></span> <span class='ocrx_word' id='word_1_208' title='bbox 634 1863 712 1901; x_wconf 86' lang='lat' dir='ltr'><strong>duo</strong></span> <span class='ocrx_word' id='word_1_209' title='bbox 746 1864 944 1901; x_wconf 83' lang='lat' dir='ltr'><strong>exercitus</strong></span> <span class='ocrx_word' id='word_1_210' title='bbox 977 1864 1026 1901; x_wconf 88' lang='lat' dir='ltr'><strong>ad</strong></span> <span class='ocrx_word' id='word_1_211' title='bbox 1057 1864 1328 1902; x_wconf 85' lang='lat' dir='ltr'><strong>Hannibalem</strong></span> <span class='ocrx_word' id='word_1_212' title='bbox 1359 1865 1584 1912; x_wconf 83' lang='lat' dir='ltr'><strong>redierunt3</strong></span> <span class='ocrx_word' id='word_1_213' title='bbox 1631 1879 1702 1903; x_wconf 88' lang='lat' dir='ltr'><strong>nec</strong></span> 
     </span>
     <span class='ocr_line' id='line_1_26' title="bbox 268 1934 1701 1986; baseline 0.005 -18"><span class='ocrx_word' id='word_1_214' title='bbox 268 1945 377 1969; x_wconf 87' lang='lat' dir='ltr'><strong>mora</strong></span> <span class='ocrx_word' id='word_1_215' title='bbox 402 1934 617 1972; x_wconf 85' lang='lat' dir='ltr'><strong>dimicandi</strong></span> <span class='ocrx_word' id='word_1_216' title='bbox 643 1935 748 1973; x_wconf 86' lang='lat' dir='ltr'><strong>facta</strong></span> <span class='ocrx_word' id='word_1_217' title='bbox 773 1939 841 1983; x_wconf 80' lang='lat' dir='ltr'><strong>est,</strong></span> <span class='ocrx_word' id='word_1_218' title='bbox 874 1950 994 1985; x_wconf 87' lang='lat' dir='ltr'><strong>quum</strong></span> <span class='ocrx_word' id='word_1_219' title='bbox 1022 1937 1176 1974; x_wconf 88' lang='lat' dir='ltr'><strong>consuli</strong></span> <span class='ocrx_word' id='word_1_220' title='bbox 1194 1937 1411 1986; x_wconf 80' lang='lat' dir='ltr'><strong>duplicatae</strong></span> <span class='ocrx_word' id='word_1_221' title='bbox 1427 1937 1543 1984; x_wconf 86' lang='lat' dir='ltr'><strong>vires,</strong></span> <span class='ocrx_word' id='word_1_222' title='bbox 1576 1937 1701 1975; x_wconf 89' lang='lat' dir='ltr'><strong>Poeno</strong></span> 
     </span>
    </p>

    <p class='ocr_par' dir='ltr' id='par_1_11' title="bbox 224 2006 1703 2273">
     <span class='ocr_line' id='line_1_27' title="bbox 224 2006 1700 2058; baseline 0.003 -16"><span class='ocrx_word' id='word_1_223' title='bbox 224 2006 405 2042; x_wconf 77' lang='lat' dir='ltr'><strong>8re0ens</strong></span> <span class='ocrx_word' id='word_1_224' title='bbox 450 2006 621 2044; x_wconf 78' lang='lat' dir='ltr'><strong>victoria</strong></span> <span class='ocrx_word' id='word_1_225' title='bbox 675 2007 827 2045; x_wconf 87' lang='lat' dir='ltr'><strong>animos</strong></span> <span class='ocrx_word' id='word_1_226' title='bbox 880 2009 1041 2045; x_wconf 84' lang='lat' dir='ltr'><strong>faceret.</strong></span> <span class='ocrx_word' id='word_1_227' title='bbox 1115 2008 1164 2045; x_wconf 87' lang='lat' dir='ltr'><strong>In</strong></span> <span class='ocrx_word' id='word_1_228' title='bbox 1219 2009 1391 2058; x_wconf 85' lang='lat' dir='ltr'><strong>primam</strong></span> <span class='ocrx_word' id='word_1_229' title='bbox 1437 2009 1562 2046; x_wconf 85' lang='lat' dir='ltr'><strong>aciem</strong></span> <span class='ocrx_word' id='word_1_230' title='bbox 1609 2023 1700 2047; x_wconf 85' lang='lat' dir='ltr'><strong>suas</strong></span> 
     </span>
     <span class='ocr_line' id='line_1_28' title="bbox 266 2075 1703 2128; baseline 0.004 -17"><span class='ocrx_word' id='word_1_231' title='bbox 266 2075 444 2124; x_wconf 83' lang='lat' dir='ltr'><strong>legiones</strong></span> <span class='ocrx_word' id='word_1_232' title='bbox 478 2077 736 2128; x_wconf 84' lang='lat' dir='ltr'><strong>Sempronius</strong></span> <span class='ocrx_word' id='word_1_233' title='bbox 769 2080 948 2126; x_wconf 75' lang='lat' dir='ltr'><strong>induxit3</strong></span> <span class='ocrx_word' id='word_1_234' title='bbox 996 2080 1035 2117; x_wconf 90' lang='lat' dir='ltr'><strong>in</strong></span> <span class='ocrx_word' id='word_1_235' title='bbox 1076 2081 1268 2118; x_wconf 84' lang='lat' dir='ltr'><strong>subsidiis</strong></span> <span class='ocrx_word' id='word_1_236' title='bbox 1298 2081 1438 2119; x_wconf 83' lang='lat' dir='ltr'><strong>locatae</strong></span> <span class='ocrx_word' id='word_1_237' title='bbox 1471 2080 1519 2120; x_wconf 87' lang='lat' dir='ltr'><strong>P.</strong></span> <span class='ocrx_word' id='word_1_238' title='bbox 1553 2080 1703 2118; x_wconf 84' lang='lat' dir='ltr'><strong>Licinii</strong></span> 
     </span>
     <span class='ocr_line' id='line_1_29' title="bbox 268 2147 1702 2202; baseline 0.004 -19"><span class='ocrx_word' id='word_1_239' title='bbox 268 2147 456 2196; x_wconf 83' lang='lat' dir='ltr'><strong>legiones.</strong></span> <span class='ocrx_word' id='word_1_240' title='bbox 504 2150 654 2188; x_wconf 86' lang='lat' dir='ltr'><strong>Consul</strong></span> <span class='ocrx_word' id='word_1_241' title='bbox 680 2152 878 2202; x_wconf 87' lang='lat' dir='ltr'><strong>principio</strong></span> <span class='ocrx_word' id='word_1_242' title='bbox 910 2165 1055 2202; x_wconf 83' lang='lat' dir='ltr'><strong>pugnae</strong></span> <span class='ocrx_word' id='word_1_243' title='bbox 1087 2153 1211 2190; x_wconf 86' lang='lat' dir='ltr'><strong>aedem</strong></span> <span class='ocrx_word' id='word_1_244' title='bbox 1236 2153 1425 2190; x_wconf 81' lang='lat' dir='ltr'><strong>Fortunae</strong></span> <span class='ocrx_word' id='word_1_245' title='bbox 1442 2152 1702 2201; x_wconf 85' lang='lat' dir='ltr'><strong>Primigeniae</strong></span> 
     </span>
     <span class='ocr_line' id='line_1_30' title="bbox 267 2220 1701 2273; baseline 0.005 -18"><span class='ocrx_word' id='word_1_246' title='bbox 267 2220 387 2266; x_wconf 75' lang='lat' dir='ltr'><strong>vovit,</strong></span> <span class='ocrx_word' id='word_1_247' title='bbox 420 2221 453 2257; x_wconf 86' lang='lat' dir='ltr'><strong>si</strong></span> <span class='ocrx_word' id='word_1_248' title='bbox 485 2234 530 2258; x_wconf 90' lang='lat' dir='ltr'><strong>eo</strong></span> <span class='ocrx_word' id='word_1_249' title='bbox 563 2222 629 2259; x_wconf 88' lang='lat' dir='ltr'><strong>die</strong></span> <span class='ocrx_word' id='word_1_250' title='bbox 659 2223 793 2260; x_wconf 86' lang='lat' dir='ltr'><strong>hostes</strong></span> <span class='ocrx_word' id='word_1_251' title='bbox 830 2223 1020 2271; x_wconf 51' lang='lat' dir='ltr'><strong>fudissem</strong></span> <span class='ocrx_word' id='word_1_252' title='bbox 1067 2237 1307 2273; x_wconf 88' lang='lat' dir='ltr'><strong>composque</strong></span> <span class='ocrx_word' id='word_1_253' title='bbox 1354 2224 1437 2262; x_wconf 89' lang='lat' dir='ltr'><strong>eius</strong></span> <span class='ocrx_word' id='word_1_254' title='bbox 1482 2224 1565 2261; x_wconf 86' lang='lat' dir='ltr'><strong>voti</strong></span> <span class='ocrx_word' id='word_1_255' title='bbox 1611 2224 1701 2262; x_wconf 73' lang='lat' dir='ltr'><strong>fuit.</strong></span> 
     </span>
    </p>

    <p class='ocr_par' dir='ltr' id='par_1_12' title="bbox 231 2288 1702 2548">
     <span class='ocr_line' id='line_1_31' title="bbox 231 2288 1702 2345; baseline 0.002 -16"><span class='ocrx_word' id='word_1_256' title='bbox 231 2294 252 2329; x_wconf 70' lang='grc'>9</span> <span class='ocrx_word' id='word_1_257' title='bbox 271 2288 369 2328; x_wconf 86' lang='lat' dir='ltr'><strong>Fusi</strong></span> <span class='ocrx_word' id='word_1_258' title='bbox 400 2306 443 2329; x_wconf 87' lang='lat' dir='ltr'><strong>ac</strong></span> <span class='ocrx_word' id='word_1_259' title='bbox 475 2293 602 2342; x_wconf 89' lang='lat' dir='ltr'><strong>fugati</strong></span> <span class='ocrx_word' id='word_1_260' title='bbox 635 2294 773 2341; x_wconf 81' lang='lat' dir='ltr'><strong>Poeni;</strong></span> <span class='ocrx_word' id='word_1_261' title='bbox 806 2309 926 2345; x_wconf 84' lang='lat' dir='ltr'><strong>supra</strong></span> <span class='ocrx_word' id='word_1_262' title='bbox 950 2299 1138 2345; x_wconf 87' lang='lat' dir='ltr'><strong>quattuor</strong></span> <span class='ocrx_word' id='word_1_263' title='bbox 1163 2296 1292 2333; x_wconf 88' lang='lat' dir='ltr'><strong>millia</strong></span> <span class='ocrx_word' id='word_1_264' title='bbox 1315 2299 1556 2334; x_wconf 87' lang='lat' dir='ltr'><strong>armatorum</strong></span> <span class='ocrx_word' id='word_1_265' title='bbox 1589 2308 1702 2342; x_wconf 84' lang='lat' dir='ltr'><strong>caesa,</strong></span> 
     </span>
     <span class='ocr_line' id='line_1_32' title="bbox 267 2366 1701 2417; baseline 0.001 -15"><span class='ocrx_word' id='word_1_266' title='bbox 267 2366 386 2416; x_wconf 86' lang='lat' dir='ltr'><strong>paulo</strong></span> <span class='ocrx_word' id='word_1_267' title='bbox 420 2366 548 2403; x_wconf 81' lang='lat' dir='ltr'><strong>minus</strong></span> <span class='ocrx_word' id='word_1_268' title='bbox 579 2367 751 2403; x_wconf 82' lang='lat' dir='ltr'><strong>trecenti</strong></span> <span class='ocrx_word' id='word_1_269' title='bbox 780 2367 864 2404; x_wconf 89' lang='lat' dir='ltr'><strong>vivi</strong></span> <span class='ocrx_word' id='word_1_270' title='bbox 896 2368 1003 2417; x_wconf 83' lang='lat' dir='ltr'><strong>capti</strong></span> <span class='ocrx_word' id='word_1_271' title='bbox 1034 2371 1073 2405; x_wconf 91' lang='lat' dir='ltr'><strong>et</strong></span> <span class='ocrx_word' id='word_1_272' title='bbox 1097 2368 1189 2417; x_wconf 88' lang='lat' dir='ltr'><strong>equi</strong></span> <span class='ocrx_word' id='word_1_273' title='bbox 1213 2367 1483 2417; x_wconf 83' lang='lat' dir='ltr'><strong>quadraginta</strong></span> <span class='ocrx_word' id='word_1_274' title='bbox 1508 2370 1547 2404; x_wconf 84' lang='lat' dir='ltr'><strong>et</strong></span> <span class='ocrx_word' id='word_1_275' title='bbox 1577 2367 1701 2404; x_wconf 89' lang='lat' dir='ltr'><strong>unde·</strong></span> 
     </span>
     <span class='ocr_line' id='line_1_33' title="bbox 269 2437 1702 2488; baseline 0.001 -14"><span class='ocrx_word' id='word_1_276' title='bbox 269 2437 342 2474; x_wconf 88' lang='lat' dir='ltr'><strong>cim</strong></span> <span class='ocrx_word' id='word_1_277' title='bbox 388 2437 582 2475; x_wconf 86' lang='lat' dir='ltr'><strong>militaria</strong></span> <span class='ocrx_word' id='word_1_278' title='bbox 630 2438 754 2487; x_wconf 86' lang='lat' dir='ltr'><strong>signa.</strong></span> <span class='ocrx_word' id='word_1_279' title='bbox 828 2438 1044 2477; x_wconf 86' lang='lat' dir='ltr'><strong>Perculsus</strong></span> <span class='ocrx_word' id='word_1_280' title='bbox 1094 2440 1261 2477; x_wconf 87' lang='lat' dir='ltr'><strong>adverso</strong></span> <span class='ocrx_word' id='word_1_281' title='bbox 1306 2439 1448 2488; x_wconf 78' lang='lat' dir='ltr'><strong>proelio</strong></span> <span class='ocrx_word' id='word_1_282' title='bbox 1493 2438 1702 2476; x_wconf 87' lang='lat' dir='ltr'><strong>Hannibal</strong></span> 
     </span>
     <span class='ocr_line' id='line_1_34' title="bbox 270 2509 936 2548; baseline 0.002 -2"><span class='ocrx_word' id='word_1_283' title='bbox 270 2509 483 2548; x_wconf 83' lang='lat' dir='ltr'><strong>Crotonem</strong></span> <span class='ocrx_word' id='word_1_284' title='bbox 515 2511 734 2548; x_wconf 88' lang='lat' dir='ltr'><strong>exercitum</strong></span> <span class='ocrx_word' id='word_1_285' title='bbox 765 2510 936 2548; x_wconf 86' lang='lat' dir='ltr'><strong>reduxit.</strong></span> 
     </span>
    </p>

    <p class='ocr_par' dir='ltr' id='par_1_13' title="bbox 199 2581 1701 2704">
     <span class='ocr_line' id='line_1_35' title="bbox 199 2581 1701 2632; baseline -0.001 -12"><span class='ocrx_word' id='word_1_286' title='bbox 199 2583 250 2621; x_wconf 88' lang='lat'><strong>10</strong></span> <span class='ocrx_word' id='word_1_287' title='bbox 381 2581 533 2619; x_wconf 87' lang='lat' dir='ltr'><strong>Eodem</strong></span> <span class='ocrx_word' id='word_1_288' title='bbox 578 2586 758 2632; x_wconf 88' lang='lat' dir='ltr'><strong>tempore</strong></span> <span class='ocrx_word' id='word_1_289' title='bbox 802 2582 859 2620; x_wconf 90' lang='lat' dir='ltr'><strong>M.</strong></span> <span class='ocrx_word' id='word_1_290' title='bbox 894 2582 1106 2620; x_wconf 88' lang='lat' dir='ltr'><strong>Cornelius</strong></span> <span class='ocrx_word' id='word_1_291' title='bbox 1151 2582 1288 2620; x_wconf 89' lang='lat' dir='ltr'><strong>consul</strong></span> <span class='ocrx_word' id='word_1_292' title='bbox 1333 2582 1373 2619; x_wconf 90' lang='lat' dir='ltr'><strong>in</strong></span> <span class='ocrx_word' id='word_1_293' title='bbox 1416 2582 1542 2619; x_wconf 88' lang='lat' dir='ltr'><strong>altera</strong></span> <span class='ocrx_word' id='word_1_294' title='bbox 1586 2585 1701 2631; x_wconf 84' lang='lat' dir='ltr'><strong>parte</strong></span> 
     </span>
     <span class='ocr_line' id='line_1_36' title="bbox 268 2653 1701 2704; baseline 0 -14"><span class='ocrx_word' id='word_1_295' title='bbox 268 2653 399 2691; x_wconf 84' lang='lat' dir='ltr'><strong>Italiae</strong></span> <span class='ocrx_word' id='word_1_296' title='bbox 444 2668 523 2692; x_wconf 89' lang='lat' dir='ltr'><strong>non</strong></span> <span class='ocrx_word' id='word_1_297' title='bbox 574 2658 656 2692; x_wconf 89' lang='lat' dir='ltr'><strong>tam</strong></span> <span class='ocrx_word' id='word_1_298' title='bbox 704 2655 821 2692; x_wconf 87' lang='lat' dir='ltr'><strong>armis</strong></span> <span class='ocrx_word' id='word_1_299' title='bbox 868 2668 986 2704; x_wconf 90' lang='lat' dir='ltr'><strong>quam</strong></span> <span class='ocrx_word' id='word_1_300' title='bbox 1030 2654 1270 2691; x_wconf 87' lang='lat' dir='ltr'><strong>iudiciorum</strong></span> <span class='ocrx_word' id='word_1_301' title='bbox 1308 2657 1463 2692; x_wconf 85' lang='lat' dir='ltr'><strong>terrore</strong></span> <span class='ocrx_word' id='word_1_302' title='bbox 1495 2653 1701 2691; x_wconf 87' lang='lat' dir='ltr'><strong>Etruriam</strong></span> 
     </span>
    </p>
   </div>
  </div>
 </body>
</html>
