1789 2955
465 85 580 120 Liber
606 84 795 119 XXVIII.
846 86 908 129 (A.
935 84 1000 119 Ch.
1025 86 1121 128 206.)
1434 88 1509 124 141

81 213 160 252 Sed
207 227 329 264 quum
370 214 491 250 ceteri
531 213 671 250 laetitia
711 213 918 261 gloriaque
960 212 1113 260 ingenti
1155 224 1239 248 eam
1275 224 1358 247 rem
1396 211 1559 259 vulgo2

81 288 245 333 ferrent,
278 298 392 331 unus,
424 285 494 334 qui
525 287 710 333 gesserat,
742 284 995 332 inexplebilis
1027 283 1188 321 virtutis
1219 295 1403 332 veraeque
1429 282 1514 319 lau-

83 358 154 404 dis,
201 370 367 406 parvum
406 357 534 394 inst-ar
573 369 719 401 eorum,
764 369 851 405 quae
890 369 958 404 spe
1000 369 1045 393 ac
1085 353 1361 404 magnitudine
1393 354 1516 391 animi

83 429 338 478 concepisset,
369 431 549 477 receptas
582 427 800 477 Hispanias
833 427 1014 464 ducebat.
1075 427 1159 464 Iam
1193 426 1376 463 Africam
1412 438 1520 474 mag·
1541 426 1563 461 3

80 513 251 549 namque
277 499 558 548 Carthaginem
593 503 631 536 et
661 500 701 536 in
734 512 845 536 suum
879 498 998 535 decus
1031 511 1251 548 nomenque
1282 498 1392 535 velut
1425 511 1515 535 con—

83 575 315 609 summatam
343 571 426 608 eius
450 571 549 608 belli
574 571 742 619 gloriam
767 571 983 620 spectabat.
1029 571 1171 620 Itaque
1193 569 1516 620 praemoliendam
1535 571 1558 606 4

84 644 162 681 sibi
192 646 304 680 ratus
329 643 408 680 iam
432 656 512 680 rem
538 642 884 691 conciliandosque
909 655 1043 689 regum
1070 643 1326 690 gentiumque
1353 641 1517 687 animos,

84 715 304 764 Syphacem
344 715 515 764 primum
555 727 687 762 regem
730 714 871 751 statuit
909 717 1074 750 tentare.
1134 713 1453 750 Masaesuliorum
1485 713 1558 749 is5

83 800 152 824 rex
185 790 278 824 erat.
338 786 572 832 Masaesulii,
613 799 708 835 gens
747 785 877 822 affinis
910 786 1074 834 Mauris,
1117 785 1159 821 in
1205 785 1407 834 regionem
1445 783 1518 820 Hi-

82 858 230 908 spaniae
257 859 439 903 maxime,
471 871 549 906 qua
573 858 648 894 sita-
674 857 787 895 Nova
805 857 1006 905 Carthago
1035 861 1104 903 est,
1128 860 1323 906 spectant.
1369 856 1517 893 Foedus
1537 858 1559 893 6

85 944 129 967 ea
169 933 406 980 tempestate
447 930 532 977 regi
571 942 656 965 cuni
690 929 1091 978 Carthaginiensibus
1133 932 1228 975 erat,
1275 928 1383 977 quod
1413 929 1519 965 haud

84 1002 246 1050 gravius
278 1002 315 1038 ei
348 1002 603 1049 sanctiusque
636 1014 753 1049 quam
785 1001 906 1050 vulgo
939 1000 1132 1046 barbaris,
1179 1000 1326 1049 quibus
1364 1014 1411 1036 ex
1442 1001 1518 1037 for·

84 1077 181 1110 tuna
219 1073 367 1122 pendet
407 1072 518 1119 fides,
563 1076 673 1109 ratus
704 1073 798 1118 fore,
847 1076 1042 1110 oratorem
1076 1072 1123 1109 ad
1157 1086 1243 1109 eum
1277 1072 1320 1112 G.
1354 1072 1522 1109 Laelium
1543 1074 1563 1108 7

87 1158 173 1182 cum
217 1144 331 1182 donis
373 1144 506 1181 mittit.
567 1144 722 1191 Quibus
753 1144 948 1182 barbarus
979 1145 1104 1191 laetus,
1150 1147 1188 1180 et
1219 1144 1313 1193 quia
1344 1157 1406 1180 res
1438 1148 1522 1180 tuni
1541 1145 1565 1181 8

85 1229 285 1266 prosperae
315 1216 465 1265 ubique
498 1216 701 1263 Romanis,
732 1216 867 1253 Poenis
907 1217 947 1252 in
978 1216 1100 1253 Italia
1138 1216 1323 1262 adversae,
1371 1216 1408 1252 in
1447 1215 1519 1252 Hi—

85 1288 228 1338 spania
267 1288 388 1324 nullae
427 1289 505 1325 iam
547 1291 672 1336 erant,
705 1288 923 1325 amicitiam
956 1301 996 1325 se
1027 1288 1299 1325 Romanorum
1341 1288 1521 1336 accipere

87 1360 244 1398 annuit:
276 1359 480 1397 firmandae
513 1360 597 1396 eius
629 1360 746 1397 fidem
778 1373 849 1397 nec
882 1361 976 1397 dare
1009 1374 1078 1396 nec
1111 1361 1292 1409 accipere
1323 1359 1402 1395 nisi
1434 1372 1520 1395 cum

84 1432 172 1481 ipso
204 1445 336 1469 coram
369 1431 468 1469 duce
500 1432 694 1469 Romano.
756 1431 821 1468 Ita
852 1431 1016 1478 Laelius,
1060 1432 1101 1468 in
1143 1432 1184 1468 id
1216 1431 1332 1468 modo
1363 1430 1441 1467 fide
1473 1431 1522 1467 ab
1544 1432 1565 1467 9

85 1517 179 1552 rege
225 1506 400 1552 accepta,
447 1507 577 1541 tutum
624 1504 837 1541 adventum
884 1505 985 1549 fore,
1034 1503 1083 1540 ad
1130 1503 1357 1552 Scipionem
1403 1503 1519 1539 redit.

86 1575 279 1624 Magnum
321 1576 360 1612 in
400 1577 531 1612 omnia
571 1579 812 1612 momentum
852 1574 1013 1624 Syphax
1045 1575 1246 1612 affectanti
1278 1588 1339 1612 res
1371 1575 1523 1611 Africae
1547 1574 1594 1611 10

88 1652 182 1694 erat,
214 1647 539 1697 opulentissimus
571 1648 656 1684 eius
688 1652 803 1685 terrae
835 1661 917 1693 rex,
950 1647 1058 1684 bello
1090 1647 1165 1683 iam
1199 1650 1387 1696 expertus
1414 1647 1522 1695 ipsos

89 1719 453 1768 Carthaginienses,
484 1719 632 1756 finibus
665 1721 782 1756 etiam
806 1720 920 1767 regni
945 1722 1036 1768 apte
1061 1718 1109 1756 ad
1137 1718 1386 1767 Hispaniam,
1418 1718 1524 1767 quod

88 1791 189 1829 freto
222 1793 364 1840 exiguo
397 1791 654 1839 dirimuntur,
686 1793 837 1842 positis.
899 1791 1074 1840 Dignam
1110 1791 1244 1839 itaque
1276 1804 1357 1826 rem
1385 1790 1522 1839 Scipio
1544 1790 1591 1825 11

87 1866 210 1913 ratus,
243 1876 342 1912 quae,
374 1864 562 1912 quoniam
593 1878 671 1901 non
703 1864 821 1901 aliter
853 1866 996 1913 posset,
1032 1876 1175 1911 magno
1207 1862 1385 1911 periculo
1416 1866 1523 1911 pete-

88 1938 211 1982 retur,
242 1934 287 1972 L.
305 1935 458 1973 Marcio
490 1935 728 1983 Tarracone,
759 1936 814 1972 M.
840 1934 978 1972 Silano
1012 1934 1257 1984 Carthagine
1287 1934 1411 1980 Nova,
1445 1948 1522 1983 quo

88 2006 262 2056 pedibus
293 2007 341 2044 ab
374 2007 600 2045 Tarracone
630 2008 841 2045 itineribus
874 2007 1028 2055 magnis
1060 2008 1171 2052 ierat,
1211 2006 1260 2042 ad
1292 2006 1524 2055 praesidium

88 2078 303 2128 Hispaniae
334 2080 500 2126 relictis,
532 2080 617 2129 ipse
650 2093 735 2116 cum
764 2079 806 2116 C.
825 2080 949 2116 Laelio
983 2078 1137 2115 duabus
1170 2078 1526 2127 quinqueremibus
1550 2077 1598 2112 12

91 2150 140 2188 ab
187 2150 432 2200 Carthagine
478 2152 678 2201 profectus
723 2151 944 2200 tranquillo
991 2151 1090 2187 mari
1134 2150 1348 2199 plurimum
1395 2150 1524 2196 remis,

91 2223 294 2260 interdum
325 2226 364 2260 et
394 2224 476 2260 leni
509 2223 723 2261 adiuvante
749 2228 879 2270 vento,
911 2224 952 2259 in
977 2222 1161 2260 Africam
1184 2222 1358 2259 traiecit.
1407 2221 1528 2258 Forte
1550 2221 1599 2257 13

91 2295 147 2332 ita
177 2294 336 2341 incidit,
376 2298 421 2332 ut
452 2309 496 2333 eo
528 2295 613 2344 ipso
644 2298 822 2344 tempore
855 2295 1097 2340 Hasdrubal,
1143 2294 1280 2343 pulsus
1315 2293 1525 2342 Hispania,

91 2370 239 2416 septem
270 2367 501 2404 triremibus
532 2370 690 2416 portum
723 2368 914 2413 invectus,
951 2367 1107 2404 ancoris
1137 2366 1278 2415 positis
1308 2369 1424 2402 terrae
1457 2378 1523 2414 ap-

92 2438 261 2488 plicaret
291 2452 422 2487 naves,
455 2453 576 2488 quum
605 2442 824 2489 conspectae
858 2440 945 2476 duae
970 2440 1286 2488 quinqueremes,
1318 2437 1424 2473 haud
1451 2437 1530 2473 cui·
1550 2437 1600 2474 14

94 2524 211 2560 quam
259 2510 393 2556 dubio,
441 2512 535 2561 quin
581 2511 754 2548 hostium
798 2514 927 2548 essent
965 2511 1217 2560 opprimique
1264 2524 1286 2546 a
1327 2509 1524 2558 pluribus,

93 2582 326 2632 priusquam
358 2586 517 2632 portum
549 2584 756 2629 intrarent,
780 2586 954 2632 possent,
980 2583 1081 2619 nihil
1105 2581 1214 2618 aliud
1240 2595 1356 2630 quam
1381 2581 1525 2618 tumul-

93 2657 177 2691 tum
202 2668 247 2692 ac
270 2654 580 2704 trepidationem
606 2655 724 2692 simul
749 2655 922 2692 militum
948 2667 991 2691 ac
1014 2657 1236 2700 nautarum,
1258 2653 1525 2702 nequicquam
