1768 2943
134 997 181 1041 14

142 2122 185 2166 15

272 100 324 140 12
692 95 795 127 Liber
820 95 912 125 XXI.
965 93 1019 136 (A.
1048 105 1079 125 u.
1105 104 1133 126 e.
1160 92 1254 136 536.)

270 228 455 272 dirutam,
489 232 650 276 captam
683 226 766 262 fere
798 231 926 262 totam
958 226 1092 270 habet,
1126 225 1286 269 adimit,
1327 236 1448 273 agros
1479 222 1678 272 relinquit,

270 299 404 335 locum
435 297 723 346 assignaturus,
757 297 798 333 in
830 308 910 344 quo
939 307 1088 333 novum
1116 297 1312 344 oppidum
1337 295 1556 332 aedificetis.
1600 295 1680 331 Au-

269 381 356 405 rum
389 373 429 404 et
461 373 671 416 argentum
704 379 839 411 omne,
873 367 1076 415 publicum
1100 368 1390 415 privatumque,
1425 366 1479 402 ad
1504 377 1548 402 se
1571 365 1682 401 iubet

234 438 255 478 7
272 439 418 476 deferri
433 450 441 482 ;
476 450 648 486 corpora
666 442 808 480 vestra,
831 437 1048 485 coniugum
1066 450 1113 474 ac
1130 438 1346 474 liberorum
1363 440 1586 472 vestrorum
1602 446 1683 471 ser-

271 516 337 546 vat
367 509 571 552 inviolata,
606 508 637 544 si
670 507 843 544 inermes
875 519 966 544 cum
990 508 1094 544 binis
1118 507 1365 543 vestimentis
1389 505 1516 542 velitis
1543 505 1595 541 ab
1613 504 1682 541 Sa-

235 582 259 619 8
272 585 399 629 gunto
419 580 539 615 exire.
588 577 686 614 Haec
703 578 829 614 victor
854 577 979 614 hostis
996 578 1185 626 imperat;
1215 578 1313 620 haec,
1343 587 1575 624 quanquam
1592 580 1684 611 sunt

271 651 407 700 gravia
440 655 561 697 atque
593 648 753 692 acerba,
788 647 948 684 fortuna
979 654 1111 685 vestra
1142 647 1257 684 vobis
1281 647 1439 684 suadet.
1482 645 1684 693 Equidem

273 721 382 757 haud
411 721 600 768 despero,
633 729 755 766 quum
781 718 960 754 omnium
987 723 1169 767 potestas
1187 718 1223 753 ei
1241 717 1348 754 facta
1366 717 1427 761 sit,
1453 716 1604 763 aliquid
1637 727 1685 750 ex

235 789 333 827 9his
364 787 516 841 [rebus]
539 789 815 832 remissurum
850 789 923 825 sed
947 789 1007 824 vel
1038 789 1123 825 haec
1147 788 1342 836 patienda
1360 799 1510 824 censeo
1536 785 1684 835 potius,

273 873 395 909 quam
426 860 615 897 trucidari
643 871 815 908 corpora
841 864 984 902 vestra,
1018 859 1103 907 rapi
1131 858 1314 905 trahique
1338 863 1432 893 ante
1457 868 1528 892 ora
1556 859 1687 892 vestra

273 932 469 980 coniuges
503 942 550 966 ac
582 930 729 966 liberos
762 929 853 965 belli
885 929 969 964 iure
1008 928 1187 965 sinatis.»
1411 976 1418 982 ι

392 1002 457 1038 Ad
482 1002 567 1037 haec
591 1000 799 1036 audienda
826 1011 949 1047 quum
965 999 1205 1035 circumfusa
1221 998 1414 1047 paulatim
1432 996 1687 1034 multitudine

274 1072 511 1121 permixtum
545 1070 700 1107 senatui
725 1075 832 1107 esset
859 1069 998 1118 populi
1023 1069 1249 1113 concilium,
1283 1074 1451 1117 repente
1478 1068 1687 1116 primores,

275 1142 508 1179 secessione
533 1141 654 1187 facta,
678 1140 910 1188 priusquam
928 1151 1169 1188 responsum
1193 1140 1367 1183 daretur,
1391 1143 1603 1187 argentum
1621 1149 1689 1174 au-

274 1224 441 1260 rumque
475 1224 597 1248 omne
630 1224 677 1247 ex
710 1210 871 1259 publico
905 1210 1142 1258 privatoque
1183 1210 1224 1246 in
1257 1209 1388 1246 forum
1421 1209 1611 1245 collatum
1648 1207 1690 1243 in

274 1284 411 1332 ignem
428 1283 482 1319 ad
499 1282 542 1318 id
559 1281 703 1330 raptim
729 1281 878 1317 factum
902 1281 1178 1324 conficientes,
1198 1281 1347 1316 eodem
1365 1280 1545 1328 plerique
1563 1283 1691 1315 semet

238 1351 350 1402 2ipsi
382 1352 743 1401 praecipitaverunt.
793 1351 928 1396 Quum
953 1363 1001 1387 ex
1029 1363 1078 1387 eo
1104 1362 1230 1399 pavor
1252 1362 1300 1386 ac
1321 1349 1538 1398 trepidatio
1564 1353 1690 1385 totam

278 1424 418 1459 urbem
449 1422 704 1471 pervasisset,
739 1421 838 1457 alius
869 1421 1032 1469 insuper
1076 1421 1265 1457 tumultus
1306 1433 1354 1456 ex
1393 1432 1486 1456 arce
1518 1419 1690 1455 auditur.

279 1493 416 1530 Turris
450 1493 518 1528 diu
551 1496 742 1539 quassata
774 1492 1018 1539 prociderat,
1053 1503 1205 1540 perque
1237 1492 1393 1527 ruinam
1427 1491 1512 1527 eius
1545 1489 1692 1526 cohors

278 1564 497 1600 Poenorum
514 1563 665 1611 impetu
684 1562 792 1598 facto
811 1573 933 1610 quum
952 1561 1109 1610 signum
1136 1561 1369 1609 imperatori
1397 1560 1592 1603 dedisset,
1621 1571 1693 1595 nu-

242 1631 417 1671 3datam
435 1633 675 1670 stationibus
694 1632 971 1680 custodiisque
990 1632 1115 1668 solitis
1134 1631 1311 1668 hostium
1328 1643 1417 1668 esse
1435 1631 1589 1674 urbem,
1607 1641 1692 1666 non

280 1705 555 1741 cunctandum
586 1704 627 1739 in
660 1703 728 1738 tali
762 1703 981 1739 occasione
1013 1707 1121 1738 ratus
1154 1701 1380 1745 Hannibal,
1422 1701 1514 1737 totis
1546 1700 1693 1736 viribus

279 1786 494 1823 aggressus
516 1774 656 1809 urbem
677 1779 888 1809 momento
912 1773 1031 1820 cepit,
1055 1773 1172 1820 signo
1196 1772 1309 1815 dato,
1333 1777 1376 1807 ut
1404 1783 1546 1808 omnes
1568 1770 1694 1818 pube-

279 1856 343 1881 res
374 1844 704 1880 interficerentur.
758 1843 883 1889 Quod
915 1843 1125 1890 imperium
1155 1842 1331 1885 crudele,
1366 1846 1543 1878 ceterum
1565 1852 1694 1889 prope

241 1913 554 1952 4necessarium
580 1914 787 1961 cognitum
811 1913 900 1961 ipso
927 1918 1071 1948 eventu
1097 1917 1175 1955 est;
1213 1912 1274 1948 cui
1298 1911 1406 1947 enim
1430 1911 1539 1960 parci
1565 1910 1695 1959 potuit

281 1997 329 2021 ex
353 1985 413 2028 iis,
439 1984 506 2031 qui
532 1990 600 2020 aut
623 1983 764 2020 inclusi
791 1994 881 2019 curn
908 1982 1146 2030 coniugibus
1173 1994 1219 2018 ac
1244 1982 1375 2018 liberis
1402 1983 1549 2017 domos
1575 1992 1714 2029 super·

281 2067 324 2092 se
348 2055 460 2103 ipsos
486 2058 846 2091 concremaverunt
869 2058 936 2088 aut
962 2052 1102 2088 armati
1127 2053 1279 2089 nullum
1296 2057 1390 2088 ante
1408 2051 1529 2088 finem
1546 2062 1693 2100 pugnae

284 2137 405 2173 quam
427 2124 647 2161 morientes
672 2121 878 2160 fecerunt?
927 2122 1100 2171 Captum
1125 2123 1322 2171 oppidum
1347 2127 1408 2159 est
1432 2133 1522 2159 cum
1541 2120 1695 2169 ingenti

281 2196 433 2244 praeda.
483 2195 727 2242 Quanquam
745 2194 936 2242 pleraque
954 2194 1005 2228 ab
1030 2193 1206 2229 dominis
1225 2194 1277 2229 de
1294 2192 1490 2229 industria
1508 2195 1697 2239 corrupta

282 2271 408 2310 erant,
443 2271 483 2301 et
513 2266 554 2301 in
588 2265 765 2302 caedibus
798 2264 859 2299 vix
892 2264 1012 2298 ullum
1046 2263 1264 2299 discrimen
1293 2262 1420 2299 aetatis
1447 2262 1506 2297 ira
1527 2261 1691 2304 fecerat,

246 2335 324 2375 Zet
356 2335 501 2384 captivi
533 2336 700 2371 militum
731 2335 869 2382 praeda
893 2333 1063 2377 fuerant,
1097 2339 1234 2370 tamen
1267 2339 1307 2369 et
1338 2345 1386 2369 ex
1412 2331 1541 2381 pretio
1564 2312 1707 2367 rerum⁸

282 2406 535 2443 venditarum
573 2405 821 2453 aliquantum
864 2404 1047 2452 pecuniae
1086 2404 1296 2440 redactum
1336 2415 1426 2440 esse
1465 2405 1626 2438 constat
1657 2405 1696 2436 et

282 2477 447 2512 multam
455 2475 674 2525 pretiosam
684 2474 972 2523 supellectilem
979 2479 1213 2521 vestemque
1221 2473 1386 2510 missam
1395 2471 1694 2520 Carthaginem.

246 2544 271 2584 3
403 2545 560 2583 Octavo
578 2557 732 2589 mense,
759 2556 878 2592 quam
905 2549 1082 2592 coeptum
1101 2543 1340 2592 oppugnari,
1361 2548 1524 2591 captum
1542 2542 1695 2590 Sagun-

284 2622 366 2652 tum
399 2607 564 2664 quidam
598 2615 812 2664 scripsere;
846 2614 942 2650 inde
966 2613 1254 2661 Carthaginem
1284 2613 1444 2649 Novam
1464 2613 1502 2648 in
1528 2612 1696 2648 hiberna
