1789 2955
567 125 671 154 Liber
690 124 816 155 xxm.
859 123 914 165 (A.
943 124 1005 155 eh.
1032 123 1128 166 ⁴216.)
1472 126 1550 166 147

137 256 292 294 Gallica
324 256 436 292 aliter
469 267 589 303 quam
623 255 828 292 conducta
860 255 1070 298 habuisse;
1102 255 1268 303 inopem
1302 261 1458 292 tantum
1480 257 1554 292 iter
1568 254 1592 293 6

134 327 360 375 ingressum
388 326 450 362 vix
478 331 779 374 penetraturum
803 326 857 360 ad
880 325 1002 372 Alpes
1026 325 1162 361 fuisse.
1226 326 1413 362 Pecuniis
1435 326 1553 374 igitur

134 397 279 446 raptim
312 396 475 440 exactis,
509 396 563 431 ad
596 395 791 431 Hiberum
824 395 1052 431 descendit.

252 466 428 503 Decreta
467 465 860 514 Carthaginiensium
901 470 940 500 et
972 464 1240 501 Hasdrubalis
1279 465 1353 501 iter
1393 467 1459 502 ubi
1499 465 1590 504 ad?

135 538 344 574 Romanos
377 541 469 573 sunt
499 536 666 584 perlata,
701 536 889 572 omnibus
922 536 1081 572 omissis
1113 536 1246 580 rebus,
1280 537 1402 571 ambo
1427 537 1553 573 duces

133 608 277 645 iunctis
307 607 434 655 copiis
462 606 518 642 ire
547 606 706 642 obviam
737 607 880 655 coeptis
907 612 1028 654 atque
1052 606 1249 642 obsistere
1272 611 1430 655 parant,
1463 607 1549 650 rati,
1567 605 1592 646 8

135 678 165 714 si
184 677 418 721 Hannibali,
443 676 506 712 vix
529 689 600 725 per
625 688 667 712 se
691 677 766 725 ipsi
791 677 1006 713 tolerando
1030 675 1154 713 Italiae
1172 676 1292 720 hosti,
1318 676 1552 713 Hasdrubal

134 749 215 784 dux
247 753 367 796 atque
400 747 683 795 Hispaniensis
717 748 912 784 exercitus
946 751 1053 783 esset
1084 747 1256 791 iunctus,
1290 747 1398 782 illum
1432 747 1552 783 finem

133 819 308 855 Romani
330 819 485 867 imperii
510 818 609 854 fore.
659 817 732 853 His
757 817 862 854 anxii
888 817 990 854 curis
1016 818 1070 852 ad
1088 816 1283 852 Hiberum
1308 816 1592 857 contrahunt9

134 890 286 938 copias,
310 894 351 924 et
366 889 536 925 transito
555 901 688 932 amne,
713 901 834 936 quum
853 888 921 923 diu
940 887 1252 930 consultassent,
1273 892 1402 923 utrum
1422 893 1552 924 castra

133 960 272 996 castris
302 959 534 996 conferrent
563 972 615 995 an
645 959 741 995 satis
775 958 972 993 haberent
1002 957 1122 994 sociis
1153 956 1550 1005 Carthaginiensium

133 1030 421 1078 oppugnandis
454 1030 601 1065 morari
634 1030 684 1065 ab
718 1029 859 1064 itinere
892 1028 1104 1076 proposito
1138 1028 1310 1071 hostem,
1356 1029 1495 1064 urbem
1530 1029 1623 1067 alt)

131 1100 362 1148 propinquo
394 1100 557 1135 flumine
590 1098 783 1135 Hiberam
817 1099 1074 1147 appellatam,
1121 1098 1470 1147 opulentissimam
1503 1111 1550 1134 ea

132 1175 372 1219 tempestate
394 1169 571 1217 regionis
599 1169 696 1211 eius,
722 1181 960 1218 oppugnare
982 1175 1139 1217 parant.
1189 1169 1315 1214 Quod
1337 1169 1405 1204 ubi
1427 1170 1552 1205 sensit
1570 1165 1617 1204 11

131 1239 376 1284 Hasdrubal,
410 1251 484 1288 pro
514 1252 593 1288 ope
622 1239 792 1276 ferenda
822 1240 942 1276 sociis
970 1240 1100 1288 pergit
1127 1239 1183 1274 ire
1211 1239 1298 1287 ipse
1327 1240 1381 1274 ad
1411 1239 1549 1275 urbem

131 1310 314 1346 deditam
336 1323 464 1359 nuper
486 1311 527 1346 in
552 1310 673 1346 fidem
698 1311 975 1347 Romanorum
1002 1310 1338 1358 oppugnandam.
1386 1309 1447 1345 Ita
1470 1310 1549 1345 iam
1569 1307 1620 1347 12

131 1386 266 1429 coepta
299 1381 460 1417 obsidio
494 1381 645 1417 omissa
677 1382 729 1416 ab
751 1381 947 1417 Romanis
981 1386 1041 1416 est
1074 1386 1114 1415 et
1145 1380 1186 1416 in
1214 1380 1345 1428 ipsum
1370 1379 1550 1416 Hasdru-

131 1451 264 1487 balem
302 1463 459 1487 versum
496 1451 656 1487 bellum.
736 1451 925 1499 Quinque
964 1451 1127 1486 millium
1166 1450 1377 1486 intervallo
1420 1456 1550 1488 castra
1615 1447 1674 1491 29

132 1520 324 1557 distantia
346 1521 523 1557 habuere
548 1534 702 1570 paucos
727 1522 828 1565 dies,
857 1533 933 1558 nec
959 1521 1045 1557 sine
1069 1520 1221 1556 levibus
1246 1521 1396 1568 proeliis
1414 1534 1490 1560 nec
1509 1529 1550 1558 ut

130 1591 172 1627 in
196 1592 325 1627 aciem
348 1592 521 1635 exirent;
546 1593 713 1627 tandem
738 1603 820 1627 uno
845 1592 1076 1638 eodemque
1100 1591 1167 1626 die
1191 1591 1297 1626 velut
1315 1604 1363 1627 ex
1381 1603 1549 1640 compo·
1564 1589 1590 1629 2

132 1661 208 1697 sito
237 1662 421 1709 utrinque
449 1662 606 1709 signum
635 1673 783 1710 pugnae
810 1660 1063 1709 propositum
1091 1658 1185 1710 [est]
1212 1666 1332 1708 atque
1360 1663 1546 1698 omnibus

130 1731 257 1779 copiis
294 1731 336 1767 in
376 1743 562 1779 campum
596 1732 838 1767 descensum
872 1736 944 1766 est.
1023 1730 1186 1778 Triplex
1219 1731 1328 1766 stetit
1360 1730 1587 1769 Romana3

129 1802 257 1845 acies;
283 1802 443 1838 velitum
467 1813 560 1849 pars
582 1802 686 1837 inter
709 1801 1001 1848 antesignanos
1027 1801 1173 1845 locata,
1201 1813 1293 1849 pars
1319 1807 1414 1850 post
1431 1802 1546 1850 signa

129 1877 316 1920 accepta;
351 1872 505 1919 equites
538 1883 690 1908 cornua
724 1871 896 1907 cinxere.
960 1870 1192 1907 Hasdrubal
1215 1872 1393 1907 mediam
1416 1871 1586 1910 aciem4

128 1941 322 1990 Hispanis
345 1941 492 1985 firmat;
520 1942 562 1978 in
588 1942 790 1985 cornibus,
820 1942 962 1976 dextro
981 1941 1131 1977 Poenos
1156 1941 1275 1985 locat,
1305 1942 1406 1978 laevo
1423 1942 1543 1979 Afros

127 2012 547 2060 mercenariorumque
572 2012 736 2055 auxilia;
763 2011 940 2059 equitum
965 2010 1162 2047 Numidas
1186 2012 1404 2047 Poenorum
1429 2013 1544 2060 pedi-

127 2082 245 2125 tibus,
271 2087 428 2118 ceteros
453 2081 558 2117 Afris
582 2094 655 2130 pro
682 2082 870 2118 cornibus
895 2082 1078 2130 apponit.
1127 2080 1212 2118 Nec
1238 2093 1381 2118 omnes
1406 2082 1543 2118 Numi·
1559 2082 1584 2118 ἴ)

128 2152 191 2197 dae
218 2152 259 2187 in
287 2152 429 2188 dextro
458 2152 579 2188 locati
603 2163 742 2196 cornu,
772 2153 846 2188 sed
871 2152 1013 2199 quibus
1037 2152 1287 2188 desultorum
1309 2152 1351 2188 in
1374 2153 1542 2188 modum

126 2221 246 2257 binos
285 2221 535 2258 trahentibus
573 2233 701 2269 equos
738 2222 842 2258 inter
880 2222 1114 2258 acerrimam
1148 2234 1256 2270 saepe
1288 2235 1468 2270 pugnam
1501 2223 1539 2258 in

125 2295 330 2329 recentem
355 2303 502 2339 equum
527 2304 574 2327 ex
600 2291 709 2328 fesso
735 2292 897 2328 armatis
922 2292 1160 2328 transultare
1185 2304 1273 2328 mos
1298 2297 1402 2335 erat;
1428 2297 1540 2328 tanta

125 2360 318 2397 velocitas
341 2361 438 2409 ipsis
463 2366 626 2409 tamque
651 2362 783 2398 docile
809 2373 1003 2409 equorum
1027 2374 1156 2410 genus
1180 2367 1254 2398 est.
1304 2362 1438 2407 Quum
1462 2362 1539 2398 hoc
1555 2360 1581 2399 6

125 2431 253 2467 modo
291 2431 471 2467 instructi
510 2436 674 2475 starent,
717 2432 1004 2480 imperatorum
1036 2432 1241 2479 utriusque
1273 2433 1396 2480 partis
1430 2432 1539 2467 haud

126 2499 251 2536 ferme
268 2500 451 2548 dispares
469 2512 562 2549 spes
580 2506 695 2544 erant
703 2512 712 2544 3
738 2513 832 2537 nam
849 2514 901 2537 ne
919 2502 1084 2537 multum
1102 2502 1265 2549 quidem
1285 2507 1353 2537 aut
1370 2513 1538 2537 numero

126 2575 195 2605 aut
230 2582 380 2618 genere
418 2571 584 2606 militum
623 2571 663 2606 hi
701 2576 771 2607 aut
801 2571 854 2607 illi
886 2572 1151 2620 praestabant;
1195 2571 1384 2607 militibus
1416 2571 1538 2619 longe

127 2639 264 2687 dispar
281 2640 437 2677 animus
455 2646 552 2677 erat.
600 2641 796 2677 Romanis
815 2641 934 2685 enim,
960 2653 1193 2688 quanquam
1210 2641 1350 2688 procul
1368 2652 1392 2676 a
1409 2640 1538 2689 patria
1555 2639 1576 2679 Τ

1191 2706 1254 2740 10*
