1789 2955
554 99 658 130 Liber
684 100 808 130 XXIV.
850 98 903 141 (A.
933 100 993 131 Ch.
1026 100 1122 143 214.)
1460 103 1542 144 207

130 237 310 279 possent,
343 230 525 279 peditum
558 230 817 278 equitumque
840 232 968 279 copiae
992 232 1032 267 in
1057 232 1229 268 Siciliam
1255 233 1543 270 traiicerentur.

129 301 363 338 Adveniens
395 300 648 344 Heracleam,
689 301 791 337 intra
830 308 984 349 paucos
1022 302 1119 338 inde
1160 302 1247 338 dies
1279 303 1543 351 Agrigentum
1558 303 1583 341 6

128 369 298 420 recepit;
332 372 578 419 aliarumque
611 371 841 415 civitatium,
875 383 964 419 quae
996 372 1119 419 partis
1149 371 1543 421 Carthaginiensium

128 448 254 485 erant,
279 442 387 478 adeo
412 453 595 478 accensae
619 447 712 478 sunt
735 453 828 490 spes
853 442 908 477 ad
932 442 1146 489 pellendos
1164 442 1296 479 Sicilia
1314 442 1540 487 Romanos,

127 518 169 547 ut
193 517 399 559 postremo
428 513 562 556 etiam,
591 513 657 560 qui
676 512 968 548 obsidebantur
986 512 1205 559 Syracusis,
1234 512 1394 548 animos
1413 519 1541 549 sustu-

126 582 242 617 lerint
269 587 320 626 et,
350 588 463 630 parte
492 583 699 630 copiarum
730 583 825 618 satis
854 581 1023 617 defendi
1051 583 1189 618 urbem
1219 594 1342 631 posse
1370 583 1457 626 rati,
1485 583 1576 622 itaT

125 652 228 688 inter
256 664 298 688 se
324 664 491 688 munera
516 653 606 688 belli
633 653 765 700 partiti
789 653 880 696 sint,
910 658 952 688 ut
969 652 1174 700 Epicydes
1198 659 1391 701 praeesset
1409 660 1542 690 custo—

126 722 203 758 diae
227 722 347 767 urbis,
372 722 644 771 Hippocrates
668 722 887 759 Himilconi
912 722 1152 759 coniunctus
1177 724 1323 759 bellum
1348 725 1541 761 adversus

126 793 334 829 consulem
360 794 589 830 Romanum
615 798 786 841 gereret.
851 792 952 828 Cum
979 794 1122 829 decem
1148 794 1320 829 millibus
1344 794 1539 842 peditum,
1556 793 1581 834 8

125 863 354 911 quingentis
382 864 582 912 equitibus
608 869 730 900 nocte
758 875 829 912 per
855 863 1082 900 intermissa
1111 864 1305 900 custodiis
1333 864 1424 900 loca
1448 877 1541 913 pro-

124 932 252 969 sectus
292 940 423 970 castra
462 934 567 970 circa
607 934 773 970 Acrillas
813 934 952 969 urbem
991 934 1186 981 ponebat.
1263 933 1580 975 Munientibus9

124 1005 353 1052 supervenit
369 1004 583 1041 Marcellus
608 1005 659 1040 ab
677 1004 900 1052 Agrigento
917 1005 997 1040 iam
1016 1010 1231 1053 occupato,
1257 1016 1379 1051 quum
1397 1004 1541 1041 frustra

123 1085 173 1109 eo
192 1075 410 1122 praevenire
428 1075 587 1111 hostem
606 1075 802 1111 festinans
820 1074 1074 1119 tetendisset,
1092 1075 1267 1119 rediens,
1293 1076 1391 1111 nihil
1408 1077 1540 1113 minus

122 1149 243 1187 ratus,
269 1156 390 1192 quam
414 1145 482 1182 illo
506 1150 690 1193 tempore
713 1157 760 1181 ac
784 1145 877 1181 loco
901 1146 1198 1193 Syracusanum
1224 1146 1297 1181 sibi
1322 1146 1539 1182 exercitum

123 1214 283 1250 obvium
317 1214 424 1259 fore;
459 1216 533 1252 sed
565 1220 701 1251 tamen
734 1220 842 1251 metu
876 1214 1115 1251 Himilconis
1147 1216 1460 1264 Poenorumque,
1496 1222 1537 1252 ut
1554 1215 1608 1256 10

122 1284 265 1332 quibus
288 1297 546 1334 nequaquam
569 1285 626 1322 eis
651 1286 792 1334 copiis,
824 1297 924 1333 quas
948 1285 1137 1329 habebat,
1168 1299 1240 1334 par
1265 1292 1386 1331 esset,
1417 1300 1537 1335 quam

121 1360 281 1403 poterat
308 1356 480 1392 maxime
503 1356 681 1392 intentus
707 1361 828 1404 atque
851 1356 1013 1404 agmine
1037 1357 1091 1392 ad
1116 1368 1259 1393 omnes
1285 1368 1402 1393 casus
1428 1369 1538 1394 com—

122 1426 258 1473 posito
284 1426 381 1462 ibat.
435 1426 556 1462 Forte
583 1439 632 1462 ea
662 1438 769 1470 cura,
798 1438 886 1474 quae
914 1427 1108 1463 adversus
1138 1427 1288 1464 Poenos
1316 1432 1541 1476 praeparata
1603 1424 1664 1468 36

123 1500 222 1539 erat,
248 1497 442 1533 adversus
464 1497 619 1534 Siculos
643 1498 730 1534 usui
755 1497 838 1533 fuit.
889 1496 1039 1533 Castris
1063 1498 1268 1546 ponendis
1291 1497 1539 1546 incomposi-

123 1572 187 1602 tos
210 1578 257 1603 ac
281 1567 489 1615 dispersos
512 1572 684 1604 nanctus
702 1579 774 1604 eos
792 1573 832 1603 et
848 1568 1064 1616 plerosque
1081 1569 1269 1612 inermes,
1294 1569 1406 1615 quod
1424 1569 1539 1617 pedi-

124 1642 205 1671 tum
224 1636 308 1681 fuit,
335 1637 612 1681 circumvenit;
639 1650 776 1685 eques,
804 1638 878 1673 levi
897 1639 1115 1674 certamine
1132 1639 1246 1682 inito,
1273 1650 1363 1675 cum
1380 1639 1538 1687 Hippo-

123 1712 231 1743 crate
262 1708 387 1744 Acras
420 1707 607 1756 perfugit.

239 1776 301 1813 Ea
327 1790 466 1826 pugna
494 1778 730 1815 deficientes
759 1779 809 1814 ab
834 1779 1030 1815 Romanis
1059 1791 1180 1826 quum
1207 1780 1454 1816 cohibuisset
1479 1779 1578 1818 ss?

122 1847 247 1892 culos,
265 1846 480 1885 Marcellus
498 1849 717 1897 Syracusas
734 1848 871 1892 rediit;
901 1854 941 1885 et
958 1854 1051 1897 post
1069 1861 1222 1897 paucos
1241 1850 1329 1886 dies
1348 1850 1536 1894 Himilco,

121 1918 314 1954 adiuncto
349 1917 611 1967 Hippocrate,
649 1920 703 1955 ad
736 1919 885 1955 flumen
918 1920 1118 1968 Anapum,
1154 1924 1248 1956 octo
1282 1920 1407 1956 ferme
1439 1921 1537 1957 inde

121 1988 254 2033 millia,
286 1995 417 2025 castra
440 1989 588 2037 posuit.
637 1990 718 2026 Sub
742 1990 851 2025 idem
877 1989 980 2026 forte
1005 1994 1163 2038 tempus
1189 1995 1228 2026 et
1251 2003 1376 2027 naves
1402 1990 1573 2039 longae3

121 2059 298 2107 quinque
324 2064 364 2095 et
391 2060 682 2108 quinquaginta
711 2059 1106 2109 Carthaginiensium
1131 2073 1220 2097 cum
1245 2060 1470 2098 Bomilcare
1495 2063 1535 2097 in

121 2143 311 2178 magnum
350 2136 513 2179 portum
544 2130 762 2178 Syracusas
802 2143 850 2167 ex
889 2131 970 2167 alto
1004 2131 1231 2176 decurrere,
1276 2137 1316 2167 et
1348 2131 1577 2170 Romana4

120 2201 215 2236 item
233 2201 385 2244 classis,
409 2199 570 2248 triginta
588 2201 910 2249 quinqueremes,
936 2201 1140 2249 legionem
1158 2202 1327 2250 primam
1345 2202 1535 2239 Panormi

121 2280 365 2319 exposuere3
391 2283 628 2319 versumque
655 2272 705 2307 ab
722 2271 837 2308 Italia
860 2272 1007 2308 bellum
1034 2270 1156 2321 (adeo
1176 2277 1343 2320 uterque
1361 2273 1535 2321 populus

120 2341 161 2377 in
179 2341 352 2378 Siciliam
369 2342 546 2378 intentus
566 2340 651 2392 fuit)
677 2343 801 2378 videri
825 2347 998 2391 poterat.
1046 2342 1272 2391 Legionem
1290 2344 1533 2386 Romanam,
1549 2341 1576 2381 5

121 2423 209 2459 quae
233 2412 418 2460 exposita
434 2413 624 2450 Panormi
649 2418 746 2457 erat,
776 2413 1003 2449 venientem
1023 2413 1240 2460 Syracusas
1258 2414 1406 2462 praedae
1424 2413 1535 2449 haud

121 2482 243 2519 dubie
266 2483 339 2519 sibi
366 2483 536 2519 futuram
555 2483 729 2520 Himilco
752 2489 861 2520 ratus
884 2484 947 2519 via
972 2484 1182 2532 decipitur.
1231 2483 1533 2520 Mediterraneo
1548 2482 1573 2523 6

121 2565 296 2601 namque
313 2553 462 2590 Poenus
484 2554 625 2590 itinere
644 2554 775 2598 duxit;
804 2554 910 2602 legio
929 2554 1135 2591 maritimis
1153 2554 1265 2598 locis,
1295 2554 1423 2590 classe
1441 2566 1534 2602 pro-

122 2629 330 2670 sequente,
357 2624 411 2660 ad
437 2624 542 2672 App.
568 2623 781 2660 Claudiurn
806 2624 1039 2672 Pachynum
1065 2636 1153 2660 cum
1183 2629 1296 2672 parte
1324 2624 1533 2672 copiarum
