1789 2955
554 110 660 142 Liber
686 110 794 141 XXV.
846 108 899 152 (A.
928 110 990 141 Ch.
1019 109 1113 151 ⁶212.)
1453 111 1537 152 239

121 242 238 279 hoste
269 241 504 290 prohibituri
537 246 667 278 sunt.»
733 240 1008 289 Manipulares
1041 241 1100 278 sui
1133 241 1303 290 primum
1331 246 1537 278 transcen-

121 312 286 348 dentem
312 311 476 355 fossam,
503 312 599 348 dein
624 311 730 360 legio
755 316 841 347 tota
866 317 1003 348 secuta
1022 317 1095 348 est.
1143 311 1228 347 Iam
1246 317 1285 347 et
1303 312 1457 356 consul,
1483 313 1537 348 ad
1553 310 1577 349 8

121 386 385 430 conspectum
408 381 789 430 transgredientium
807 382 951 417 vallum
971 386 1126 418 mutato
1145 381 1329 423 consilio,
1355 383 1406 417 ab
1423 394 1538 418 revo-

120 453 255 489 cando
273 453 328 488 ad
344 451 577 488 incitandos
596 453 903 499 hortandosque
916 464 1053 488 versus
1067 452 1223 495 milites,
1244 452 1477 495 ostendere,
1497 452 1536 488 in

120 527 273 571 quanto
306 521 536 558 discrimine
569 534 615 558 ac
648 522 827 571 periculo
857 522 1074 558 fortissima
1099 522 1246 558 cohors
1271 522 1474 558 sociorum
1499 527 1539 557 et

120 592 263 629 civium
295 592 401 641 legio
435 598 555 629 esset.
618 592 759 640 Itaque
791 604 864 641 pro
899 605 942 629 se
966 593 1134 640 quisque
1159 604 1302 628 omnes
1326 604 1397 640 per
1421 590 1576 639 aequa9

119 668 240 711 atque
269 662 406 710 iniqua
433 663 536 707 loca,
565 675 687 711 quum
712 663 892 711 undique
918 663 997 699 tela
1023 664 1320 699 conficerentur
1345 674 1537 710 armaque

119 738 159 769 et
186 744 359 781 corpora
386 733 524 769 hostes
554 733 789 777 obiicerent,
821 734 1047 781 pervadunt
1072 734 1395 782 irrumpuntque;
1426 732 1536 768 multi

119 802 311 839 vulnerati
339 803 474 846 etiam,
503 815 606 851 quos
633 803 734 840 vires
759 808 795 840 et
819 805 983 852 sanguis
1009 805 1227 848 desereret,
1256 809 1299 840 ut
1326 804 1430 839 intra
1458 803 1538 838 val-

118 874 199 909 lum
217 873 392 910 hostium
410 874 618 916 caderent,
642 874 891 918 nitebantur;
917 880 1037 923 capta
1054 874 1189 922 itaque
1208 879 1417 910 momento
1437 878 1535 909 tem·
1553 871 1606 911 lO

118 944 228 992 poris
258 944 364 979 velut
389 944 430 979 in
458 944 582 991 plano
608 944 683 980 sita
708 956 784 980 nec
808 945 1035 993 permunita
1061 950 1206 981 castra.
1256 943 1402 980 Caedes
1425 943 1536 987 inde,

118 1026 203 1051 non
230 1014 310 1050 iam
339 1026 477 1062 pugna
506 1020 604 1057 erat,
637 1014 824 1051 omnibus
847 1015 949 1051 intra
973 1016 1119 1051 vallum
1142 1015 1361 1063 permixtis.
1411 1014 1538 1062 Supra
1556 1012 1605 1052 11

119 1085 263 1121 decem
287 1084 408 1121 millia
426 1084 601 1121 hostium
620 1085 769 1129 occisa,
801 1098 920 1134 supra
939 1091 1096 1134 septem
1112 1085 1234 1122 millia
1253 1085 1428 1133 capitum
1448 1096 1538 1121 cum

119 1155 474 1192 frumentatoribus
487 1154 707 1204 Campanis
726 1156 916 1204 omnique
935 1157 1202 1204 plauStrorum
1216 1161 1255 1192 et
1267 1156 1538 1191 iumentorum

119 1230 315 1274 apparatu
341 1230 480 1274 capta;
509 1230 549 1262 et
571 1226 649 1262 alia
672 1226 816 1275 ingens
842 1228 980 1275 praeda
1006 1227 1089 1271 fuit,
1119 1239 1240 1275 quam
1265 1226 1432 1269 Hanno,
1464 1237 1538 1274 po-

118 1296 376 1344 pulabundus
408 1296 559 1345 passim
592 1309 713 1345 quum
745 1297 854 1341 isset,
889 1310 937 1334 ex
970 1298 1173 1334 sociorum
1197 1297 1337 1346 populi
1361 1295 1537 1332 Romani

119 1367 224 1415 agris
248 1371 434 1403 traxerat.
481 1367 583 1404 Inde
607 1368 751 1404 deletis
776 1368 953 1404 hostium
978 1368 1118 1405 castris
1135 1368 1415 1404 Beneventum
1431 1366 1537 1402 redi·
1555 1362 1607 1402 12

113 1443 210 1481 tum,
244 1438 506 1486 praedamque
537 1438 592 1474 ibi
625 1439 746 1475 ambo
780 1439 967 1475 consules
1002 1437 1112 1489 (nam
1144 1444 1184 1475 et
1208 1440 1313 1487 App.
1341 1437 1536 1474 Claudius

114 1519 164 1544 eo
182 1513 277 1556 post
292 1520 447 1556 paucos
466 1509 553 1545 dies
571 1507 693 1559 venit)
719 1509 990 1545 vendiderunt
1015 1509 1331 1556 diviseruntque.
1385 1508 1437 1544 Et
1461 1508 1536 1544 do·
1554 1504 1606 1543 13

113 1578 212 1621 nati,
251 1590 421 1626 quorum
455 1590 580 1627 opera
613 1585 743 1615 castra
776 1580 951 1616 hostium
985 1584 1105 1628 capta
1138 1585 1265 1622 erant,
1306 1584 1401 1615 ante
1434 1578 1535 1614 alios

114 1649 271 1684 Accaus
281 1648 470 1696 Pelignus
482 1649 802 1694 etPPedanius‚
822 1650 1010 1698 princeps
1021 1649 1342 1698 tertiaelegionis.
1382 1648 1534 1684 Hanno
1553 1645 1606 1684 14

113 1719 164 1755 ab
189 1718 379 1755 Cominio
404 1718 557 1764 Ocrito,
591 1732 672 1768 quo
704 1721 888 1756 nuntiata
922 1725 1145 1757 castrorum
1170 1720 1309 1756 clades
1336 1724 1409 1763 est,
1444 1731 1534 1755 cum

112 1789 252 1837 paucis
292 1789 660 1834 frumentatoribus,
707 1802 810 1838 quos
850 1790 953 1827 forte
994 1802 1131 1827 secum
1175 1791 1384 1834 habuerat,
1430 1789 1534 1838 fugae

112 1859 240 1908 magis
273 1871 396 1907 quam
427 1859 580 1896 itineris
612 1861 739 1897 modo
773 1861 813 1897 in
839 1860 1014 1898 Bruttios
1048 1861 1179 1898 rediit.
1243 1861 1295 1897 Et
1319 1859 1531 1909 Campani,
1597 1853 1642 1897 15

113 1930 252 1966 audita
276 1942 348 1967 sua
372 1930 519 1978 pariter
543 1931 827 1979 sociorumque
852 1932 982 1976 clade,
1009 1933 1168 1980 legatos
1186 1933 1240 1968 ad
1258 1931 1531 1967 Hannibalem

112 2001 318 2045 miserunt,
344 2001 411 2048 qui
434 2001 679 2046 nuntiarent,
705 2002 811 2038 duos
835 2002 1024 2039 consules
1047 2003 1104 2039 ad
1121 2002 1400 2039 Beneventum
1426 2014 1530 2045 esse,

113 2070 194 2107 diei
225 2071 299 2107 iter
332 2083 355 2107 a
384 2070 545 2119 Capua;
579 2077 733 2108 tantum
766 2084 850 2108 non
885 2073 938 2108 ad
970 2078 1109 2121 portas
1143 2079 1182 2109 et
1214 2085 1350 2109 muros
1383 2073 1531 2109 bellum

113 2152 222 2184 esse;
262 2141 303 2177 ni
343 2153 515 2190 propere
556 2143 779 2187 subveniat,
821 2142 988 2180 celerius
1022 2142 1206 2192 Capuam
1246 2156 1366 2192 quam
1399 2145 1532 2192 Arpos

113 2211 152 2248 in
192 2216 436 2260 potestatem
476 2212 652 2249 hostium
689 2219 911 2250 venturam.
988 2213 1050 2249 Ne
1091 2213 1313 2250 Tarentum
1352 2213 1574 2262 quidem‚2

113 2294 198 2318 non
235 2282 362 2318 modo
403 2294 550 2327 arcem,
599 2283 699 2320 tanti
739 2284 890 2320 debere
929 2296 1032 2327 esse,
1082 2290 1124 2320 ut
1164 2283 1361 2333 Capuam,
1411 2296 1531 2332 quam

115 2351 348 2400 Carthagini
381 2363 542 2401 aequare
575 2354 624 2390 sit
655 2354 808 2398 solitus,
850 2355 1054 2390 desertam
1086 2354 1426 2402 indefensamque
1459 2366 1533 2402 po-

113 2423 209 2471 pulo
242 2423 432 2460 Romano
465 2425 611 2460 tradat.
690 2424 895 2461 Hannibal
929 2437 1033 2462 curae
1067 2425 1142 2462 sibi
1175 2425 1261 2462 fore
1295 2437 1379 2461 rem
1413 2423 1572 2463 Cam-3

114 2505 262 2541 panam
310 2494 522 2542 pollicitus,
569 2495 610 2531 in
658 2496 873 2544 praesentia
920 2496 1003 2532 duo
1050 2495 1171 2532 millia
1219 2495 1396 2542 equitum
1442 2506 1531 2531 cum

115 2563 256 2611 legatis
295 2563 426 2609 mittit,
475 2576 556 2612 quo
595 2566 785 2614 praesidio
826 2578 946 2614 agros
987 2564 1318 2614 populationibus
1362 2569 1533 2613 possent

114 2633 342 2681 prohibere.
