1768 2943
249 122 327 162 103
671 120 772 151 Liber
797 120 906 151 XXII.
941 119 995 162 (Α.
1023 131 1052 152 u.
1081 131 1109 152 c.
1137 119 1232 162 538.)

244 263 434 287 mennum
466 250 598 299 priore
630 263 740 287 anno
772 251 936 296 amisso,
970 264 1053 288 non
1085 252 1225 288 vulnus
1249 264 1369 300 super
1393 253 1547 298 vulnus,
1581 255 1654 291 sed

243 321 447 369 multiplex
471 321 622 365 clades,
649 332 739 357 cum
763 322 923 358 duobus
942 323 1174 359 consulibus
1193 323 1276 358 duo
1295 323 1527 359 consulares
1545 335 1655 360 exer-

244 391 343 427 eitus
376 390 511 427 amissi
543 391 842 434 nuntiabantur,
877 404 951 429 nec
983 393 1062 428 ulla
1093 393 1171 428 iam
1205 397 1336 429 castra
1364 393 1551 429 Romana
1580 405 1656 431 nee

180 460 389 501 lOducem
422 472 498 498 nec
530 461 693 497 militem
727 473 835 506 esse;
870 461 1111 499 Hannibalis
1139 462 1337 511 Apuliam,
1371 462 1575 499 Samnium
1608 475 1656 501 ac

242 533 322 568 iam
353 544 481 580 prope
514 537 640 567 totam
672 531 826 568 Italiam
860 531 1021 569 factam.
1084 532 1202 568 Nulla
1233 532 1418 581 profecto
1452 533 1529 569 alia
1555 545 1656 582 gens

180 601 227 641 11
246 607 357 638 tanta
381 602 488 638 mole
513 601 638 638 cladis
663 614 748 638 non
767 602 910 639 obruta
927 608 1047 639 esset.
1096 602 1319 651 Compares
1336 603 1483 639 scilicet
1499 603 1657 640 cladem

243 673 297 708 ad
310 672 478 720 AEgates
488 671 638 708 insulas
648 671 1039 721 Carthaginiensium
1048 673 1190 721 proelio
1199 673 1331 709 navali
1340 678 1564 721 acceptam,
1578 685 1658 721 qua

244 742 357 779 fracti
389 742 521 778 Sicilia
562 754 610 778 ac
641 742 827 779 Sardinia
865 754 1024 779 cessere
1062 747 1098 778 et
1135 743 1351 792 vectigales
1383 755 1430 780 ac
1463 743 1658 792 stipendi-

244 813 349 849 arios
389 812 473 848 fieri
512 824 555 848 se
593 813 700 860 passi
734 818 838 857 sunt,
879 818 947 849 aut
978 826 1157 862 pugnam
1191 814 1404 850 adversam
1436 813 1475 850 in
1509 813 1657 858 Africa,

243 883 305 920 cui
334 888 478 931 postea
506 882 568 919 hic
595 883 682 931 ipse
707 882 912 919 Hannibal
941 883 1170 928 succubuit;
1204 884 1313 919 nulla
1338 896 1386 919 ex
1410 888 1524 931 parte
1548 895 1658 920 com-

243 954 436 1002 parandae
469 958 572 997 sunt,
607 953 681 989 nisi
714 954 827 1001 quod
858 953 1014 989 minore
1047 953 1183 989 animo
1217 953 1306 990 latae
1339 958 1443 990 sunt.

118 1021 179 1064 55
359 1024 402 1059 P.
432 1023 571 1059 Furius
601 1023 734 1060 Philus
763 1029 802 1060 et
825 1023 880 1059 M.
905 1024 1155 1072 Pomponius
1184 1029 1377 1072 praetores
1406 1028 1589 1060 senatum
1617 1024 1657 1060 in

244 1094 391 1130 curiam
417 1093 631 1130 Hostiliam
664 1099 920 1138 vocaverunt,
955 1099 997 1130 ut
1029 1094 1082 1130 de
1114 1094 1221 1130 urbis
1254 1094 1440 1130 custodia
1467 1095 1651 1131 consule-

203 1163 349 1207 2rent3
382 1175 515 1212 neque
548 1164 656 1200 enim
689 1164 942 1208 dubitabant,
976 1163 1120 1200 deletis
1154 1163 1393 1200 exercitibus
1421 1164 1579 1201 hostem
1605 1165 1659 1201 ad

244 1234 565 1283 oppugnandam
584 1235 769 1279 Romam,
797 1235 909 1283 quod
934 1247 1057 1271 unum
1082 1246 1184 1282 opus
1202 1234 1295 1270 belli
1313 1240 1492 1279 restaret,
1518 1240 1659 1271 ventu-

203 1303 341 1344 3rum.
405 1305 539 1351 Quum
572 1305 612 1341 in
645 1305 758 1341 malis
787 1305 901 1341 sicuti
923 1305 1167 1353 ingentibus,
1200 1305 1255 1340 ita
1279 1304 1428 1352 ignotis
1452 1318 1504 1341 ne
1529 1306 1660 1342 consi-

243 1375 335 1411 lium
369 1375 533 1423 quidem
566 1375 662 1411 satis
695 1376 945 1423 expedirent,
980 1376 1312 1423 obstreperetque
1336 1375 1486 1412 clamor
1510 1375 1661 1412 lamen-

243 1447 411 1482 tantium
450 1445 657 1481 mulierum
698 1451 749 1487 et,
794 1446 977 1482 nondum
1021 1444 1280 1493 palamfacto,
1325 1445 1399 1480 vivi
1431 1445 1659 1493 mortuique

201 1515 314 1565 4per
346 1528 488 1552 omnes
521 1528 637 1564 paene
670 1517 818 1552 domos
850 1516 1079 1564 promiscue
1107 1516 1465 1564 complorarentur,
1499 1521 1581 1552 tum
1607 1515 1658 1562 Q.

244 1586 390 1622 Fabius
408 1586 607 1622 Maximus
633 1587 800 1630 censuit,
826 1587 981 1634 equites
1005 1586 1219 1634 expeditos
1245 1590 1284 1621 et
1301 1585 1433 1634 Appia
1457 1591 1497 1622 et
1513 1585 1659 1622 Latina

243 1657 306 1692 via
337 1657 571 1700 mittendos,
606 1656 673 1704 qui
706 1657 847 1693 obvios
881 1656 1167 1705 percontando
1201 1655 1372 1706 (aliquos
1401 1656 1584 1704 profecto
1609 1668 1658 1693 ex

244 1727 340 1775 fuga
371 1727 522 1775 passim
554 1727 774 1776 dissipatos
808 1725 908 1777 fore)
930 1727 1120 1771 referant,
1153 1738 1242 1774 quae
1266 1726 1426 1762 fortuna
1449 1727 1660 1763 consulum

202 1796 363 1846 5atque
400 1797 644 1834 exercituum
677 1798 728 1834 sit
759 1803 810 1841 et,
845 1798 876 1834 si
909 1799 1006 1846 quid
1040 1798 1081 1833 di
1103 1797 1364 1841 immortales,
1397 1797 1560 1833 miseriti
1588 1797 1660 1832 im-

244 1869 355 1917 perii,
389 1869 583 1916 reliquum
606 1868 780 1904 Romani
813 1868 987 1904 nominis
1021 1867 1201 1911 fecerint,
1235 1867 1302 1902 ubi
1328 1879 1386 1904 eae
1408 1867 1536 1915 copiae
1560 1867 1658 1911 sint;

244 1950 325 1986 quo
358 1950 401 1974 se
434 1938 638 1974 Hannibal
671 1943 764 1986 post
795 1938 978 1986 proelium
1010 1938 1234 1981 contulerit,
1269 1937 1367 1985 quid
1399 1942 1525 1986 paret,
1559 1937 1658 1985 quid

207 2006 231 2047 6
248 2014 343 2056 agat
364 2013 604 2055 acturusque
627 2008 689 2044 sit.
744 2007 842 2045 Haec
865 2009 1116 2057 exploranda
1137 2007 1431 2054 noscendaque
1453 2019 1525 2056 per
1545 2007 1660 2056 impi-

244 2090 338 2127 gros
370 2078 535 2114 iuvenes
568 2089 677 2119 esse:
711 2078 808 2114 illud
830 2090 900 2126 per
923 2084 1057 2127 patres
1080 2078 1191 2126 ipsos
1214 2078 1432 2126 agendum,
1467 2077 1660 2125 quoniam

245 2148 546 2196 magistratuum
572 2160 713 2196 parum
732 2148 792 2191 sit,
818 2153 861 2184 ut
878 2149 1089 2184 tumultum
1107 2160 1155 2184 ac
1172 2148 1486 2196 trepidationem
1503 2147 1544 2183 in
1561 2148 1658 2184 urbe

246 2219 400 2262 tollant,
441 2223 646 2254 matronas
686 2219 847 2266 publico
888 2224 1053 2254 arceant
1092 2218 1371 2265 continerique
1409 2218 1513 2254 intra
1545 2229 1659 2254 suum

210 2287 448 2337 Yquamque
488 2288 609 2324 limen
648 2294 811 2337 cogant,
852 2289 1125 2337 comploratus
1158 2288 1396 2324 familiarum
1428 2293 1656 2332 coerceant,

247 2359 447 2395 silentium
476 2371 547 2407 per
575 2359 715 2395 urbem
744 2359 906 2403 faciant,
941 2359 1104 2396 nuntios
1128 2370 1259 2394 rerum
1282 2358 1461 2394 omnium
1484 2359 1538 2394 ad
1560 2370 1659 2406 prae-

247 2435 354 2465 tores
379 2429 650 2465 deducendos
669 2435 820 2473 curent,
847 2442 928 2466 suae
946 2429 1116 2477 quisque
1134 2428 1304 2465 fortunae
1322 2427 1434 2464 domi
1451 2432 1658 2464 auctorem

210 2498 234 2538 8
248 2504 495 2547 exspectent,
530 2500 802 2548 custodesque
824 2505 1019 2548 praeterea
1040 2500 1095 2535 ad
1116 2503 1254 2547 portas
1275 2503 1445 2546 ponant,
1479 2497 1545 2545 qui
1567 2508 1660 2545 pro-

248 2570 413 2605 hibeant
445 2581 688 2617 quemquam
722 2570 860 2618 egredi
893 2570 1003 2614 urbe,
1038 2574 1269 2617 cogantque
1301 2568 1486 2604 homines
1511 2568 1660 2604 nullam

248 2640 321 2676 nisi
346 2640 443 2676 urbe
466 2651 513 2677 ac
536 2640 737 2676 moenibus
762 2640 879 2676 salvis
903 2639 1071 2676 salutem
1096 2651 1271 2687 sperare.
1320 2638 1399 2674 Ubi
1423 2636 1660 2674 conticuerit
