1768 2943
506 120 611 150 Liber
637 120 747 150 XXII.
797 119 854 161 (A.
882 120 943 151 Ch.
971 119 1066 163 217.)
1439 124 1492 165 67

74 251 129 287 cis
152 251 276 299 Alpes
302 256 406 296 sunt,
435 255 519 287 tum
548 251 704 286 donum
729 249 815 286 duit
838 251 1013 299 populus
1036 252 1247 290 Romanus
1266 254 1492 300 Quiritium,
1509 253 1535 294 3

73 322 186 370 quod
203 333 270 358 ver
287 321 462 358 attulerit
478 333 527 357 ex
545 321 674 365 suillo,
701 320 835 365 ovillo,
861 320 1042 369 caprino,
1063 322 1211 359 bovillo
1229 336 1366 373 grege,
1387 338 1494 374 quae-

72 404 150 440 que
182 392 355 441 profana
379 396 507 436 erunt,
541 391 625 428 Iovi
650 390 746 435 fieri,
780 403 828 427 ex
853 403 932 439 qua
956 391 1023 427 die
1048 397 1213 430 senatus
1237 396 1494 445 populusque

70 463 240 500 iusserit.
290 463 368 509 Qui
402 462 535 506 faciet,
569 461 738 510 quando
771 461 879 497 volet
910 473 1072 510 quaque
1096 463 1186 512 lege
1203 465 1324 510 volet,
1350 465 1536 511 facito;4

71 545 152 581 quo
184 534 312 570 modo
346 532 455 577 faxit,
489 533 617 581 probe
651 532 801 568 factum
834 537 937 568 esto,
1001 533 1041 569 Si
1073 533 1115 570 id
1154 535 1334 580 moritur,
1379 535 1532 585 quod-5

70 603 154 640 fieri
172 603 389 652 oportebit,
403 603 620 652 profanum
633 607 735 648 esto,
749 615 883 651 neque
897 603 1027 640 scelus
1043 609 1144 641 esto.
1179 606 1218 642 Si
1234 606 1322 654 quis
1336 614 1495 657 rumpet

71 675 282 711 occidetve
294 674 485 718 insciens,
495 686 547 709 ne
560 673 667 710 fraus
678 678 781 710 esto.
815 673 854 709 Si
864 674 953 722 quis
966 674 1122 723 clepsit,
1132 689 1185 712 ne
1194 677 1349 725 populo
1362 679 1492 716 scelus

70 749 172 790 esto,
191 757 294 781 neve
311 744 373 782 cui
392 743 568 792 cleptum
585 744 670 780 erit.
705 743 745 780 Si
763 749 850 780 atro
865 744 931 780 die
949 743 1047 781 faxit
1058 745 1249 792 insciens,
1265 748 1394 797 probe
1407 749 1490 787 fac·
1504 748 1528 788 6

69 822 151 852 tum
185 821 287 853 esto.
336 815 376 852 Si
399 819 522 851 nocte
548 815 629 851 sive
652 814 753 859 luce,
780 814 811 851 si
836 826 973 851 servus
996 815 1078 852 sive
1103 816 1201 853 liber
1225 817 1335 864 faxit,
1363 821 1492 868 probe

70 886 219 923 sactum
244 891 346 923 esto.
395 885 435 922 Si
461 885 640 929 antidea,
675 897 719 920 ac
742 891 905 922 senatus
929 887 1185 936 populusque
1213 888 1371 926 iusserit
1393 890 1490 936 fieri,

69 956 224 1002 faxitur,
244 969 295 993 eo
312 957 487 1005 populus
505 956 659 992 solutus
683 956 782 992 liber
799 961 927 992 esto.»
979 956 1175 994 Eiusdem
1192 959 1249 995 rei
1267 971 1390 997 causa
1407 961 1491 997 ludi
1506 960 1527 999 7

68 1028 205 1077 magni
222 1027 304 1064 voti
329 1027 415 1064 aeris
439 1026 629 1063 trecentis
656 1026 816 1074 triginta
840 1025 964 1063 tribus
990 1027 1175 1073 millibus,
1201 1032 1385 1067 trecentis
1412 1033 1490 1068 tri-

66 1099 180 1147 ginta
219 1098 349 1135 tribus
387 1098 544 1142 triente,
587 1102 782 1146 praeterea
821 1097 952 1134 bubus
989 1097 1075 1134 Iovi
1114 1101 1317 1146 trecentis,
1358 1103 1490 1140 multis

68 1169 154 1206 aliis
186 1169 288 1206 divis
320 1169 451 1205 bubus
480 1168 580 1205 albis
609 1172 730 1214 atque
761 1167 903 1203 ceteris
931 1168 1086 1206 hostiis.
1136 1169 1255 1208 Votis
1285 1172 1359 1208 rite
1386 1172 1526 1212 nun-8

69 1240 237 1289 cupatis,
271 1238 512 1288 supplicatio
531 1239 685 1282 edicta;
720 1238 1069 1287 supplicatumque
1093 1240 1175 1277 iere
1199 1253 1289 1278 cum
1308 1244 1490 1292 coniugi—

67 1311 142 1348 bus
174 1322 221 1348 ac
254 1310 388 1347 liberis
422 1322 506 1346 non
541 1309 697 1345 urbana
725 1308 940 1345 multitudo
967 1314 1136 1355 tantum,
1171 1312 1246 1348 sed
1271 1314 1488 1362 agrestium

67 1381 201 1426 etiam,
235 1393 338 1430 quos
361 1381 403 1417 in
428 1381 562 1428 aliqua
587 1392 659 1416 sua
684 1378 846 1415 fortuna
862 1379 1024 1427 publica
1041 1393 1205 1430 quoque
1224 1384 1490 1434 contingebat

67 1464 174 1489 cura.
237 1451 343 1488 Tum
375 1450 661 1488 lectisternium
693 1462 764 1498 per
801 1449 977 1487 triduum
1015 1451 1208 1498 habitum,
1250 1455 1487 1494 decemviris
1502 1454 1526 1493 9

67 1534 272 1559 sacrorum
304 1522 550 1559 curantibus.
614 1521 691 1557 Sex
724 1520 946 1569 pulvinaria
983 1521 1025 1557 in
1058 1531 1282 1572 conspectu
1316 1526 1487 1573 fuerunt,

64 1592 150 1629 Iovi
182 1604 230 1629 ac
261 1592 408 1630 Iunoni
441 1605 577 1636 unum,
612 1592 780 1627 alterum
806 1589 999 1639 Neptuno
1025 1604 1073 1629 ac
1097 1592 1302 1640 Minervae,
1329 1598 1488 1634 tertium

65 1662 185 1699 Marti
203 1675 250 1699 ac
268 1663 432 1706 Veneri,
459 1667 643 1711 quartum
661 1661 839 1710 Apollini
857 1673 905 1697 ac
922 1660 1078 1707 Dianae,
1098 1664 1282 1711 quintum
1300 1666 1487 1705 Vulcano

65 1746 113 1770 ac
131 1734 281 1778 Vestae,
315 1740 470 1770 sextum
487 1732 690 1770 Mercurio
715 1737 755 1767 et
779 1730 928 1767 Cereri.
977 1732 1082 1769 Tum
1107 1735 1216 1772 aedes
1240 1742 1356 1774 votae.
1406 1739 1486 1775 Ve-
1503 1737 1556 1777 10

64 1805 149 1842 neri
167 1805 350 1854 Erycinae
369 1805 500 1842 aedem
519 1803 569 1849 Q.
589 1803 736 1839 Fabius
754 1801 954 1838 Maximus
973 1802 1148 1841 dictator
1164 1806 1284 1851 vovit,
1311 1808 1406 1856 quia
1431 1809 1486 1846 ita

65 1888 113 1912 ex
146 1876 333 1913 fatalibus
365 1875 473 1912 libris
497 1874 650 1910 editum
678 1877 776 1916 erat,
811 1876 852 1907 ut
875 1871 908 1908 is
932 1880 1107 1919 voveret,
1135 1877 1246 1914 cuius
1268 1879 1486 1916 maximum

63 1947 274 1996 imperium
284 1947 325 1983 in
338 1946 497 1983 civitate
510 1949 636 1988 esset;
657 1943 784 1979 Menti
798 1943 929 1979 aedem
940 1942 988 1979 T.
1001 1942 1196 1983 Otacilius
1209 1954 1356 1996 praetor
1365 1951 1484 1988 vovit.

182 2017 241 2054 Ita
272 2018 392 2054 rebus
417 2016 562 2053 divinis
589 2013 776 2064 peractis,
810 2018 894 2049 tum
917 2013 970 2049 de
994 2014 1100 2051 bello
1123 2028 1247 2066 reque
1272 2017 1361 2070 [de]
1385 2022 1486 2070 pub-
1550 2017 1577 2061 ΙΙ

63 2088 139 2125 lica
171 2088 346 2125 dictator
377 2087 538 2131 rettulit,
573 2086 717 2134 quibus
750 2088 931 2131 quotque
959 2084 1187 2133 legionibus
1211 2090 1350 2127 victori
1379 2092 1484 2129 hosti

64 2159 225 2196 obviam
257 2160 436 2196 eundum
468 2170 558 2195 esse
581 2161 716 2206 patres
740 2159 967 2190 censerent.
1015 2155 1246 2205 Decretum,
1272 2167 1314 2197 ut
1338 2163 1389 2199 ab
1409 2162 1483 2199 Cn.
1500 2161 1526 2200 ‘2

63 2230 228 2267 Servilio
261 2230 428 2267 consule
461 2228 678 2265 exercitum
717 2225 938 2273 acciperet;
979 2227 1171 2265 scriberet
1209 2237 1404 2280 praeterea
1437 2247 1485 2271 ex

63 2301 214 2338 civibus
253 2302 469 2349 sociisque,
510 2302 705 2347 quantum
744 2294 923 2343 equitum
962 2308 1009 2333 ac
1048 2300 1231 2346 peditum
1263 2303 1482 2348 videretur;

64 2377 198 2409 cetera
240 2373 377 2409 omnia
420 2376 559 2420 ageret
601 2369 846 2414 faceretque,
890 2369 933 2401 ut
966 2378 987 2401 e
1018 2379 1061 2403 re
1100 2372 1262 2418 publica
1302 2375 1480 2411 duceret.

63 2443 211 2480 Fabius
243 2443 345 2480 duas
377 2442 561 2492 legiones
581 2454 623 2477 se
641 2438 892 2475 adiecturum
910 2437 963 2472 ad
982 2437 1244 2480 Servilianum
1263 2445 1481 2481 exercitum
1510 2442 1536 2481 3

64 2513 175 2550 dixit.
237 2513 288 2550 Iis
331 2526 402 2562 per
441 2513 675 2562 magistrum
715 2507 894 2556 equitum
933 2510 1089 2560 scriptis
1123 2512 1248 2549 Tibur
1281 2514 1389 2549 diem
1428 2515 1482 2550 ad

63 2584 390 2620 conveniendum
423 2584 558 2621 edixit.
623 2583 852 2627 Edictoque
884 2584 1111 2633 proposito,
1145 2588 1199 2628 ut,
1234 2584 1377 2631 quibus
1411 2584 1523 2633 op-4

63 2654 161 2703 pida
193 2655 439 2703 castellaque
470 2654 680 2691 immunita
710 2661 858 2700 essent,
892 2656 947 2692 uti
977 2656 1289 2703 commigrarent
1320 2655 1360 2691 in
1393 2655 1484 2692 loca

1196 2720 1238 2755 ὃ*
