1789 2955
580 100 684 130 Liber
708 99 814 130 XXV.
867 99 920 141 (A.
943 99 1004 130 cn.
1027 97 1121 139 213.)
1468 100 1553 140 223

137 234 210 270 sed
233 233 274 269 in
298 232 459 281 publico
483 232 602 267 etiam
628 243 674 268 ac
694 231 782 268 foro
802 230 1087 280 Capitolioque
1105 231 1313 267 mulierum
1331 231 1447 267 turba
1465 237 1549 267 erat

134 314 212 340 nec
238 302 545 339 sacrificantium
573 313 649 338 nec
676 302 926 350 precantium
957 302 1060 338 deos
1090 302 1220 350 patrio
1248 313 1374 338 more.
1423 300 1590 340 Sacri-8

71 391 74 395 ·
134 373 236 410 ficuli
265 385 312 410 ac
340 378 452 409 vates
480 378 672 420 ceperant
700 372 908 408 hominum
932 377 1110 415 mentes;
1145 383 1315 420 quorum
1339 384 1549 408 numerum

133 444 241 480 auxit
266 443 413 480 rustica
440 443 567 491 plebs,
601 454 649 478 ex
675 442 834 479 incultis
862 442 1020 478 diutino
1048 443 1155 478 bello
1182 442 1420 490 infestisque
1444 443 1550 490 agris

133 519 313 563 egestate
346 519 386 550 et
417 518 526 549 metu
557 513 598 548 in
630 513 769 548 urbem
803 513 1025 561 compulsa,
1060 518 1099 548 et
1131 517 1306 560 quaestus
1340 525 1387 548 ex
1416 512 1549 548 alieno

132 597 266 621 errore
311 584 450 627 facilis,
494 595 614 631 quem
656 583 762 618 velut
804 594 1012 619 concessae
1052 584 1146 619 artis
1186 595 1259 619 usu
1292 584 1548 619 exercebant.

130 655 264 692 Primo
288 659 452 691 secretae
477 654 677 689 bonorum
701 653 1007 701 indignationes
1026 654 1367 697 exaudiebantur;
1397 654 1548 689 deinde
1564 649 1590 689 9

130 726 185 762 ad
230 730 365 774 patres
413 724 534 760 etiam
581 735 629 760 ac
670 724 872 772 publicam
917 724 1211 772 querimoniam
1256 724 1428 761 excessit
1471 736 1547 760 res.

128 795 303 833 Incusati
327 794 500 843 graviter
524 795 575 830 ab
600 800 743 830 senatu
761 794 898 830 aediles
916 794 1186 842 triumvirique
1204 795 1410 843 capitales,
1436 795 1549 842 quod
1567 790 1621 831 10

129 878 213 903 non
238 865 512 914 prohiberent,
547 877 668 913 quum
693 877 881 900 emovere
905 877 994 900 eam
1020 865 1317 901 multitudinem
1341 878 1363 901 e
1388 865 1477 902 foro
1501 877 1548 902 ac

128 936 312 973 disiicere
337 941 555 985 apparatus
581 947 785 973 sacrorum
811 935 947 971 conati
975 940 1124 979 essent,
1150 935 1260 971 haud
1278 936 1415 984 procul
1435 935 1546 979 afuit,

128 1007 224 1055 quin
248 1007 503 1043 violarentur.
559 1006 639 1042 Ubi
662 1006 867 1055 potentius
892 1006 972 1041 iam
996 1018 1085 1042 esse
1111 1006 1153 1041 id
1176 1006 1325 1042 malum
1349 1007 1546 1054 apparuit,
1565 1003 1614 1041 11

127 1089 247 1125 quam
271 1083 313 1113 ut
338 1077 516 1113 minores
540 1089 612 1125 per
635 1077 893 1125 magistratus
920 1077 1142 1121 sedaretur,
1177 1075 1232 1112 M.
1258 1076 1423 1112 AEmilio
1448 1089 1547 1124 prae—

126 1147 201 1184 tori
226 1148 381 1184 urbano
407 1147 615 1195 negotium
641 1147 691 1183 ab
717 1153 860 1184 senatu
885 1148 1023 1183 datum
1051 1153 1124 1192 est,
1151 1152 1193 1183 ut
1210 1147 1267 1183 eis
1285 1147 1546 1195 religionibus

125 1218 319 1266 populum
343 1218 542 1254 liberaret.
596 1217 634 1254 Is
659 1224 698 1254 et
720 1218 761 1254 in
786 1218 980 1255 contione
1005 1223 1169 1254 senatus
1195 1218 1423 1254 consultum
1447 1218 1545 1254 reci·
1564 1213 1617 1253 12

125 1288 221 1324 tavit
243 1293 283 1324 et
307 1288 443 1332 edixit,
469 1294 523 1333 ut,
549 1289 778 1337 quicunque
797 1289 919 1325 libros
937 1288 1133 1325 vaticinos
1151 1289 1460 1337 precationesve
1478 1294 1547 1324 aut

123 1363 249 1394 artem
275 1358 527 1396 sacrificandi
553 1359 825 1408 conscriptam
843 1360 1022 1403 haberet,
1051 1371 1123 1395 eos
1141 1359 1264 1395 libros
1283 1370 1425 1395 omnes
1443 1359 1545 1395 litte-

123 1441 269 1477 rasque
294 1430 348 1465 ad
373 1442 416 1466 se
441 1435 535 1465 ante
561 1430 755 1466 calendas
774 1430 929 1478 Apriles
955 1429 1144 1474 deferret,
1168 1442 1248 1466 neu
1273 1430 1361 1477 quis
1385 1430 1426 1465 in
1444 1429 1544 1477 pub-

124 1500 201 1536 lico
234 1512 400 1537 sacrove
434 1500 527 1536 loco
559 1512 669 1536 novo
703 1506 770 1536 aut
803 1506 969 1537 externo
1003 1500 1078 1536 ritu
1112 1500 1367 1537 sacrificaret.

242 1570 405 1618 Aliquot
429 1571 577 1618 publici
602 1572 838 1607 sacerdotes
864 1571 1009 1607 mortui
1036 1583 1086 1606 eo
1111 1583 1221 1606 anno
1247 1576 1351 1615 sunt,
1379 1570 1424 1607 L.
1445 1570 1544 1607 Cor·
1607 1563 1636 1606 2

124 1640 251 1676 nelius
268 1639 462 1677 Lentulus
487 1640 669 1689 pontifex
696 1642 892 1678 maximus
918 1647 958 1677 et
976 1640 1021 1677 C.
1040 1641 1221 1690 Papirius
1240 1640 1286 1677 C.
1306 1641 1406 1678 filius
1424 1641 1543 1678 Maso

123 1710 306 1759 pontifex
345 1716 385 1746 et
417 1711 460 1747 P.
494 1711 633 1747 Furius
665 1711 799 1748 Philus
838 1724 964 1760 augur
997 1717 1037 1748 et
1069 1711 1115 1748 C.
1149 1712 1328 1760 Papirius
1361 1711 1407 1748 L.
1442 1712 1542 1748 filius

123 1780 242 1817 Maso
275 1781 478 1817 decemvir
510 1793 729 1818 sacrorum.
803 1782 849 1818 In
881 1782 1040 1818 Lentuli
1073 1783 1206 1819 locum
1239 1781 1295 1818 M.
1331 1777 1584 1819 Cornelius?

125 1850 342 1900 Cethegus,
385 1852 426 1887 in
458 1852 603 1900 Papirii
637 1851 712 1889 Cn.
747 1853 932 1888 Servilius
967 1851 1107 1901 Caepio
1140 1853 1354 1901 pontifices
1388 1852 1544 1889 suffecti

125 1928 234 1966 sunt;
261 1934 388 1971 augur
412 1928 569 1959 creatus
593 1922 639 1959 L.
665 1923 877 1969 Quinctius
895 1923 1156 1968 Flamininus,
1182 1924 1385 1960 decemvir
1409 1936 1544 1961 sacro-

123 2004 208 2028 rum
240 1991 287 2029 L.
322 1991 534 2030 Cornelius
566 1993 773 2031 Lentulus.

243 2061 509 2100 Comitiorum
527 2065 798 2100 consularium
815 2065 894 2100 iam
914 2065 1135 2113 appetebat
1152 2070 1330 2113 tempus;
1357 2067 1431 2102 sed
1449 2066 1542 2114 quia
1557 2064 1583 2105 3

125 2133 441 2170 consulesbello
466 2134 644 2171 intentos
671 2147 843 2172 avocare
866 2148 952 2172 non
969 2135 1170 2183 placebat,
1196 2135 1259 2172 Ti.
1279 2136 1542 2184 Sempronius

125 2204 266 2240 consul
299 2204 552 2240 comitiorum
585 2217 707 2242 causa
731 2206 973 2242 dictatorem
998 2205 1099 2241 dixit
1124 2205 1169 2242 C.
1197 2205 1410 2242 Claudium
1437 2206 1542 2243 Cen-

124 2280 276 2310 tonem.
354 2275 416 2310 Ab
460 2287 510 2311 eo
551 2276 742 2324 magister
784 2277 962 2324 equitum
1006 2282 1066 2313 est
1110 2277 1240 2313 dictus
1287 2277 1337 2322 Q.
1382 2277 1541 2313 Fulvius

124 2344 304 2381 Flaccus.
382 2344 567 2382 Dictator
598 2346 728 2394 primo
762 2347 952 2383 comitiali
985 2347 1052 2383 die
1085 2348 1233 2384 creavit
1266 2348 1454 2384 consules
1488 2345 1583 2393 Q.4

125 2413 304 2450 Fulvium
328 2415 530 2459 Flaccum,
554 2416 788 2464 magistrum
813 2417 1004 2464 equitum,
1031 2424 1071 2454 et
1093 2419 1198 2467 App.
1219 2417 1433 2454 Claudium
1451 2418 1540 2454 Pul·

126 2485 275 2529 chrum,
305 2485 367 2521 cui
397 2486 529 2522 Sicilia
556 2487 763 2535 provincia
792 2487 833 2523 in
860 2492 1032 2536 praetura
1061 2487 1203 2524 fuerat.
1262 2488 1368 2524 Tum
1395 2486 1581 2536 praeto-5

125 2566 187 2591 res
206 2555 328 2591 creati
346 2554 421 2592 Cn.
440 2556 598 2593 Fulvius
617 2557 798 2601 Flaccus,
827 2557 870 2594 C.
890 2557 1084 2595 Claudius
1102 2558 1225 2602 Nero,
1254 2557 1310 2594 M.
1328 2558 1465 2594 Iunius
1483 2558 1541 2594 Si-

126 2624 254 2669 lanus,
286 2625 330 2662 P.
356 2625 568 2664 Cornelius
593 2627 713 2664 Sulla.
778 2627 961 2665 Comitiis
994 2628 1183 2677 perfectis
1217 2629 1391 2665 dictator
1414 2629 1541 2677 magi-
