1789 2955
250 82 331 119 240
641 80 757 115 Liber
781 79 905 115 XXX.
962 82 1023 125 (A.
1049 93 1083 115 u.
1110 92 1139 115 e.
1166 83 1259 126 551.)

255 206 408 244 animus
455 211 688 258 erectusque
720 208 762 245 in
810 221 918 258 spem
965 209 1252 259 propinquam,
1299 210 1457 247 sublato
1489 209 1683 260 Syphace,

251 278 379 316 omnis
410 279 608 317 Numidiae
642 280 859 330 potiundae.

112 346 162 394 16
365 349 512 400 Scipio,
545 351 588 390 C.
621 351 749 389 Laelio
782 365 869 389 cum
901 350 1084 402 Syphace
1117 352 1288 402 aliisque
1322 353 1493 402 captivis
1512 353 1682 392 Romam

248 422 378 468 misso,
409 436 496 460 cum
529 424 674 473 quibus
705 427 745 460 et
770 423 996 461 Masinissae
1032 424 1156 473 legati
1182 425 1350 474 profecti
1382 429 1484 471 sunt,
1516 425 1600 475 ipse
1632 426 1682 463 ad

247 493 403 542 Tyneta
433 508 571 532 rursus
604 498 735 543 castra
767 495 891 532 refert
933 498 982 541 et,
1015 508 1102 544 quae
1136 496 1381 533 munimenta
1414 496 1681 544 inchoaverat,

202 566 225 602 2
242 567 455 616 permunit.
511 567 868 616 Carthaginienses
898 580 978 604 non
1009 566 1123 604 brevi
1155 567 1294 614 solum,
1326 568 1395 606 sed
1424 582 1550 618 prope
1579 582 1682 607 vano

248 637 397 686 gaudio
443 639 491 676 ab
539 640 635 676 satis
680 652 874 689 prospera
918 639 958 676 in
994 651 1171 688 praesens
1203 642 1499 689 oppugnatione
1544 641 1683 679 classis

245 711 409 759 perfusi,
439 715 531 760 post
560 711 703 748 famam
736 711 844 761 capti
869 709 1075 761 Syphacis,
1108 711 1149 748 in
1181 725 1258 760 quo
1290 712 1379 761 plus
1411 726 1537 762 prope
1562 726 1680 762 quam

247 781 287 818 in
318 781 575 820 Hasdrubale
608 787 726 833 atque
757 783 934 821 exercitu
965 796 1034 820 suo
1075 783 1161 833 spei
1191 787 1462 833 reposuerant,
1494 785 1680 834 perculsi,

205 853 324 891 3iam
370 855 481 892 nullo
529 860 691 894 auctore
738 855 837 893 belli
883 855 993 892 ultra
1038 854 1194 902 audito,
1241 859 1417 894 oratores
1463 856 1514 893 ad
1544 869 1681 906 pacem

244 925 457 974 petendam
485 929 651 966 mittunt
666 927 837 977 triginta
862 927 1060 964 seniorum
1079 927 1304 977 principes;
1337 928 1377 964 id
1401 932 1488 966 erat
1504 929 1682 966 sanctius

246 998 353 1047 apud
384 999 476 1037 illos
509 999 717 1037 consilium
745 999 998 1048 maximaque
1024 998 1076 1037 ad
1100 1000 1231 1048 ipsum
1259 1003 1438 1037 senatum
1462 1000 1681 1049 regendum

202 1070 316 1107 4vis.
366 1069 446 1117 Qui
476 1072 547 1108 ubi
580 1071 621 1108 in
653 1075 782 1109 castra
807 1070 989 1108 Romana
1020 1074 1060 1107 et
1082 1071 1123 1108 in
1140 1071 1373 1120 praetorium
1400 1075 1682 1121 pervenerunt,

243 1155 352 1179 more
384 1142 636 1180 adulantium
668 1144 860 1193 (accepto,
895 1143 1022 1190 credo,
1053 1144 1137 1180 ritu
1161 1157 1208 1180 ex
1237 1157 1282 1181 ea
1313 1144 1489 1192 regione,
1522 1157 1568 1181 ex
1603 1157 1682 1193 qua

199 1213 221 1250 5
241 1214 402 1252 oriundi
435 1217 565 1263 erant)
598 1216 910 1265 procubuerunt.
974 1215 1224 1253 Conveniens
1264 1216 1392 1253 oratio
1425 1219 1506 1253 tam
1537 1216 1680 1253 humili

243 1287 467 1324 adulationi
498 1288 586 1334 fuit,
618 1301 697 1325 non
730 1288 888 1338 culpam
927 1287 1207 1338 purgantium,
1252 1287 1322 1325 sed
1352 1288 1680 1325 transferentium

243 1358 403 1396 initium
460 1360 585 1410 culpae
632 1360 672 1396 in
718 1359 991 1397 Hannibalem
1046 1360 1317 1409 potentiaeque
1362 1360 1445 1397 eius
1490 1360 1679 1398 fautores.

199 1429 221 1466 6
243 1430 415 1469 Veniam
448 1432 602 1470 civitati
634 1431 831 1481 petebant
877 1431 1024 1469 civium
1054 1431 1284 1469 temeritate
1315 1432 1376 1469 bis
1406 1432 1486 1470 iam
1518 1444 1677 1478 eversae,

200 1502 220 1536 7
242 1503 435 1541 incolumi
465 1504 612 1541 futurae
637 1504 783 1541 iterum
810 1503 980 1540 hostium
998 1502 1216 1549 benefici03
1249 1503 1461 1553 imperium
1485 1516 1534 1542 ex
1559 1503 1678 1541 victis

241 1575 425 1613 hostibus
456 1576 648 1626 populum
679 1575 924 1621 Romanum,
969 1588 1048 1612 non
1079 1574 1302 1624 perniciem
1332 1579 1486 1625 petere3
1527 1575 1679 1625 paratis

198 1645 478 1685 Sobedienter
509 1648 659 1686 servire
691 1648 929 1697 imperaret,
960 1659 1047 1696 quae
1080 1646 1212 1685 vellet.
1277 1645 1413 1696 Scipio
1453 1650 1493 1685 et
1523 1648 1681 1685 venisse

242 1732 288 1757 ea
318 1733 386 1769 spe
417 1721 459 1757 in
475 1720 660 1758 Africam
694 1732 735 1758 se
761 1719 828 1766 ait,
859 1722 897 1756 et
923 1732 1031 1769 spem
1058 1731 1169 1756 suam
1195 1731 1385 1768 prospero
1411 1719 1511 1757 belli
1536 1723 1681 1757 eventu

240 1795 407 1840 auctam,
439 1792 653 1831 victoriam
684 1804 739 1838 se,
770 1804 849 1829 non
881 1804 1018 1841 pacem
1050 1790 1210 1828 domum
1249 1794 1546 1841 reportaturum
1577 1804 1679 1838 esse3

193 1863 215 1899 9
233 1866 378 1911 tamen,
409 1877 532 1914 quum
554 1863 766 1902 victoriam
793 1875 918 1913 prope
951 1863 992 1900 in
1023 1863 1208 1900 manibus
1238 1863 1396 1911 habeat,
1429 1876 1567 1913 pacem
1598 1876 1678 1901 non

239 1936 426 1983 abnuere,
470 1940 516 1974 ut
563 1948 698 1974 omnes
745 1939 882 1985 gentes
928 1935 1077 1981 sciant,
1123 1935 1317 1985 populum
1362 1935 1591 1974 Romanum
1637 1938 1678 1972 et

164 2007 217 2045 10
234 2008 438 2058 suscipere
473 2008 576 2046 iuste
605 2008 714 2046 bella
746 2011 786 2045 et
815 2006 942 2045 finire.
1002 2006 1129 2055 Leges
1174 2007 1285 2056 pacis
1332 2020 1372 2044 se
1419 2007 1490 2044 has
1523 2006 1675 2044 dicere:

241 2080 420 2129 captivos
465 2083 504 2117 et
534 2080 722 2130 perfugas
769 2083 810 2117 et
854 2078 1048 2128 fugitivos
1094 2078 1334 2124 restituant;
1380 2078 1579 2116 exercitus
1626 2091 1674 2115 ex

239 2151 361 2189 Italia
391 2156 430 2189 et
462 2151 600 2189 Gallia
627 2151 846 2197 deducant3
878 2150 1078 2200 Hispania
1103 2150 1351 2195 abstineant;
1384 2150 1527 2187 insulis
1552 2149 1674 2187 omni-

161 2223 208 2260 11
236 2222 322 2270 bus,
353 2237 441 2273 quae
474 2223 578 2262 inter
608 2223 771 2260 Italiam
807 2226 927 2272 atque
958 2222 1140 2260 Africam
1173 2221 1267 2268 sint,
1305 2221 1521 2268 decedant;
1553 2233 1672 2259 naves

237 2295 379 2345 longas
403 2298 550 2345 praeter
575 2294 723 2344 viginti
752 2307 887 2332 omnes
909 2294 1084 2341 tradant,
1116 2293 1244 2331 tritici
1269 2293 1503 2343 quingenta,
1533 2292 1674 2330 hordei

165 2365 213 2403 12
234 2369 414 2405 trecenta
444 2367 576 2404 millia
606 2366 799 2404 modium.
846 2366 1035 2404 Pecuniae
1067 2378 1257 2403 summam
1283 2368 1473 2415 quantam
1504 2364 1674 2414 impera-

237 2438 353 2485 verit,
382 2451 524 2489 parum
556 2438 764 2484 convenit;
796 2437 892 2475 alibi
923 2437 1099 2487 quinque
1147 2436 1276 2474 millia
1314 2436 1530 2482 talentum,
1574 2434 1675 2473 alibi

241 2510 419 2559 quinque
450 2510 581 2548 millia
610 2510 744 2559 pondo
777 2509 944 2558 argenti,
968 2508 1068 2546 alibi
1092 2508 1240 2558 duplex
1266 2507 1510 2558 stipendium
1533 2505 1674 2544 militi-

161 2579 214 2617 13
234 2581 308 2619 bus
339 2581 575 2631 imperatum
607 2581 787 2620 invenio.
853 2580 956 2630 „His
981 2579 1312 2618 condicionibus“
1348 2579 1483 2629 inquit
1517 2578 1675 2629 „place-

235 2656 327 2690 atne
358 2666 457 2703 pax,
486 2652 664 2690 triduum
715 2652 766 2690 ad
797 2651 1101 2689 consultandum
1145 2651 1319 2689 dabitur.
1381 2648 1425 2688 Si
1462 2650 1673 2700 placuerit,
