1789 2955
559 81 674 116 Liber
699 80 824 115 XXX.
875 82 936 123 (A.
964 80 1029 116 Ch.
1055 81 1150 123 203.)
1476 81 1553 118 231

126 214 268 261 quarto
301 209 368 247 die
400 210 441 246 in
473 209 597 247 aciem
627 209 816 257 utrinque
848 207 1077 245 descensum
1096 210 1166 244 est.
1220 206 1426 244 Romanus
1450 205 1557 254 prin·
1577 203 1600 241 5

126 283 233 332 cipes
263 286 355 332 post
387 282 634 318 hastatorum
664 280 796 330 prima
827 279 953 328 signa,
985 280 1025 316 in
1052 277 1245 316 subsidiis
1270 277 1434 314 triarios
1466 289 1556 313 con-

126 353 276 399 stituit;
310 353 533 403 equitatum
551 351 735 388 Italicum
760 351 809 388 ab
829 351 969 388 dextro
996 364 1133 397 cornu,
1165 350 1214 387 ab
1246 349 1346 386 laevo
1363 347 1557 385 Numidas

124 424 461 473 Masinissamque
507 423 706 472 opposuit.
783 421 945 472 Syphax
991 421 1322 470 Hasdrubalque,
1370 418 1600 457 Numidisss

128 496 318 535 adversus
350 496 538 533 Italicum
571 495 806 543 equitatum,
838 493 1243 543 Carthaginiensibus
1276 495 1416 529 contra
1435 491 1558 527 Masi-

124 569 272 606 nissam
303 567 456 613 locatis,
489 566 714 604 Celtiberos
748 566 790 602 in
821 565 994 603 mediam
1042 566 1164 603 aciem
1211 564 1400 601 adversus
1446 562 1560 610 signa

125 640 328 689 legionum
360 651 557 688 accepere.
620 637 685 675 Ita
718 637 903 674 instructi
936 640 1189 675 concurrunt.
1238 635 1376 673 Primo
1409 634 1556 682 impetu
1578 635 1598 668 7

124 712 244 750 simul
275 714 445 760 utraque
477 723 642 756 cornua,
676 712 711 746 et
744 709 930 747 Numidae
962 713 1000 746 et
1032 708 1396 756 Carthaginienses,
1427 705 1552 754 pulsi;

129 796 222 821 nam
253 796 380 832 neque
410 781 608 827 Numidae,
641 781 815 818 maxima
845 794 937 830 pars
975 786 1163 830 agrestes,
1195 780 1418 817 Romanum
1451 776 1559 826 equi-

125 858 254 893 tatum
285 867 414 903 neque
447 853 812 902 Carthaginienses,
845 856 885 889 et
915 853 1000 903 ipse
1032 866 1156 890 novus
1201 852 1340 896 miles,
1372 848 1558 886 Masinis·

125 940 219 972 sam,
250 926 402 963 recenti
434 938 553 975 super
578 929 708 962 cetera
734 925 904 962 victoria
930 925 1168 970 terribilem,
1200 923 1433 960 sustinuere.
1478 920 1559 958 Nu·
1577 921 1603 957 8

130 998 224 1036 data
254 998 446 1047 utrinque
480 996 667 1034 cornibus
685 996 934 1034 Celtiberum
967 997 1070 1034 acies
1102 996 1244 1040 stabat,
1276 994 1382 1044 quod
1414 1006 1485 1030 nec
1518 993 1559 1029 in

127 1070 223 1119 fuga
253 1070 361 1107 salus
392 1069 477 1106 ulla
509 1068 793 1106 ostendebatur
825 1069 924 1106 locis
955 1069 1125 1116 ignotis,
1156 1080 1283 1116 neque
1314 1079 1404 1115 spes
1434 1064 1560 1102 veniae

128 1142 177 1180 ab
210 1140 398 1191 Scipione
430 1144 526 1187 erat,
558 1153 672 1190 quem
706 1140 808 1177 bene
847 1140 1031 1177 meritum
1081 1139 1129 1176 de
1172 1152 1212 1176 se
1258 1141 1297 1175 et
1328 1141 1444 1185 gente
1490 1149 1562 1173 sua

127 1214 384 1252 mercenariis
417 1213 536 1251 armis
569 1213 611 1249 in
637 1212 821 1250 Africam
846 1215 1118 1261 oppugnatum
1151 1211 1366 1248 venissent.
1414 1208 1560 1257 Igitur,
1580 1208 1602 1244 9

128 1286 380 1324 circumfusis
411 1284 590 1334 undique
622 1284 813 1329 hostibus,
857 1284 927 1320 alii
960 1297 1080 1333 super
1111 1283 1211 1320 alios
1242 1281 1447 1327 cadentes,
1493 1280 1560 1317 ob-

130 1359 278 1396 stinate
309 1357 604 1402 moriebantur3
645 1355 909 1405 omnibusque
957 1356 997 1393 in
1031 1369 1096 1392 eos
1128 1354 1265 1399 versis,
1311 1353 1560 1402 aliquantum

128 1429 177 1468 ad
207 1431 341 1479 fugam
371 1429 563 1479 temporis
595 1426 756 1477 Syphax
788 1432 827 1465 et
858 1427 1088 1465 Hasdrubal
1115 1429 1406 1475 praeceperunt.
1452 1423 1560 1461 Fati-

129 1506 243 1552 gatos
275 1502 382 1539 caede
413 1500 565 1538 diutius
597 1513 713 1549 quam
747 1513 883 1549 pugna
913 1500 1087 1537 victores
1118 1511 1198 1536 nox
1230 1497 1443 1547 oppressit.

243 1573 413 1611 Postero
459 1572 522 1609 die
555 1570 694 1621 Scipio
742 1572 912 1608 Laelium
944 1571 1278 1619 Masinissamque
1325 1582 1411 1605 cum
1451 1568 1557 1605 omni

129 1645 310 1684 Romano
343 1649 382 1682 et
398 1644 612 1682 Numidico
644 1644 828 1693 equitatu
853 1643 1129 1693 expeditisque
1158 1642 1331 1678 militum
1356 1642 1404 1677 ad
1429 1653 1560 1689 perse-

131 1717 314 1768 quendos
359 1716 581 1766 Syphacem
629 1720 746 1764 atque
793 1715 1090 1753 Hasdrubalem
1135 1714 1279 1757 mittit,
1335 1713 1419 1762 ipse
1473 1710 1602 1748 curn?

128 1789 274 1827 robore
307 1789 508 1826 exercitus
540 1788 658 1825 urbes
700 1788 823 1833 circa,
870 1799 957 1836 quae
1004 1799 1137 1823 omnes
1169 1783 1564 1833 Carthaginiensium

132 1861 305 1898 dicionis
338 1865 462 1907 erant,
494 1860 642 1909 partim
675 1873 754 1909 spe,
786 1860 931 1909 partim
965 1862 1091 1904 metu,
1136 1857 1283 1907 partim
1327 1856 1367 1892 vi
1399 1855 1562 1903 subigit.

131 1933 371 1982 Carthagini
390 1936 474 1970 erat
499 1932 660 1981 quidem
686 1932 826 1979 ingens
851 1935 992 1977 terror,
1024 1934 1064 1967 et
1089 1928 1430 1966 circumferentem
1457 1940 1565 1964 arma
1583 1927 1606 1963 3

134 2003 378 2055 Scipionem,
419 2004 603 2042 omnibus
634 2003 817 2040 finitimis
850 2002 995 2052 raptim
1027 2001 1275 2052 perdomitiS,
1307 2000 1432 2048 ipsam
1467 1999 1561 2036 Car-

121 2077 336 2126 thaginem
382 2079 546 2125 repente
578 2088 858 2124 aggressurum
906 2074 1133 2112 credebant.
1194 2072 1338 2121 Itaque
1377 2075 1417 2109 et
1462 2070 1606 2108 muri4

131 2148 417 2187 reficiebantur
447 2147 841 2198 propugnaculisque
859 2147 1129 2192 armabantur,
1154 2149 1193 2182 et
1219 2158 1291 2194 pro
1310 2157 1349 2181 se
1382 2144 1564 2193 quisque,

131 2233 220 2271 quae
252 2220 419 2258 diutinae
452 2219 672 2257 obsidionis
703 2218 922 2256 tolerandae
954 2222 1056 2264 sunt,
1089 2232 1135 2254 ex
1167 2217 1275 2265 agris
1307 2216 1564 2258 convehebat,

127 2292 238 2330 Rara
266 2292 414 2329 mentio
432 2296 491 2329 est
522 2291 645 2341 pacis,
674 2290 922 2340 frequentior
953 2290 1176 2338 legatorum
1217 2289 1266 2324 ad
1299 2287 1566 2325 Hannibalem
1585 2284 1608 2321 5

129 2364 410 2402 arcessendum
442 2363 745 2410 mittendorum3
790 2376 883 2413 pars
927 2362 1101 2399 maxima
1147 2361 1332 2406 classem,
1379 2372 1466 2408 quae
1513 2358 1604 2396 adss

129 2440 368 2475 commeatus
401 2435 656 2485 excipiendos
687 2438 826 2484 parata
857 2437 955 2479 erat,
986 2434 1143 2470 mittere
1176 2433 1313 2468 iubent
1352 2431 1401 2468 ad
1434 2429 1564 2479 oppri-

129 2507 312 2546 mendam
344 2508 556 2545 stationem
587 2507 745 2545 navium
779 2506 830 2543 ad
864 2506 1026 2543 Uticam
1060 2505 1216 2540 incaute
1249 2506 1455 2551 agentem;
1487 2502 1563 2538 for-

132 2579 236 2617 sitan
269 2579 389 2617 etiam
421 2579 580 2617 navalia
603 2583 749 2625 castra,
778 2578 920 2615 relicta
952 2589 1039 2614 cum
1064 2575 1142 2612 levi
1168 2573 1371 2624 praesidio,
1402 2586 1563 2623 oppres—

133 2664 258 2690 surOS.
304 2651 352 2688 In
383 2651 459 2688 hoc
492 2651 701 2689 consilium
728 2650 897 2687 maxime
928 2647 1140 2691 inclinant,
1175 2647 1328 2694 legatos
1358 2648 1490 2682 tamen
1516 2643 1566 2681 ad
1585 2644 1607 2680 7
