1789 2955
261 105 340 145 17ss
679 103 782 133 Liber
808 102 931 133 XXIV.
977 102 1032 144 (A.
1053 113 1083 133 u.
1103 113 1132 133 e.
1152 102 1245 146 539.)

254 248 301 270 ex
333 235 392 279 iis,
427 234 570 282 quibus
604 234 699 270 solis
732 234 864 270 aditus
898 234 938 271 in
963 235 1129 270 domum
1157 234 1386 270 familiarior
1412 242 1508 280 erat,
1542 237 1670 273 Adra-

253 306 436 341 nodorus
464 311 504 340 et
527 305 719 353 Zoippus,
752 305 891 353 generi
916 304 1120 348 Hieronis,
1155 310 1194 340 et
1219 304 1377 342 Thraso
1404 307 1582 354 quidam,
1617 308 1670 343 de

213 370 338 412 Saliis
372 375 537 423 quidem
569 376 688 412 rebus
721 375 831 410 haud
857 387 1108 423 magnopere
1133 376 1422 420 audiebantur;
1457 378 1669 413 tendendo

254 451 388 481 autem
412 446 495 481 duo
522 447 576 481 ad
601 445 973 493 Carthaginienses,
1000 445 1159 481 Thraso
1185 446 1239 481 ad
1265 446 1503 482 societatem
1523 448 1671 484 Roma-

254 529 360 560 nam,
380 516 598 553 certamine
618 529 664 552 ac
683 516 825 552 studiis
842 516 1045 552 interdum
1064 516 1102 551 in
1122 528 1164 551 se
1184 517 1477 553 convertebant
1495 519 1669 554 animum

213 581 238 622 9
254 587 540 631 adolescentis,
568 598 688 634 quum
715 586 940 622 coniuratio
966 586 1006 622 in
1034 586 1189 634 tyranni
1210 592 1331 634 caput
1350 587 1455 623 facta
1473 588 1672 624 indicatur

254 669 325 705 per
350 655 562 692 Callonem
595 657 813 704 quendam,
849 656 1045 704 aequalem
1071 655 1309 705 Hieronymi
1342 663 1382 693 et
1413 657 1492 694 iam
1524 659 1620 694 inde
1649 673 1673 694 a

188 722 240 763 lO
254 739 379 775 puero
412 727 454 762 in
487 727 625 762 omnia
657 727 865 762 familiaria
898 727 983 762 iura
1016 731 1233 763 assuetum.
1309 727 1436 764 Index
1469 741 1592 764 unum
1625 742 1672 766 ex

255 797 472 834 coniuratis
498 797 776 841 Theodotum,
811 811 834 832 a
862 809 942 844 quo
968 796 1053 844 ipse
1079 798 1304 846 appellatus
1330 805 1428 843 erat,
1462 799 1672 836 nominare

254 868 397 916 potuit.
467 867 546 913 Qui
580 879 844 916 comprensus
877 867 1080 915 extemplo
1114 868 1363 916 traditusque
1397 870 1672 906 Adranodoro

255 939 518 986 torquendus,
539 939 591 974 de
610 951 652 975 se
670 939 756 987 ipse
775 938 884 974 haud
898 942 1134 973 cunctanter
1147 938 1277 975 fassus
1292 940 1480 976 conscios
1495 940 1672 985 celabat;

186 1005 233 1045 11
255 1016 477 1058 postremo,
504 1021 624 1057 quum
651 1009 838 1045 omnibus
863 1008 1129 1044 intolerandis
1154 1002 1359 1056 patientiae
1386 1010 1570 1048 humanae
1589 1023 1674 1047 cru-

255 1079 423 1116 ciatibus
454 1080 707 1123 laceraretur,
739 1079 883 1115 victum
912 1079 1026 1115 malis
1053 1091 1095 1114 se
1122 1079 1312 1116 simulans
1337 1081 1478 1116 avertit
1501 1081 1551 1116 ab
1577 1093 1674 1118 con-

189 1146 240 1186 12
255 1150 346 1186 sciis
377 1150 419 1186 in
441 1150 625 1186 insontes
649 1149 855 1194 indicium,
891 1150 1145 1185 Thrasonem
1173 1161 1262 1186 esse
1287 1157 1493 1188 auctorem
1519 1153 1675 1188 consilii

257 1221 461 1264 mentitus,
488 1232 562 1256 nec
586 1221 663 1256 nisi
688 1226 769 1256 tam
787 1220 945 1269 potenti
964 1221 1069 1256 duce
1088 1219 1266 1257 confisos
1284 1233 1367 1257 rem
1386 1227 1540 1258 tantam
1558 1233 1675 1258 ausu—

190 1288 241 1329 13
256 1303 322 1328 ros
331 1292 496 1341 juisse,-
519 1292 633 1327 addit
655 1292 776 1326 socios
802 1291 852 1327 ab
878 1291 1002 1326 latere
1028 1290 1199 1338 tyranni,
1227 1303 1398 1339 quorum
1422 1293 1556 1341 capita
1573 1293 1675 1329 vilis-

259 1362 359 1398 sima
390 1362 557 1410 fingenti
589 1362 692 1397 inter
725 1362 890 1398 dolores
921 1360 1177 1409 gemitusque
1211 1373 1434 1398 occurrere.
1503 1362 1679 1399 Maxime

259 1433 395 1468 animo
435 1432 594 1481 tyranni
634 1430 826 1468 credibile
867 1431 1059 1467 indicium
1093 1431 1251 1468 Thraso
1292 1433 1524 1469 nominatus
1564 1433 1677 1476 fecit;

259 1502 394 1550 itaque
435 1503 637 1551 extemplo
679 1503 846 1538 traditur
886 1502 939 1537 ad
981 1501 1232 1549 supplicium,
1276 1503 1506 1551 adiectique
1546 1515 1679 1552 poenae

193 1571 246 1611 14
260 1573 381 1610 ceteri
413 1573 522 1608 iuxta
554 1573 751 1609 insontes.
816 1572 1083 1608 Consciorum
1116 1585 1252 1617 nemo,
1287 1586 1409 1621 quum
1443 1574 1513 1609 diu
1546 1574 1679 1610 socius

261 1643 417 1679 consilii
450 1648 714 1691 torqueretur,
748 1648 816 1679 aut
849 1643 963 1679 latuit
994 1648 1063 1678 aut
1096 1642 1213 1691 fugit;
1248 1649 1405 1680 tantum
1436 1644 1511 1680 illis
1539 1645 1578 1680 in
1608 1644 1680 1679 vir-

261 1719 343 1750 tute
377 1726 424 1750 ac
457 1714 537 1750 fide
563 1713 772 1750 Theodoti
805 1714 962 1749 fiduciae
997 1713 1069 1749 fuit
1093 1719 1330 1762 tantumque
1356 1715 1432 1763 ipsi
1458 1714 1679 1751 Theodoto

260 1784 399 1820 virium
431 1785 486 1820 ad
519 1797 668 1821 arcana
701 1785 961 1821 occultanda.

167 1851 196 1895 6
375 1854 448 1899 Ita,
483 1856 596 1903 quod
626 1868 748 1891 unum
778 1855 980 1891 vinculum
1009 1867 1099 1891 cum
1126 1856 1322 1892 Romanis
1353 1855 1559 1892 societatis
1583 1862 1679 1899 erat,

262 1924 475 1961 Thrasone
509 1926 668 1962 sublato
702 1939 724 1962 e
757 1925 908 1969 medio,
943 1925 1146 1973 extemplo
1180 1926 1289 1962 haud
1320 1925 1442 1962 dubie
1466 1927 1520 1962 ad
1544 1926 1682 1962 desec-

225 1994 416 2034 2tionem
446 2007 509 2032 res
537 1997 761 2044 spectabat,
788 1995 990 2044 legatique
1019 1996 1073 2031 ad
1097 1995 1368 2032 Hannibalem
1398 1996 1520 2040 missi,
1550 2008 1598 2033 ac
1622 2009 1683 2032 re-

262 2065 372 2102 missi
390 2066 441 2102 ab
460 2078 510 2102 eo
529 2078 621 2102 cum
639 2066 884 2109 Hannibale,
910 2066 1035 2102 nobili
1054 2066 1332 2110 adolescente,
1353 2066 1625 2115 Hippocrates
1643 2074 1683 2103 et

263 2135 481 2184 Epicydes,
515 2137 599 2172 nati
634 2136 892 2185 Carthagine,
927 2137 1001 2173 sed
1035 2136 1194 2172 oriundi
1229 2137 1278 2172 ab
1308 2137 1513 2185 Syracusis
1547 2138 1683 2174 exsule

226 2205 355 2251 3avo,
395 2207 509 2243 Poeni
551 2208 624 2255 ipsi
664 2213 848 2243 materno
881 2219 1044 2255 genere.
1124 2207 1198 2243 Per
1233 2208 1307 2244 hos
1339 2207 1475 2244 iuncta
1508 2208 1682 2244 societas

265 2276 485 2313 Hannibali
512 2289 558 2314 ac
577 2278 832 2324 Syracusano
859 2283 1044 2325 tyranno,
1071 2290 1145 2313 nec
1171 2277 1294 2314 invito
1315 2276 1545 2314 Hannibale
1571 2279 1683 2326 apud

226 2346 477 2395 4tyrannum
517 2353 764 2384 manserunt.
844 2348 948 2396 App.
983 2347 1176 2384 Claudius
1209 2353 1367 2396 praetor,
1408 2348 1519 2384 cuius
1552 2348 1684 2385 Sicilia

265 2417 473 2466 provincia
500 2423 597 2462 erat,
627 2418 693 2454 ubi
723 2431 772 2453 ea
797 2418 966 2466 accepit,
997 2418 1198 2466 extemplo
1225 2418 1382 2466 legatos
1407 2418 1461 2453 ad
1485 2417 1684 2467 Hierony-

267 2500 374 2523 mum
403 2487 520 2524 misit.
572 2488 650 2533 Qui
677 2500 798 2536 quum
824 2500 913 2525 sese
939 2490 993 2524 ad
1018 2488 1296 2524 renovandam
1316 2487 1565 2530 societatem,
1595 2500 1683 2536 quae

269 2570 357 2594 cum
376 2570 452 2594 avo
472 2558 624 2602 fuisset,
651 2559 809 2594 venisse
828 2559 1022 2602 dicerent,
1049 2571 1120 2607 per
1138 2558 1349 2594 ludibrium
1369 2558 1495 2594 auditi
1513 2557 1684 2594 dimissi-

228 2626 254 2666 5
270 2640 347 2675 que
373 2634 465 2664 sunt
489 2629 540 2664 ab
566 2634 770 2676 quaerente
798 2641 868 2677 per
892 2629 1026 2665 iocum
1044 2628 1309 2676 Hieronymo,
1336 2640 1424 2675 quae
1449 2628 1609 2664 fortuna
1627 2628 1683 2664 eis
