1789 2955
276 93 299 127 2
672 86 786 121 Liber
811 85 956 120 XXVI.
1005 87 1066 127 (A.
1092 97 1126 119 u.
1152 96 1182 119 c.
1208 87 1302 130 543.)

206 216 255 252 10
272 216 513 264 fugatusque
538 218 634 251 erat.
683 213 789 250 Huic
813 213 949 260 generi
982 213 1154 249 militum
1186 217 1346 249 senatus
1377 214 1556 259 eundem,
1588 226 1704 262 quem

277 286 563 330 Cannensibus,
604 285 719 322 finem
762 288 956 322 statuerat
987 284 1156 321 militiae.
1218 283 1414 320 Additum
1447 285 1566 321 etiam
1597 288 1706 322 utro-

276 370 441 406 rumque
467 357 695 405 ignominiae
721 360 790 401 est,
823 370 870 392 ne
900 357 938 393 in
968 355 1125 404 oppidis
1151 355 1406 392 hibernarent
1424 368 1520 392 neve
1539 356 1707 393 hiberna

276 429 440 478 propius
487 428 609 465 ullam
656 428 795 465 urbem
833 427 966 463 decem
1006 426 1185 462 millibus
1226 439 1411 475 passuum
1451 426 1706 464 aedificarent.

208 500 254 536 11
276 500 321 537 L.
339 500 527 537 Cornelio
553 499 592 535 in
619 498 806 536 Sardinia
838 498 924 534 duae
955 499 1131 546 legiones
1164 498 1276 542 datae,
1309 497 1454 546 quibus
1480 496 1527 543 Q.
1551 498 1708 535 Mucius

277 572 510 620 praefuerat3
540 571 869 620 supplementum,
899 571 930 606 si
947 583 1045 618 opus
1063 573 1177 616 esset,
1207 569 1389 605 consules
1405 569 1577 606 scribere
1597 569 1706 607 iussi.

210 644 258 678 12
278 642 321 680 T.
355 642 530 679 Otacilio
563 646 601 678 et
632 642 685 678 M.
709 642 874 679 Valerio
909 640 1057 677 Siciliae
1091 640 1335 689 Graeciaeque
1367 653 1436 677 ora
1467 653 1554 677 cum
1584 641 1708 689 legio-

279 715 395 750 nibus
428 714 712 762 classibusque,
753 713 897 762 quibus
928 716 1138 761 praeerant,
1181 711 1371 757 decretae3
1417 711 1711 761 quinquaginta

279 785 439 822 Graeeia
471 798 557 821 cum
590 784 748 832 legione
789 798 877 830 una,
919 788 1074 820 centum
1109 782 1248 820 Sicilia
1279 797 1366 820 cum
1399 783 1552 820 duabus
1586 783 1710 832 legio-

209 857 261 894 13
280 857 399 893 nibus
432 856 634 893 habebant
666 869 795 893 naves.
856 855 1004 891 Tribus
1038 859 1077 891 et
1103 855 1248 902 viginti
1276 855 1503 903 legionibus
1520 855 1712 892 Romanis

281 942 325 965 eo
358 942 460 965 anno
492 927 641 964 bellum
673 931 781 963 terra
814 927 990 975 marique
1023 931 1082 963 est
1112 930 1276 974 gestum.

396 999 604 1048 Principio
631 1000 713 1035 eius
739 1000 831 1036 anni
859 1011 977 1047 quum
1004 998 1050 1034 de
1078 998 1222 1034 litteris
1247 998 1290 1034 L.
1308 998 1454 1034 Marcii
1486 999 1713 1045 referretur,

281 1085 342 1108 res
361 1075 481 1119 gestae
499 1070 720 1119 magnificae
739 1071 892 1107 senatui
910 1070 1020 1115 visae,
1048 1070 1193 1106 titulus
1210 1069 1384 1115 honoris,
1408 1070 1526 1118 quod,
1544 1070 1711 1119 imperio

280 1156 358 1179 non
383 1143 523 1192 populi
550 1143 670 1188 iussu,
696 1155 775 1179 non
800 1156 846 1177 ex
872 1142 1110 1178 auctoritate
1135 1145 1292 1190 patrum
1319 1141 1424 1187 dato,
1453 1141 1713 1190 „Propraetor

239 1214 261 1249 2
281 1214 460 1251 senatui“
482 1214 711 1262 scripserat,
743 1227 925 1261 magnam
950 1217 1102 1262 partem
1128 1213 1330 1249 hominum
1357 1212 1596 1250 offendebat:
1629 1225 1710 1250 rem

280 1285 374 1322 mali
399 1286 572 1335 exempli
602 1299 697 1330 esse,
724 1286 985 1334 imperatores
1008 1285 1090 1333 legi
1115 1285 1163 1321 ab
1188 1285 1431 1321 exercitibus
1457 1288 1496 1321 et
1523 1284 1713 1321 sollemne

282 1357 614 1406 auspicandorum
647 1357 897 1393 comitiorum
931 1357 968 1392 in
1000 1360 1130 1393 castra
1161 1360 1199 1392 et
1224 1356 1465 1404 provincias,
1496 1355 1635 1405 procul
1663 1356 1712 1392 ab

283 1429 438 1476 legibus
463 1429 854 1477 magistratibusque,
885 1428 936 1465 ad
961 1427 1175 1464 militarem
1198 1429 1463 1464 temeritatem
1489 1427 1710 1466 transferri.

239 1502 260 1536 3
281 1500 334 1536 Et
366 1513 484 1549 quum
518 1500 678 1549 quidam
718 1499 969 1536 referendum
1002 1499 1052 1535 ad
1091 1502 1268 1536 senatum
1311 1502 1528 1546 censerent,
1571 1499 1714 1536 melius

283 1572 421 1617 visum,
449 1571 602 1608 differri
621 1584 706 1607 eam
727 1570 1071 1614 consultationem,
1097 1570 1219 1607 donec
1245 1571 1588 1619 proficiscerentur
1606 1571 1713 1620 equi-

237 1643 256 1679 4
280 1646 350 1689 tes,
383 1643 453 1692 qui
485 1643 534 1679 ab
555 1642 710 1679 Marcio
743 1643 898 1678 litteras
930 1642 1159 1679 attulerant.
1219 1641 1404 1679 Rescribi
1437 1642 1485 1679 de
1516 1643 1714 1679 frumento

283 1719 321 1751 et
351 1714 598 1751 vestimentis
633 1714 830 1750 exercitus
857 1713 1019 1761 placuit,
1052 1727 1136 1749 eam
1163 1716 1371 1762 utramque
1398 1727 1480 1750 rem
1504 1727 1607 1751 curae
1630 1714 1715 1751 fore

283 1786 457 1831 senatui3
489 1786 660 1823 adscribi
679 1790 809 1822 autem
831 1785 1094 1834 „propraetori
1111 1785 1155 1821 L.
1174 1785 1352 1823 Marcio“
1372 1799 1450 1823 non
1476 1785 1640 1836 placuit,
1667 1798 1716 1823 ne

283 1857 323 1894 id
340 1858 480 1906 ipsum,
510 1857 617 1906 quod
635 1856 917 1894 consultationi
934 1857 1193 1905 reliquerant,
1217 1871 1288 1906 pro
1306 1856 1567 1906 praeiudicato
1584 1858 1715 1894 ferret.

241 1928 263 1965 5
281 1928 471 1966 Dimissis
500 1928 711 1977 equitibus,
741 1927 789 1964 (le
814 1927 924 1964 nulla
947 1941 989 1964 re
1012 1928 1122 1977 prius
1147 1929 1325 1966 consules
1348 1928 1603 1973 rettulerunt,
1634 1941 1715 1965 om-

283 2001 473 2049 niumque
490 2000 530 2036 in
547 2013 668 2035 unum
687 1999 895 2036 sententiae
914 2000 1196 2047 congruebant,
1224 2000 1420 2049 agendum
1439 2014 1525 2037 cum
1542 2000 1716 2037 tribunis

284 2071 413 2121 plebis
447 2084 542 2117 esse,
573 2070 703 2119 primo
735 2083 893 2119 quoque
923 2074 1101 2120 tempore
1133 2071 1182 2107 ad
1213 2072 1369 2120 plebem
1400 2072 1560 2118 ferrent,
1598 2084 1716 2120 quem

286 2155 373 2179 curn
406 2141 571 2191 imperio
604 2141 710 2178 mitti
741 2141 918 2190 placeret
949 2142 988 2178 in
1015 2142 1253 2191 Hispaniam
1286 2143 1336 2179 ad
1366 2156 1453 2180 eum
1486 2144 1717 2190 exercitum,

239 2214 261 2249 6
281 2214 344 2250 cui
375 2212 445 2251 Cn.
466 2211 600 2262 Scipio
626 2213 846 2261 imperator
874 2213 1111 2262 praefuisset.
1156 2213 1216 2251 Ea
1241 2226 1304 2251 res
1329 2228 1417 2251 cum
1434 2215 1610 2252 tribunis
1627 2217 1717 2252 acta

286 2285 619 2334 promulgataque
651 2288 730 2330 est;
762 2284 829 2320 sed
862 2284 973 2320 aliud
1003 2289 1203 2322 certamen
1235 2290 1496 2335 occupaverat
1525 2287 1688 2323 animos.

239 2357 260 2392 7
367 2356 409 2393 C.
423 2355 682 2405 Sempronius
700 2355 854 2392 Blaesus
878 2355 941 2392 die
966 2355 1074 2392 dicta
1092 2355 1161 2393 Cn.
1175 2357 1358 2394 Fulvium
1377 2357 1427 2394 ob
1444 2357 1658 2394 exercitum
1675 2356 1715 2393 in

287 2427 441 2476 Apulia
459 2427 644 2464 amissum
662 2427 701 2463 in
715 2426 970 2464 contionibus
983 2427 1318 2474 vexabat‚multos
1330 2427 1586 2477 imperatores
1596 2431 1716 2465 teme-

287 2499 405 2536 ritate
418 2502 536 2548 atque
549 2498 711 2535 inscitia
722 2498 937 2534 exercitum
950 2499 1127 2536 inlocum
1136 2499 1383 2548 praecipitem
1392 2499 1624 2548 perduxisse
1635 2499 1716 2536 dic-

239 2569 264 2605 8
281 2569 416 2616 titans,
431 2570 624 2607 neminem
638 2573 784 2619 praeter
798 2568 867 2606 Cn.
878 2568 1064 2606 Fulvium
1076 2573 1168 2607 ante
1179 2569 1596 2619 corrupisse'omnibus
1606 2570 1717 2608 vitiis
