1789 2955
524 70 640 105 Liber
664 69 788 105 xxx.
829 71 891 113 (A.
920 69 989 105 Ch.
1016 70 1111 113 201.)
1459 76 1537 112 271

111 203 202 238 sunt
219 199 334 237 nobis
352 212 474 246 arma,
491 199 662 236 inoensae
680 211 811 245 naveS,
827 197 1084 235 interdictum
1103 198 1278 235 externis
1304 198 1442 245 bellis3
1469 199 1541 236 illo

110 272 214 310 enim
245 271 410 309 vulnere
442 270 700 308 concidimus.
759 269 842 307 Nec
868 272 938 316 est,
969 282 1039 306 cur
1070 282 1139 306 vos
1171 270 1254 307 otio
1286 274 1418 308 vestro
1452 284 1541 308 con—

111 343 256 381 sultum
287 343 337 381 ab
369 342 566 380 Romanis
598 342 781 380 credatis.
837 340 960 379 Nulla
992 354 1134 389 magna
1166 341 1306 379 civitas
1337 342 1582 392 quiescereS

109 418 258 465 potest3
290 415 324 452 si
355 414 450 452 foris
478 413 630 451 hostem
656 426 735 450 non
762 413 893 460 habet,
924 413 1031 450 domi
1059 413 1222 459 invenit,
1254 417 1298 450 ut
1322 414 1542 463 praevalida

109 500 278 537 corpora
302 486 351 523 ab
376 484 549 523 externis
581 485 709 522 causis
734 488 822 522 tuta
845 485 1043 532 videntur,
1075 485 1143 522 sed
1168 485 1247 522 suis
1276 485 1362 534 ipsa
1388 485 1541 523 viribus

109 561 334 596 onerantur.
410 556 581 594 Tantum
627 557 816 594 nimirum
862 570 907 593 ex
962 556 1131 606 publicis
1178 557 1292 594 malis
1339 558 1585 603 sentimus,9

108 633 299 681 quantum
324 628 375 667 ad
404 629 582 678 privatas
606 642 669 665 res
705 629 893 678 pertinet,
924 642 996 666 nec
1021 628 1060 665 in
1088 628 1136 666 iis
1170 628 1383 678 quicquam
1409 628 1541 666 acrius

107 715 224 752 quam
256 701 435 751 pecuniae
467 700 651 737 damnum
687 700 877 737 stimulat.
933 700 1076 749 Itaque
1109 713 1230 749 quum
1263 700 1394 749 spolia
1425 700 1539 738 victae
1561 701 1611 739 10

106 772 344 822 Carthagini
391 772 729 819 detrahebantur,
775 785 894 821 quum
946 772 1137 808 inermem
1184 772 1262 809 iam
1308 785 1352 808 ac
1391 773 1538 810 nudam

106 844 269 882 destitui
316 844 421 882 inter
465 847 527 882 tot
572 848 743 882 armatas
791 848 929 893 gentes
961 844 1114 881 Africae
1147 844 1383 889 cerneretis,
1425 857 1539 882 nemo

103 916 321 965 ingemuit,
367 929 471 953 nunc
519 916 613 966 quia
651 916 845 954 tributum
886 930 932 953 ex
964 916 1122 965 privato
1155 915 1436 953 conferendum
1469 919 1537 963 est,
1558 917 1604 954 11

102 991 293 1038 tanquam
341 988 383 1024 in
428 988 591 1037 publico
639 989 778 1025 funere
811 988 1076 1037 comploratis.
1141 987 1268 1034 Quam
1299 1000 1456 1033 vereor,
1487 1001 1536 1024 ne

102 1060 333 1109 propediem
361 1061 557 1100 sentiatis.
577 1060 780 1098 levissimo
812 1060 852 1096 in
884 1059 988 1096 malo
1021 1073 1089 1096 vos
1115 1059 1232 1096 hodie
1257 1059 1532 1098 lacrimassev‘

101 1131 201 1168 Haec
232 1131 439 1169 Hannibal
473 1133 579 1182 apud
613 1131 975 1181 Carthaginienses.

216 1202 368 1253 Scipio,
401 1204 586 1242 contione
618 1204 822 1248 advocata,
854 1202 1107 1239 Masinissam
1139 1202 1189 1239 ad
1214 1215 1378 1251 regnum
1403 1206 1534 1252 pater·
1556 1205 1605 1242 12

101 1288 194 1312 num
229 1275 340 1312 Cirta
372 1276 520 1325 oppido
553 1279 591 1313 et
623 1275 765 1312 ceteris
788 1274 956 1311 urbibus
982 1274 1179 1323 agrisque,
1213 1287 1300 1323 quae
1333 1287 1380 1311 ex
1413 1287 1535 1324 regno

103 1345 299 1396 Syphacis
332 1347 371 1384 in
417 1347 558 1397 populi
590 1347 765 1384 Romani
812 1349 1048 1395 potestatem
1095 1346 1315 1391 venissent,
1363 1346 1534 1383 adiectis

101 1418 277 1456 donavit.
325 1418 394 1456 Cn.
429 1418 638 1456 Octavium
672 1419 838 1456 classem
868 1419 908 1455 in
943 1417 1121 1455 Siciliam
1155 1417 1313 1454 ductam
1341 1417 1411 1456 Cn.
1440 1418 1534 1455 Cor-
1557 1421 1605 1458 13

99 1490 206 1528 nelio
239 1491 391 1528 consuli
415 1491 575 1528 tradere
603 1491 730 1536 iussit,
763 1491 916 1539 legatos
943 1489 1336 1538 Carthaginiensium
1366 1489 1535 1527 Romam

97 1561 310 1612 proficisci,
339 1567 396 1609 ut,
428 1575 517 1611 quae
546 1563 594 1600 ab
634 1576 674 1600 se
715 1576 761 1598 ex
795 1561 927 1598 decem
960 1562 1184 1610 legatorum
1216 1561 1414 1598 sententia
1446 1564 1534 1599 acta

99 1638 241 1680 essent,
273 1647 319 1671 ea
348 1637 509 1684 patrum
542 1634 780 1672 auctoritate
803 1633 1022 1683 populique
1050 1633 1158 1670 iussu
1193 1632 1533 1670 confirmarentur.

98 1704 205 1743 Pace
236 1708 344 1743 terra
374 1706 553 1755 marique
599 1709 736 1755 parta,
783 1705 961 1742 exercitu
1003 1705 1042 1741 in
1086 1718 1205 1742 naves
1252 1704 1461 1754 imposito,
1493 1706 1534 1742 in
1622 1704 1678 1752 45

98 1775 281 1814 Siciliam
300 1777 524 1825 Lilybaeum
558 1777 727 1814 traiecit.
774 1777 874 1814 Inde
906 1790 1050 1826 magna
1081 1780 1194 1826 parte
1220 1777 1391 1813 militum
1424 1777 1533 1814 navi·
1553 1780 1575 1815 2

97 1848 171 1886 bus
202 1849 348 1898 missa,
395 1849 479 1898 ipse
521 1862 592 1898 per
625 1850 756 1886 laetam
799 1862 896 1899 pace
936 1862 1012 1885 non
1053 1849 1181 1885 minus
1213 1862 1331 1898 quam
1363 1848 1534 1886 victoria

98 1919 274 1967 Italiam,
305 1920 442 1958 effusis
474 1934 552 1959 non
584 1922 752 1958 urbibus
784 1921 900 1958 modo
935 1920 985 1957 ad
1016 1920 1218 1958 habendos
1250 1920 1432 1967 honores,
1463 1920 1532 1958 sed

98 1992 315 2041 agrestium
372 1993 490 2030 etiam
535 1994 654 2030 turba
709 1993 916 2030 obsidente
969 1993 1074 2039 vias,
1119 1992 1288 2030 Romam
1333 1992 1531 2042 pervenit,

95 2064 378 2114 triumphoque
413 2065 586 2102 omnium
620 2065 843 2102 clarissimo
868 2065 1007 2102 urbem
1034 2068 1093 2101 est
1118 2064 1310 2102 invectus.
1358 2064 1534 2112 Argenti
1553 2067 1576 2103 3

95 2135 192 2172 tulit
224 2136 265 2173 in
297 2136 482 2174 aerarium
514 2136 647 2186 pondo
680 2140 838 2174 centum
865 2136 1013 2185 viginti
1036 2136 1116 2172 tria
1140 2136 1281 2173 millia.
1328 2135 1531 2173 Militibus

96 2219 144 2244 ex
175 2207 312 2256 praeda
336 2208 633 2257 quadringenos
659 2209 748 2245 aeris
774 2208 922 2247 divisit.
971 2208 1103 2245 Morte
1131 2208 1356 2245 subtractus
1385 2211 1535 2258 specta·
1554 2209 1579 2246 4

101 2277 189 2315 culo
220 2279 348 2328 magis
379 2279 583 2317 hominum
616 2294 733 2330 quam
771 2279 1056 2329 triumphantis
1095 2279 1233 2328 gloriae
1265 2279 1427 2329 Syphax
1461 2282 1530 2326 est,

100 2346 242 2386 Tiburi
273 2349 379 2387 haud
409 2351 465 2388 ita
494 2351 619 2389 multo
644 2355 735 2389 ante
761 2356 952 2397 mortuus,
985 2364 1063 2401 quo
1096 2352 1145 2389 ab
1178 2351 1290 2389 Alba
1320 2351 1530 2389 traductus

94 2419 234 2460 fuerat.
282 2420 504 2472 Conspecta
534 2426 666 2461 tamen
700 2437 804 2461 mors
835 2424 918 2460 eius
951 2423 1037 2469 fuit,
1070 2423 1166 2472 quia
1197 2423 1359 2473 publico
1391 2423 1529 2460 funere

96 2493 159 2528 est
189 2491 329 2530 elatus.
375 2493 495 2532 Hunc
527 2507 659 2544 regem
695 2495 736 2532 in
759 2494 964 2544 triumpho
983 2494 1145 2532 ductum
1164 2494 1374 2543 Polybius,
1405 2494 1530 2532 haud·
1549 2495 1571 2532 5

95 2574 294 2611 quaquam
349 2566 597 2614 spernendus
650 2571 807 2613 auctor,
858 2565 996 2604 tradit.
1084 2564 1251 2603 Secutus
1299 2565 1527 2616 Scipionem

92 2633 403 2684 triumphantem
435 2641 497 2674 est
527 2638 634 2687 pileo
666 2638 789 2687 capiti
828 2637 1015 2687 imposito
1049 2637 1094 2684 Q.
1128 2637 1341 2675 Terentius
1374 2638 1527 2685 Culleo,
