1768 2943
518 105 620 137 Liber
646 105 757 136 xxn.
806 104 862 146 (A.
891 106 954 136 Ch.
981 104 1075 146 216.)
1415 105 1493 146 107

81 237 174 282 rius,
209 249 328 285 quam
360 236 427 273 ubi
459 249 509 273 ea
542 236 780 284 cogitentur,
815 235 990 271 hostium
1023 240 1153 272 castra
1186 248 1288 272 esse.
1363 234 1536 285 Pergit9

79 308 136 344 ire
166 307 426 356 sequentibus
443 306 583 355 paucis
599 306 639 342 in
659 305 875 354 hospitium
894 304 1046 341 Metelli
1064 311 1116 349 et,
1143 318 1264 353 quum
1283 306 1496 343 concilium

81 378 135 414 ibi
162 378 361 422 iuvenum,
391 377 444 413 de
472 376 615 424 quibus
639 376 801 412 allatum
825 381 924 419 erat,
953 375 1186 420 invenisset,
1218 376 1354 413 stricto
1379 388 1497 425 super

80 448 213 497 capita
238 447 549 485 consultantium
573 446 727 495 gladio,
757 446 842 481 «Ex
864 446 942 482 mei
968 446 1090 482 animi
1109 446 1334 483 sententia»
1355 446 1496 494 inquit,
1515 444 1568 485 lO

83 524 150 554 «ut
188 530 267 566 ego
299 530 384 554 rem
415 518 615 567 publicam
649 517 788 565 populi
821 517 995 552 Romani
1029 529 1112 553 non
1145 517 1331 553 deseram
1364 528 1497 563 neque

84 589 204 624 alium
237 588 363 625 civem
386 588 616 625 Romanurn
648 588 837 624 deserere
869 587 1018 635 patiar;
1052 587 1084 623 si
1117 587 1249 624 sciens
1273 586 1382 630 fallo,
1415 591 1497 622 turn
1516 585 1564 624 11

78 669 157 702 me,
182 658 360 707 Iuppiter
384 658 535 706 optime
552 658 739 702 maxime,
767 658 949 698 domum,
976 657 1167 693 familiam
1182 669 1346 705 remque
1364 669 1497 693 meam

79 728 256 777 pessimo
282 729 362 765 leto
386 728 553 765 afficias.
601 728 647 765 In
673 729 757 765 haec
780 728 915 771 verba,
941 728 987 765 L.
1017 728 1165 772 Caecili,
1191 729 1296 764 iures
1319 728 1495 776 postulo,
1515 725 1567 765 12

78 798 293 846 ceterique,
319 799 385 847 qui
410 799 575 836 adestis.
626 798 705 845 Qui
729 810 813 835 non
838 798 1035 841 iuraverit,
1061 798 1101 833 in
1126 810 1169 834 se
1194 798 1299 834 hunc
1316 799 1496 846 gladium

80 869 257 905 strictum
290 881 380 906 esse
412 870 552 906 sciat.»
618 869 742 905 Haud
775 880 890 905 secus
921 868 1069 916 pavidi,
1104 880 1223 915 quam
1249 869 1280 904 si
1305 868 1497 905 victorem
1515 866 1567 907 13

80 938 352 976 Hannibalem
386 945 609 985 cernerent,
642 940 773 976 iurant
797 950 939 975 omnes
964 938 1340 986 custodiendosque
1369 944 1497 975 semet

75 1010 187 1059 ipsos
220 1010 398 1059 Scipioni
430 1011 607 1047 tradunt.

193 1080 256 1117 Eo
284 1086 480 1129 tempore,
515 1093 596 1128 quo
621 1081 705 1117 haec
733 1080 898 1116 Canusii
923 1080 1159 1128 agebantur,
1195 1079 1416 1116 Venusiam
1441 1080 1493 1116 ad
1557 1076 1623 1119 54

78 1151 288 1187 consulem
319 1151 374 1187 ad
406 1156 595 1199 quattuor
618 1151 739 1187 millia
764 1156 803 1187 et
828 1150 1036 1199 quingenti
1061 1150 1220 1198 pedites
1244 1149 1494 1198 equitesque,

79 1221 146 1268 qui
164 1221 291 1270 sparsi
310 1220 404 1269 fuga
421 1233 493 1269 per
509 1233 629 1269 agros
648 1222 818 1265 fuerant,
837 1233 1070 1270 pervenere.
1104 1220 1189 1257 Eos
1202 1232 1345 1257 omnes
1358 1220 1497 1257 Venu-
1511 1218 1537 1259 2

77 1290 151 1327 sini
175 1303 247 1340 per
271 1291 440 1328 familias
463 1292 640 1340 benigne
664 1292 928 1340 accipiendos
954 1291 1240 1339 curandosque
1258 1303 1380 1338 quum
1399 1292 1496 1327 divi-

77 1361 235 1406 sissent,
274 1362 314 1399 in
347 1363 527 1411 singulos
560 1363 715 1411 equites
748 1368 866 1411 togas
900 1368 939 1398 et
971 1362 1127 1398 tunicas
1160 1367 1200 1397 et
1232 1361 1496 1409 quadrigatos

78 1444 265 1470 nummos
297 1433 442 1481 quinos
474 1433 653 1477 vicenos,
694 1438 734 1469 et
765 1433 892 1482 pediti
925 1432 1071 1476 denos,
1113 1437 1152 1468 et
1184 1444 1308 1476 arma,
1352 1432 1496 1480 quibus

80 1503 263 1548 deerant,
298 1504 512 1548 dederunt,
547 1508 761 1552 ceteraque
785 1502 944 1552 publice
968 1515 1015 1539 ac
1040 1502 1222 1551 privatim
1247 1500 1538 1551 hospitaliterss

78 1572 186 1609 facta
211 1578 499 1622 certatumque,
526 1586 577 1610 ne
603 1586 626 1610 a
651 1573 815 1609 muliere
841 1572 1048 1609 Canusina
1072 1573 1246 1622 populus
1265 1573 1496 1609 Venusinus

79 1643 221 1681 officiis
244 1644 479 1681 vinceretur.
528 1644 609 1680 Sed
636 1645 794 1692 gravius
813 1656 916 1680 onus
934 1642 1051 1680 Busae
1068 1644 1283 1679 multitudo
1302 1643 1496 1686 faciebat;
1512 1641 1539 1681 4

79 1719 120 1750 et
146 1714 226 1750 iam
250 1715 305 1750 ad
330 1715 473 1751 decem
500 1714 620 1750 millia
645 1714 855 1751 hominum
879 1719 1005 1758 erant,
1037 1713 1274 1762 Appiusque
1299 1719 1339 1750 et
1363 1713 1498 1761 Scipio
1514 1711 1540 1752 5

77 1789 294 1833 postquam
318 1785 562 1821 incolumem
589 1796 679 1821 esse
697 1784 863 1819 alterum
883 1785 1091 1821 consulem
1110 1789 1368 1832 acceperunt,
1398 1796 1499 1820 nun-

79 1853 175 1890 tium
208 1856 410 1904 extemplo
442 1855 616 1899 mittunt,
660 1859 821 1902 quantae
855 1866 991 1891 secum
1024 1855 1205 1903 peditum
1239 1855 1498 1902 equitumque

80 1925 209 1973 copiae
242 1931 390 1970 essent,
425 1925 751 1974 sciscitatumque
784 1926 911 1967 simul,
946 1930 1076 1961 utrum
1101 1925 1324 1961 Venusiam
1348 1925 1499 1961 adduci

81 1995 299 2032 exercitum
321 2009 374 2032 an
397 2008 562 2032 manere
585 1996 740 2033 iuberet
766 1996 943 2033 Canusii.
1006 1995 1137 2032 Varro
1162 1996 1250 2044 ipse
1278 1993 1540 2034 Canusium&

79 2066 220 2114 copias
262 2067 454 2110 traduxit;
495 2071 535 2102 et
577 2066 657 2102 iam
690 2066 825 2115 aliqua
857 2067 1014 2115 species
1047 2067 1270 2103 consularis
1303 2067 1500 2103 exercitus

79 2142 165 2172 erat
187 2137 468 2185 moenibusque
493 2148 537 2173 se
562 2141 683 2181 certe,
712 2137 744 2174 si
772 2149 856 2174 non
883 2137 1015 2182 armis,
1045 2138 1096 2173 ab
1120 2137 1236 2174 hoste
1260 2137 1501 2173 videbantur

77 2206 296 2245 defensuri.

196 2278 371 2315 Romam
395 2290 447 2314 ne
472 2278 544 2315 has
571 2278 737 2326 quidem
761 2278 949 2326 reliquias
974 2290 1187 2327 superesse
1205 2278 1350 2315 civium
1369 2277 1501 2314 socio·
1516 2275 1539 2314 7

82 2359 262 2396 rumque,
287 2349 361 2385 sed
386 2348 603 2386 occidione
629 2349 806 2385 occisum
825 2360 915 2384 cum
934 2349 1095 2386 duobus
1113 2349 1335 2385 consulibus
1352 2348 1501 2385 exerci-

83 2422 166 2454 tum
191 2419 428 2467 deletasque
454 2431 596 2456 omnes
622 2420 762 2468 copias
786 2420 948 2456 allatum
967 2419 1107 2456 fuerat2
1158 2419 1373 2467 Nunquam
1393 2419 1501 2455 salva
1517 2416 1541 2457 8

84 2488 180 2524 urbe
212 2493 367 2525 tantum
399 2489 559 2538 pavoris
592 2490 863 2538 tumultusque
895 2490 998 2527 intra
1030 2490 1180 2527 moenia
1204 2491 1391 2526 Romana
1417 2488 1500 2524 fuit.

84 2557 224 2606 Itaque
257 2560 514 2596 succumbam
540 2561 653 2596 oneri
680 2572 813 2608 neque
836 2561 1051 2609 aggrediar
1074 2572 1250 2603 narrare,
1282 2571 1370 2607 quae
1396 2559 1502 2595 edis-

83 2629 275 2666 sertando
300 2630 455 2666 minora
481 2642 575 2667 vero
603 2630 761 2667 faciam.
811 2630 989 2667 Consule
1008 2630 1263 2677 exercituque
1282 2629 1336 2665 ad
1354 2626 1541 2667 Trasu-9
