<?xml version="1.0" encoding="UTF-8"?>
<!DOCTYPE html PUBLIC "-//W3C//DTD XHTML 1.0 Transitional//EN"
    "http://www.w3.org/TR/xhtml1/DTD/xhtml1-transitional.dtd">
<html xmlns="http://www.w3.org/1999/xhtml" xml:lang="en" lang="en">
 <head>
  <title>
</title>
<meta http-equiv="Content-Type" content="text/html;charset=utf-8" />
  <meta name='ocr-system' content='tesseract 3.04.00' />
  <meta name='ocr-capabilities' content='ocr_page ocr_carea ocr_par ocr_line ocrx_word'/>
</head>
<body>
  <div class='ocr_page' id='page_1' title='image "./historiarumroman02livyuoft_0151.png"; bbox 0 0 1768 2943; ppageno 0'>
   <div class='ocr_carea' id='block_1_1' title="bbox 538 98 1524 141">
    <p class='ocr_par' dir='ltr' id='par_1_1' title="bbox 538 98 1524 141">
     <span class='ocr_line' id='line_1_1' title="bbox 538 98 1524 141; baseline 0.005 -12"><span class='ocrx_word' id='word_1_1' title='bbox 538 99 643 130; x_wconf 89' lang='lat' dir='ltr'>Liber</span> <span class='ocrx_word' id='word_1_2' title='bbox 668 99 777 129; x_wconf 87' lang='lat' dir='ltr'>XXII.</span> <span class='ocrx_word' id='word_1_3' title='bbox 829 98 885 140; x_wconf 82' lang='lat' dir='ltr'>(A.</span> <span class='ocrx_word' id='word_1_4' title='bbox 914 99 975 130; x_wconf 88' lang='lat' dir='ltr'>Ch.</span> <span class='ocrx_word' id='word_1_5' title='bbox 1005 98 1099 141; x_wconf 77' lang='lat'>216.)</span> <span class='ocrx_word' id='word_1_6' title='bbox 1446 101 1524 141; x_wconf 82' lang='lat'>111</span> 
     </span>
    </p>
   </div>
   <div class='ocr_carea' id='block_1_2' title="bbox 95 229 1645 2662">
    <p class='ocr_par' dir='ltr' id='par_1_2' title="bbox 95 229 1645 2662">
     <span class='ocr_line' id='line_1_2' title="bbox 107 229 1525 278; baseline 0.001 -12"><span class='ocrx_word' id='word_1_7' title='bbox 107 236 272 267; x_wconf 89' lang='lat' dir='ltr'>certare.</span> <span class='ocrx_word' id='word_1_8' title='bbox 336 229 388 265; x_wconf 89' lang='lat' dir='ltr'>Et</span> <span class='ocrx_word' id='word_1_9' title='bbox 419 236 554 278; x_wconf 90' lang='lat' dir='ltr'>patres</span> <span class='ocrx_word' id='word_1_10' title='bbox 586 229 715 265; x_wconf 88' lang='lat' dir='ltr'>virtuti</span> <span class='ocrx_word' id='word_1_11' title='bbox 748 230 948 266; x_wconf 77' lang='lat' dir='ltr'>Romanae</span> <span class='ocrx_word' id='word_1_12' title='bbox 980 230 1152 266; x_wconf 78' lang='lat' dir='ltr'>cessisse</span> <span class='ocrx_word' id='word_1_13' title='bbox 1185 236 1224 266; x_wconf 91' lang='lat' dir='ltr'>et</span> <span class='ocrx_word' id='word_1_14' title='bbox 1252 243 1295 268; x_wconf 92' lang='lat' dir='ltr'>se</span> <span class='ocrx_word' id='word_1_15' title='bbox 1319 231 1362 267; x_wconf 90' lang='lat' dir='ltr'>id</span> <span class='ocrx_word' id='word_1_16' title='bbox 1386 231 1525 275; x_wconf 81' lang='lat' dir='ltr'>anniti,</span> 
     </span>
     <span class='ocr_line' id='line_1_3' title="bbox 107 299 1567 349; baseline 0.001 -13"><span class='ocrx_word' id='word_1_17' title='bbox 107 306 148 337; x_wconf 87' lang='lat' dir='ltr'>ut</span> <span class='ocrx_word' id='word_1_18' title='bbox 185 312 266 338; x_wconf 90' lang='lat' dir='ltr'>suae</span> <span class='ocrx_word' id='word_1_19' title='bbox 303 301 346 337; x_wconf 93' lang='lat' dir='ltr'>in</span> <span class='ocrx_word' id='word_1_20' title='bbox 378 301 506 336; x_wconf 88' lang='lat' dir='ltr'>vicem</span> <span class='ocrx_word' id='word_1_21' title='bbox 539 299 653 336; x_wconf 89' lang='lat' dir='ltr'>simul</span> <span class='ocrx_word' id='word_1_22' title='bbox 688 299 866 336; x_wconf 79' lang='lat' dir='ltr'>felicitati</span> <span class='ocrx_word' id='word_1_23' title='bbox 900 305 939 336; x_wconf 89' lang='lat' dir='ltr'>et</span> <span class='ocrx_word' id='word_1_24' title='bbox 972 299 1101 335; x_wconf 89' lang='lat' dir='ltr'>virtuti</span> <span class='ocrx_word' id='word_1_25' title='bbox 1135 301 1315 337; x_wconf 80' lang='lat' dir='ltr'>cedatur.</span> <span class='ocrx_word' id='word_1_26' title='bbox 1385 299 1567 349; x_wconf 75' lang='lat' dir='ltr'>Itaque4</span> 
     </span>
     <span class='ocr_line' id='line_1_4' title="bbox 104 368 1526 420; baseline 0.001 -13"><span class='ocrx_word' id='word_1_27' title='bbox 104 371 332 407; x_wconf 79' lang='lat' dir='ltr'>redimendi</span> <span class='ocrx_word' id='word_1_28' title='bbox 364 383 407 407; x_wconf 90' lang='lat' dir='ltr'>se</span> <span class='ocrx_word' id='word_1_29' title='bbox 440 368 606 418; x_wconf 89' lang='lat' dir='ltr'>captivis</span> <span class='ocrx_word' id='word_1_30' title='bbox 639 369 802 417; x_wconf 89' lang='lat' dir='ltr'>copiam</span> <span class='ocrx_word' id='word_1_31' title='bbox 833 369 988 413; x_wconf 88' lang='lat' dir='ltr'>facere;</span> <span class='ocrx_word' id='word_1_32' title='bbox 1023 370 1194 419; x_wconf 88' lang='lat' dir='ltr'>pretium</span> <span class='ocrx_word' id='word_1_33' title='bbox 1218 370 1304 407; x_wconf 89' lang='lat' dir='ltr'>fore</span> <span class='ocrx_word' id='word_1_34' title='bbox 1327 372 1368 407; x_wconf 94' lang='lat' dir='ltr'>in</span> <span class='ocrx_word' id='word_1_35' title='bbox 1393 372 1526 420; x_wconf 86' lang='lat' dir='ltr'>capita</span> 
     </span>
     <span class='ocr_line' id='line_1_5' title="bbox 105 439 1524 489; baseline 0.001 -13"><span class='ocrx_word' id='word_1_36' title='bbox 105 441 227 489; x_wconf 89' lang='lat' dir='ltr'>equiti</span> <span class='ocrx_word' id='word_1_37' title='bbox 251 442 481 489; x_wconf 84' lang='lat' dir='ltr'>quingenos</span> <span class='ocrx_word' id='word_1_38' title='bbox 506 439 773 488; x_wconf 86' lang='lat' dir='ltr'>quadrigatos</span> <span class='ocrx_word' id='word_1_39' title='bbox 798 451 1000 483; x_wconf 86' lang='lat' dir='ltr'><strong>nummos,</strong></span> <span class='ocrx_word' id='word_1_40' title='bbox 1029 445 1217 477; x_wconf 86' lang='lat' dir='ltr'>trecenos</span> <span class='ocrx_word' id='word_1_41' title='bbox 1241 442 1382 488; x_wconf 87' lang='lat' dir='ltr'>pediti,</span> <span class='ocrx_word' id='word_1_42' title='bbox 1410 454 1524 478; x_wconf 87' lang='lat' dir='ltr'>servo</span> 
     </span>
     <span class='ocr_line' id='line_1_6' title="bbox 104 509 1563 559; baseline 0 -11"><span class='ocrx_word' id='word_1_43' title='bbox 104 516 314 548; x_wconf 83' lang='lat' dir='ltr'>centenos.</span> <span class='ocrx_word' id='word_1_44' title='bbox 364 511 610 559; x_wconf 85' lang='lat' dir='ltr'>Quanquam</span> <span class='ocrx_word' id='word_1_45' title='bbox 634 509 883 558; x_wconf 86' lang='lat' dir='ltr'>aliquantum</span> <span class='ocrx_word' id='word_1_46' title='bbox 908 510 1173 546; x_wconf 79' lang='lat' dir='ltr'>adficiebatur</span> <span class='ocrx_word' id='word_1_47' title='bbox 1190 512 1391 558; x_wconf 88' lang='lat' dir='ltr'>equitibus</span> <span class='ocrx_word' id='word_1_48' title='bbox 1410 513 1464 548; x_wconf 91' lang='lat' dir='ltr'>ad</span> <span class='ocrx_word' id='word_1_49' title='bbox 1482 513 1523 548; x_wconf 89' lang='lat' dir='ltr'>id</span> <span class='ocrx_word' id='word_1_50' title='bbox 1537 509 1563 547; x_wconf 73' lang='lat'>5</span> 
     </span>
     <span class='ocr_line' id='line_1_7' title="bbox 103 580 1525 630; baseline 0 -12"><span class='ocrx_word' id='word_1_51' title='bbox 103 581 285 630; x_wconf 89' lang='lat' dir='ltr'>pretium,</span> <span class='ocrx_word' id='word_1_52' title='bbox 312 593 393 630; x_wconf 93' lang='lat' dir='ltr'>quo</span> <span class='ocrx_word' id='word_1_53' title='bbox 417 581 657 630; x_wconf 86' lang='lat' dir='ltr'>pepigerant</span> <span class='ocrx_word' id='word_1_54' title='bbox 684 580 886 616; x_wconf 86' lang='lat' dir='ltr'>dedentes</span> <span class='ocrx_word' id='word_1_55' title='bbox 905 592 960 624; x_wconf 89' lang='lat' dir='ltr'>se,</span> <span class='ocrx_word' id='word_1_56' title='bbox 990 580 1068 617; x_wconf 85' lang='lat' dir='ltr'>laeti</span> <span class='ocrx_word' id='word_1_57' title='bbox 1086 586 1223 617; x_wconf 90' lang='lat' dir='ltr'>tamen</span> <span class='ocrx_word' id='word_1_58' title='bbox 1241 594 1525 630; x_wconf 90' lang='lat' dir='ltr'>quamcunque</span> 
     </span>
     <span class='ocr_line' id='line_1_8' title="bbox 103 650 1561 701; baseline 0 -12"><span class='ocrx_word' id='word_1_59' title='bbox 103 652 390 689; x_wconf 89' lang='lat' dir='ltr'>condicionem</span> <span class='ocrx_word' id='word_1_60' title='bbox 407 651 644 700; x_wconf 87' lang='lat' dir='ltr'>paciscendi</span> <span class='ocrx_word' id='word_1_61' title='bbox 663 656 921 698; x_wconf 87' lang='lat' dir='ltr'>acceperunt.</span> <span class='ocrx_word' id='word_1_62' title='bbox 962 651 1117 688; x_wconf 84' lang='lat' dir='ltr'>Placuit</span> <span class='ocrx_word' id='word_1_63' title='bbox 1135 652 1325 701; x_wconf 87' lang='lat' dir='ltr'>suffragio</span> <span class='ocrx_word' id='word_1_64' title='bbox 1344 653 1523 701; x_wconf 85' lang='lat' dir='ltr'>ipsc-rum</span> <span class='ocrx_word' id='word_1_65' title='bbox 1537 650 1561 689; x_wconf 84' lang='grc'><strong>6</strong></span> 
     </span>
     <span class='ocr_line' id='line_1_9' title="bbox 103 721 1524 771; baseline 0 -13"><span class='ocrx_word' id='word_1_66' title='bbox 103 723 247 759; x_wconf 91' lang='lat' dir='ltr'>decem</span> <span class='ocrx_word' id='word_1_67' title='bbox 270 723 406 771; x_wconf 87' lang='lat' dir='ltr'>deligi,</span> <span class='ocrx_word' id='word_1_68' title='bbox 433 723 499 770; x_wconf 92' lang='lat' dir='ltr'>qui</span> <span class='ocrx_word' id='word_1_69' title='bbox 518 723 692 758; x_wconf 85' lang='lat' dir='ltr'>Romam</span> <span class='ocrx_word' id='word_1_70' title='bbox 716 721 771 757; x_wconf 91' lang='lat' dir='ltr'>ad</span> <span class='ocrx_word' id='word_1_71' title='bbox 796 726 982 757; x_wconf 91' lang='lat' dir='ltr'>senatum</span> <span class='ocrx_word' id='word_1_72' title='bbox 1006 722 1121 766; x_wconf 88' lang='lat' dir='ltr'>irent,</span> <span class='ocrx_word' id='word_1_73' title='bbox 1148 735 1224 759; x_wconf 91' lang='lat' dir='ltr'>nec</span> <span class='ocrx_word' id='word_1_74' title='bbox 1248 722 1395 771; x_wconf 89' lang='lat' dir='ltr'>pignus</span> <span class='ocrx_word' id='word_1_75' title='bbox 1415 723 1524 758; x_wconf 89' lang='lat' dir='ltr'>aliud</span> 
     </span>
     <span class='ocr_line' id='line_1_10' title="bbox 102 791 1559 841; baseline 0.001 -13"><span class='ocrx_word' id='word_1_76' title='bbox 102 793 209 837; x_wconf 88' lang='lat' dir='ltr'>fidei,</span> <span class='ocrx_word' id='word_1_77' title='bbox 242 805 364 841; x_wconf 84' lang='lat' dir='ltr'>quarn</span> <span class='ocrx_word' id='word_1_78' title='bbox 387 798 430 829; x_wconf 89' lang='lat' dir='ltr'>ut</span> <span class='ocrx_word' id='word_1_79' title='bbox 453 794 630 829; x_wconf 88' lang='lat' dir='ltr'>iurarent</span> <span class='ocrx_word' id='word_1_80' title='bbox 653 804 696 829; x_wconf 92' lang='lat' dir='ltr'>se</span> <span class='ocrx_word' id='word_1_81' title='bbox 719 791 933 835; x_wconf 89' lang='lat' dir='ltr'>redituros,</span> <span class='ocrx_word' id='word_1_82' title='bbox 968 797 1193 840; x_wconf 87' lang='lat' dir='ltr'>acceptum.</span> <span class='ocrx_word' id='word_1_83' title='bbox 1256 792 1404 830; x_wconf 90' lang='lat' dir='ltr'>Missus</span> <span class='ocrx_word' id='word_1_84' title='bbox 1430 806 1521 830; x_wconf 90' lang='lat' dir='ltr'>cum</span> <span class='ocrx_word' id='word_1_85' title='bbox 1538 791 1559 830; x_wconf 84' lang='grc'>7</span> 
     </span>
     <span class='ocr_line' id='line_1_11' title="bbox 101 862 1522 912; baseline 0.001 -14"><span class='ocrx_word' id='word_1_86' title='bbox 101 862 161 900; x_wconf 92' lang='lat' dir='ltr'>his</span> <span class='ocrx_word' id='word_1_87' title='bbox 186 862 390 908; x_wconf 88' lang='lat' dir='ltr'>Carthalo,</span> <span class='ocrx_word' id='word_1_88' title='bbox 424 863 571 900; x_wconf 89' lang='lat' dir='ltr'>nobilis</span> <span class='ocrx_word' id='word_1_89' title='bbox 596 862 956 911; x_wconf 76' lang='lat' dir='ltr'>Carthaginiensis,</span> <span class='ocrx_word' id='word_1_90' title='bbox 991 863 1072 910; x_wconf 87' lang='lat' dir='ltr'>qui,</span> <span class='ocrx_word' id='word_1_91' title='bbox 1107 863 1138 899; x_wconf 90' lang='lat' dir='ltr'>si</span> <span class='ocrx_word' id='word_1_92' title='bbox 1172 862 1274 899; x_wconf 86' lang='lat' dir='ltr'>forte</span> <span class='ocrx_word' id='word_1_93' title='bbox 1301 864 1355 899; x_wconf 91' lang='lat' dir='ltr'>ad</span> <span class='ocrx_word' id='word_1_94' title='bbox 1378 876 1522 912; x_wconf 87' lang='lat' dir='ltr'>pacem</span> 
     </span>
     <span class='ocr_line' id='line_1_12' title="bbox 100 931 1560 982; baseline 0.001 -13"><span class='ocrx_word' id='word_1_95' title='bbox 100 933 309 970; x_wconf 89' lang='lat' dir='ltr'>inclinaret</span> <span class='ocrx_word' id='word_1_96' title='bbox 342 934 512 978; x_wconf 87' lang='lat' dir='ltr'>animus,</span> <span class='ocrx_word' id='word_1_97' title='bbox 546 933 813 970; x_wconf 86' lang='lat' dir='ltr'>condiciones</span> <span class='ocrx_word' id='word_1_98' title='bbox 847 932 978 969; x_wconf 86' lang='lat' dir='ltr'>ferret.</span> <span class='ocrx_word' id='word_1_99' title='bbox 1043 933 1179 979; x_wconf 80' lang='lat' dir='ltr'>Quum</span> <span class='ocrx_word' id='word_1_100' title='bbox 1205 934 1355 982; x_wconf 87' lang='lat' dir='ltr'>egressi</span> <span class='ocrx_word' id='word_1_101' title='bbox 1381 931 1560 971; x_wconf 69' lang='lat' dir='ltr'>eastrisss</span> 
     </span>
     <span class='ocr_line' id='line_1_13' title="bbox 100 1004 1523 1052; baseline 0.001 -13"><span class='ocrx_word' id='word_1_102' title='bbox 100 1009 248 1047; x_wconf 90' lang='lat' dir='ltr'>essent,</span> <span class='ocrx_word' id='word_1_103' title='bbox 279 1016 382 1041; x_wconf 92' lang='lat' dir='ltr'>unus</span> <span class='ocrx_word' id='word_1_104' title='bbox 409 1017 458 1040; x_wconf 84' lang='lat' dir='ltr'>ex</span> <span class='ocrx_word' id='word_1_105' title='bbox 483 1005 542 1048; x_wconf 89' lang='lat' dir='ltr'>iis,</span> <span class='ocrx_word' id='word_1_106' title='bbox 574 1005 737 1040; x_wconf 90' lang='lat' dir='ltr'>minime</span> <span class='ocrx_word' id='word_1_107' title='bbox 762 1005 938 1040; x_wconf 89' lang='lat' dir='ltr'>Romani</span> <span class='ocrx_word' id='word_1_108' title='bbox 962 1004 1114 1052; x_wconf 91' lang='lat' dir='ltr'>ingenii</span> <span class='ocrx_word' id='word_1_109' title='bbox 1139 1004 1278 1048; x_wconf 91' lang='lat' dir='ltr'>homo,</span> <span class='ocrx_word' id='word_1_110' title='bbox 1308 1005 1427 1041; x_wconf 86' lang='lat' dir='ltr'>veluti</span> <span class='ocrx_word' id='word_1_111' title='bbox 1454 1006 1523 1041; x_wconf 90' lang='lat' dir='ltr'>ali-</span> 
     </span>
     <span class='ocr_line' id='line_1_14' title="bbox 100 1074 1522 1122; baseline 0.001 -13"><span class='ocrx_word' id='word_1_112' title='bbox 100 1074 196 1121; x_wconf 88' lang='lat' dir='ltr'>quid</span> <span class='ocrx_word' id='word_1_113' title='bbox 220 1074 380 1118; x_wconf 88' lang='lat' dir='ltr'>oblitus,</span> <span class='ocrx_word' id='word_1_114' title='bbox 406 1075 500 1111; x_wconf 90' lang='lat' dir='ltr'>iuris</span> <span class='ocrx_word' id='word_1_115' title='bbox 524 1075 682 1110; x_wconf 87' lang='lat' dir='ltr'>iurandi</span> <span class='ocrx_word' id='word_1_116' title='bbox 701 1075 886 1111; x_wconf 89' lang='lat' dir='ltr'>solvendi</span> <span class='ocrx_word' id='word_1_117' title='bbox 905 1086 1029 1110; x_wconf 89' lang='lat' dir='ltr'>causa</span> <span class='ocrx_word' id='word_1_118' title='bbox 1047 1086 1170 1122; x_wconf 91' lang='lat' dir='ltr'>quum</span> <span class='ocrx_word' id='word_1_119' title='bbox 1187 1074 1228 1110; x_wconf 93' lang='lat' dir='ltr'>in</span> <span class='ocrx_word' id='word_1_120' title='bbox 1246 1079 1378 1111; x_wconf 90' lang='lat' dir='ltr'>castra</span> <span class='ocrx_word' id='word_1_121' title='bbox 1395 1075 1522 1111; x_wconf 90' lang='lat' dir='ltr'>redis-</span> 
     </span>
     <span class='ocr_line' id='line_1_15' title="bbox 100 1141 1559 1192; baseline 0.001 -12"><span class='ocrx_word' id='word_1_122' title='bbox 100 1148 172 1188; x_wconf 88' lang='lat' dir='ltr'>set,</span> <span class='ocrx_word' id='word_1_123' title='bbox 197 1149 292 1180; x_wconf 81' lang='lat' dir='ltr'>ante</span> <span class='ocrx_word' id='word_1_124' title='bbox 315 1150 480 1181; x_wconf 89' lang='lat' dir='ltr'>noctem</span> <span class='ocrx_word' id='word_1_125' title='bbox 505 1145 674 1181; x_wconf 88' lang='lat' dir='ltr'>comites</span> <span class='ocrx_word' id='word_1_126' title='bbox 699 1145 938 1192; x_wconf 87' lang='lat' dir='ltr'>assequitur.</span> <span class='ocrx_word' id='word_1_127' title='bbox 989 1144 1069 1181; x_wconf 91' lang='lat' dir='ltr'>Ubi</span> <span class='ocrx_word' id='word_1_128' title='bbox 1087 1145 1261 1181; x_wconf 90' lang='lat' dir='ltr'>Romam</span> <span class='ocrx_word' id='word_1_129' title='bbox 1284 1145 1421 1181; x_wconf 90' lang='lat' dir='ltr'>venire</span> <span class='ocrx_word' id='word_1_130' title='bbox 1447 1158 1518 1181; x_wconf 89' lang='lat' dir='ltr'>eos</span> <span class='ocrx_word' id='word_1_131' title='bbox 1534 1141 1559 1181; x_wconf 87' lang='lat'>9</span> 
     </span>
     <span class='ocr_line' id='line_1_16' title="bbox 98 1214 1521 1263; baseline 0.002 -14"><span class='ocrx_word' id='word_1_132' title='bbox 98 1214 325 1250; x_wconf 83' lang='lat' dir='ltr'>nuntiatum</span> <span class='ocrx_word' id='word_1_133' title='bbox 348 1220 421 1259; x_wconf 89' lang='lat' dir='ltr'>est,</span> <span class='ocrx_word' id='word_1_134' title='bbox 448 1214 683 1251; x_wconf 90' lang='lat' dir='ltr'>Carthaloni</span> <span class='ocrx_word' id='word_1_135' title='bbox 708 1215 870 1252; x_wconf 89' lang='lat' dir='ltr'>obviam</span> <span class='ocrx_word' id='word_1_136' title='bbox 895 1215 1010 1251; x_wconf 90' lang='lat' dir='ltr'>lictor</span> <span class='ocrx_word' id='word_1_137' title='bbox 1036 1215 1193 1260; x_wconf 90' lang='lat' dir='ltr'>missus,</span> <span class='ocrx_word' id='word_1_138' title='bbox 1220 1216 1287 1263; x_wconf 90' lang='lat' dir='ltr'>qui</span> <span class='ocrx_word' id='word_1_139' title='bbox 1313 1216 1521 1252; x_wconf 90' lang='lat' dir='ltr'>dictatoris</span> 
     </span>
     <span class='ocr_line' id='line_1_17' title="bbox 98 1284 1519 1329; baseline 0.002 -10"><span class='ocrx_word' id='word_1_140' title='bbox 98 1284 227 1321; x_wconf 88' lang='lat' dir='ltr'>verbis</span> <span class='ocrx_word' id='word_1_141' title='bbox 259 1285 473 1329; x_wconf 88' lang='lat' dir='ltr'>nuntiaret,</span> <span class='ocrx_word' id='word_1_142' title='bbox 508 1290 551 1322; x_wconf 92' lang='lat' dir='ltr'>ut</span> <span class='ocrx_word' id='word_1_143' title='bbox 582 1290 677 1321; x_wconf 90' lang='lat' dir='ltr'>ante</span> <span class='ocrx_word' id='word_1_144' title='bbox 706 1290 873 1321; x_wconf 88' lang='lat' dir='ltr'>noctem</span> <span class='ocrx_word' id='word_1_145' title='bbox 898 1286 1115 1321; x_wconf 86' lang='lat' dir='ltr'>excederet</span> <span class='ocrx_word' id='word_1_146' title='bbox 1139 1285 1283 1322; x_wconf 88' lang='lat' dir='ltr'>finibus</span> <span class='ocrx_word' id='word_1_147' title='bbox 1310 1287 1519 1322; x_wconf 89' lang='lat' dir='ltr'>Romanis.</span> 
     </span>
     <span class='ocr_line' id='line_1_18' title="bbox 98 1351 1645 1405; baseline 0.003 -15"><span class='ocrx_word' id='word_1_148' title='bbox 98 1353 261 1403; x_wconf 87' lang='lat' dir='ltr'>Legatis</span> <span class='ocrx_word' id='word_1_149' title='bbox 275 1355 524 1404; x_wconf 89' lang='lat' dir='ltr'>captivorum</span> <span class='ocrx_word' id='word_1_150' title='bbox 537 1361 701 1392; x_wconf 90' lang='lat' dir='ltr'>senatus</span> <span class='ocrx_word' id='word_1_151' title='bbox 715 1356 766 1391; x_wconf 91' lang='lat' dir='ltr'>ab</span> <span class='ocrx_word' id='word_1_152' title='bbox 780 1355 980 1391; x_wconf 91' lang='lat' dir='ltr'>dictatore</span> <span class='ocrx_word' id='word_1_153' title='bbox 998 1356 1116 1392; x_wconf 86' lang='lat' dir='ltr'>datus</span> <span class='ocrx_word' id='word_1_154' title='bbox 1132 1363 1204 1400; x_wconf 90' lang='lat' dir='ltr'>est,</span> <span class='ocrx_word' id='word_1_155' title='bbox 1231 1368 1400 1404; x_wconf 89' lang='lat' dir='ltr'>quorum</span> <span class='ocrx_word' id='word_1_156' title='bbox 1415 1357 1520 1405; x_wconf 86' lang='lat' dir='ltr'>prin·</span> <span class='ocrx_word' id='word_1_157' title='bbox 1584 1351 1645 1396; x_wconf 87' lang='grc'>59</span> 
     </span>
     <span class='ocr_line' id='line_1_19' title="bbox 99 1425 1520 1474; baseline 0.001 -12"><span class='ocrx_word' id='word_1_158' title='bbox 99 1436 214 1473; x_wconf 89' lang='lat' dir='ltr'>ceps:</span> <span class='ocrx_word' id='word_1_159' title='bbox 239 1425 415 1462; x_wconf 76' lang='lat' dir='ltr'>«M.Iuni</span> <span class='ocrx_word' id='word_1_160' title='bbox 430 1438 596 1474; x_wconf 91' lang='lat' dir='ltr'>vosque,</span> <span class='ocrx_word' id='word_1_161' title='bbox 610 1431 745 1474; x_wconf 90' lang='lat' dir='ltr'>patres</span> <span class='ocrx_word' id='word_1_162' title='bbox 758 1426 1001 1473; x_wconf 76' lang='lat' dir='ltr'>conscripti»</span> <span class='ocrx_word' id='word_1_163' title='bbox 1019 1426 1161 1474; x_wconf 91' lang='lat' dir='ltr'>inquit,</span> <span class='ocrx_word' id='word_1_164' title='bbox 1181 1439 1328 1463; x_wconf 86' lang='lat' dir='ltr'>«nemo</span> <span class='ocrx_word' id='word_1_165' title='bbox 1337 1432 1520 1463; x_wconf 90' lang='lat' dir='ltr'>nostrum</span> 
     </span>
     <span class='ocr_line' id='line_1_20' title="bbox 97 1496 1520 1546; baseline 0.002 -15"><span class='ocrx_word' id='word_1_166' title='bbox 97 1496 270 1544; x_wconf 85' lang='lat' dir='ltr'>ignorat,</span> <span class='ocrx_word' id='word_1_167' title='bbox 315 1496 410 1532; x_wconf 91' lang='lat' dir='ltr'>nulli</span> <span class='ocrx_word' id='word_1_168' title='bbox 442 1508 622 1544; x_wconf 89' lang='lat' dir='ltr'>unquam</span> <span class='ocrx_word' id='word_1_169' title='bbox 654 1496 801 1532; x_wconf 89' lang='lat' dir='ltr'>civitati</span> <span class='ocrx_word' id='word_1_170' title='bbox 834 1496 993 1532; x_wconf 89' lang='lat' dir='ltr'>viliores</span> <span class='ocrx_word' id='word_1_171' title='bbox 1027 1496 1150 1533; x_wconf 87' lang='lat' dir='ltr'>fuisse</span> <span class='ocrx_word' id='word_1_172' title='bbox 1183 1497 1365 1546; x_wconf 89' lang='lat' dir='ltr'>captivos</span> <span class='ocrx_word' id='word_1_173' title='bbox 1399 1510 1520 1545; x_wconf 88' lang='lat' dir='ltr'>quam</span> 
     </span>
     <span class='ocr_line' id='line_1_21' title="bbox 97 1564 1560 1616; baseline 0.001 -13"><span class='ocrx_word' id='word_1_174' title='bbox 97 1571 265 1610; x_wconf 87' lang='lat' dir='ltr'>nostrae;</span> <span class='ocrx_word' id='word_1_175' title='bbox 299 1571 490 1610; x_wconf 89' lang='lat' dir='ltr'>ceterum,</span> <span class='ocrx_word' id='word_1_176' title='bbox 523 1566 599 1603; x_wconf 90' lang='lat' dir='ltr'>nisi</span> <span class='ocrx_word' id='word_1_177' title='bbox 631 1566 751 1602; x_wconf 91' lang='lat' dir='ltr'>nobis</span> <span class='ocrx_word' id='word_1_178' title='bbox 783 1567 872 1615; x_wconf 91' lang='lat' dir='ltr'>plus</span> <span class='ocrx_word' id='word_1_179' title='bbox 904 1566 1010 1602; x_wconf 92' lang='lat' dir='ltr'>iusto</span> <span class='ocrx_word' id='word_1_180' title='bbox 1044 1572 1183 1603; x_wconf 89' lang='lat' dir='ltr'>nostra</span> <span class='ocrx_word' id='word_1_181' title='bbox 1215 1568 1349 1616; x_wconf 90' lang='lat' dir='ltr'>placet</span> <span class='ocrx_word' id='word_1_182' title='bbox 1381 1564 1560 1613; x_wconf 76' lang='lat' dir='ltr'>causa‚2</span> 
     </span>
     <span class='ocr_line' id='line_1_22' title="bbox 97 1636 1519 1685; baseline 0.001 -13"><span class='ocrx_word' id='word_1_183' title='bbox 97 1648 182 1672; x_wconf 91' lang='lat' dir='ltr'>non</span> <span class='ocrx_word' id='word_1_184' title='bbox 206 1636 271 1672; x_wconf 90' lang='lat' dir='ltr'>alii</span> <span class='ocrx_word' id='word_1_185' title='bbox 295 1648 474 1684; x_wconf 89' lang='lat' dir='ltr'>unquam</span> <span class='ocrx_word' id='word_1_186' title='bbox 495 1636 628 1673; x_wconf 89' lang='lat' dir='ltr'>minus</span> <span class='ocrx_word' id='word_1_187' title='bbox 652 1636 888 1684; x_wconf 88' lang='lat' dir='ltr'>negligendi</span> <span class='ocrx_word' id='word_1_188' title='bbox 917 1637 1031 1673; x_wconf 92' lang='lat' dir='ltr'>vobis</span> <span class='ocrx_word' id='word_1_189' title='bbox 1051 1649 1173 1685; x_wconf 90' lang='lat' dir='ltr'>quam</span> <span class='ocrx_word' id='word_1_190' title='bbox 1190 1650 1266 1674; x_wconf 92' lang='lat' dir='ltr'>nos</span> <span class='ocrx_word' id='word_1_191' title='bbox 1284 1638 1325 1673; x_wconf 93' lang='lat' dir='ltr'>in</span> <span class='ocrx_word' id='word_1_192' title='bbox 1344 1638 1519 1674; x_wconf 89' lang='lat' dir='ltr'>hostium</span> 
     </span>
     <span class='ocr_line' id='line_1_23' title="bbox 97 1706 1559 1755; baseline 0.001 -13"><span class='ocrx_word' id='word_1_193' title='bbox 97 1711 342 1755; x_wconf 88' lang='lat' dir='ltr'>potestatem</span> <span class='ocrx_word' id='word_1_194' title='bbox 373 1711 581 1743; x_wconf 88' lang='lat' dir='ltr'>venerunt.</span> <span class='ocrx_word' id='word_1_195' title='bbox 645 1706 740 1742; x_wconf 90' lang='lat' dir='ltr'>Non</span> <span class='ocrx_word' id='word_1_196' title='bbox 773 1706 880 1742; x_wconf 90' lang='lat' dir='ltr'>enim</span> <span class='ocrx_word' id='word_1_197' title='bbox 912 1707 953 1742; x_wconf 91' lang='lat' dir='ltr'>in</span> <span class='ocrx_word' id='word_1_198' title='bbox 987 1707 1074 1742; x_wconf 91' lang='lat' dir='ltr'>acie</span> <span class='ocrx_word' id='word_1_199' title='bbox 1099 1719 1170 1755; x_wconf 90' lang='lat' dir='ltr'>per</span> <span class='ocrx_word' id='word_1_200' title='bbox 1194 1708 1380 1744; x_wconf 89' lang='lat' dir='ltr'>timorem</span> <span class='ocrx_word' id='word_1_201' title='bbox 1408 1721 1518 1744; x_wconf 88' lang='lat' dir='ltr'>arma</span> <span class='ocrx_word' id='word_1_202' title='bbox 1534 1706 1559 1745; x_wconf 84' lang='lat'>3</span> 
     </span>
     <span class='ocr_line' id='line_1_24' title="bbox 97 1776 1518 1825; baseline 0.001 -13"><span class='ocrx_word' id='word_1_203' title='bbox 97 1776 349 1820; x_wconf 87' lang='lat' dir='ltr'>tradidimus,</span> <span class='ocrx_word' id='word_1_204' title='bbox 385 1777 459 1813; x_wconf 89' lang='lat' dir='ltr'>sed</span> <span class='ocrx_word' id='word_1_205' title='bbox 483 1788 606 1824; x_wconf 91' lang='lat' dir='ltr'>quum</span> <span class='ocrx_word' id='word_1_206' title='bbox 629 1789 758 1825; x_wconf 91' lang='lat' dir='ltr'>prope</span> <span class='ocrx_word' id='word_1_207' title='bbox 785 1778 839 1813; x_wconf 92' lang='lat' dir='ltr'>ad</span> <span class='ocrx_word' id='word_1_208' title='bbox 862 1782 1026 1813; x_wconf 89' lang='lat' dir='ltr'>noctem</span> <span class='ocrx_word' id='word_1_209' title='bbox 1051 1782 1326 1825; x_wconf 85' lang='lat' dir='ltr'>superstantes</span> <span class='ocrx_word' id='word_1_210' title='bbox 1352 1779 1518 1815; x_wconf 88' lang='lat' dir='ltr'>cumulis</span> 
     </span>
     <span class='ocr_line' id='line_1_25' title="bbox 96 1847 1518 1897; baseline 0.001 -13"><span class='ocrx_word' id='word_1_211' title='bbox 96 1858 293 1884; x_wconf 88' lang='lat' dir='ltr'>caesorum</span> <span class='ocrx_word' id='word_1_212' title='bbox 324 1858 542 1895; x_wconf 89' lang='lat' dir='ltr'>corporum</span> <span class='ocrx_word' id='word_1_213' title='bbox 573 1847 757 1895; x_wconf 90' lang='lat' dir='ltr'>proelium</span> <span class='ocrx_word' id='word_1_214' title='bbox 783 1847 1106 1891; x_wconf 85' lang='lat' dir='ltr'>extraxissemus,</span> <span class='ocrx_word' id='word_1_215' title='bbox 1140 1847 1181 1883; x_wconf 93' lang='lat' dir='ltr'>in</span> <span class='ocrx_word' id='word_1_216' title='bbox 1206 1853 1338 1884; x_wconf 90' lang='lat' dir='ltr'>castra</span> <span class='ocrx_word' id='word_1_217' title='bbox 1364 1849 1518 1897; x_wconf 91' lang='lat' dir='ltr'>recepi-</span> 
     </span>
     <span class='ocr_line' id='line_1_26' title="bbox 95 1915 1560 1965; baseline 0.001 -11"><span class='ocrx_word' id='word_1_218' title='bbox 95 1929 184 1954; x_wconf 92' lang='lat' dir='ltr'>mus</span> <span class='ocrx_word' id='word_1_219' title='bbox 209 1928 307 1960; x_wconf 92' lang='lat' dir='ltr'>nos;</span> <span class='ocrx_word' id='word_1_220' title='bbox 341 1917 423 1953; x_wconf 91' lang='lat' dir='ltr'>diei</span> <span class='ocrx_word' id='word_1_221' title='bbox 445 1917 642 1965; x_wconf 89' lang='lat' dir='ltr'>reliquum</span> <span class='ocrx_word' id='word_1_222' title='bbox 665 1928 713 1953; x_wconf 91' lang='lat' dir='ltr'>ac</span> <span class='ocrx_word' id='word_1_223' title='bbox 737 1922 902 1953; x_wconf 88' lang='lat' dir='ltr'>noctem</span> <span class='ocrx_word' id='word_1_224' title='bbox 928 1915 1223 1965; x_wconf 88' lang='lat' dir='ltr'>insequentem,</span> <span class='ocrx_word' id='word_1_225' title='bbox 1259 1917 1354 1955; x_wconf 88' lang='lat' dir='ltr'>fessi</span> <span class='ocrx_word' id='word_1_226' title='bbox 1379 1916 1560 1955; x_wconf 85' lang='lat' dir='ltr'>labore4</span> 
     </span>
     <span class='ocr_line' id='line_1_27' title="bbox 96 1985 1559 2036; baseline 0.001 -13"><span class='ocrx_word' id='word_1_227' title='bbox 96 1999 144 2024; x_wconf 92' lang='lat' dir='ltr'>ac</span> <span class='ocrx_word' id='word_1_228' title='bbox 175 1987 417 2032; x_wconf 89' lang='lat' dir='ltr'>vulneribus,</span> <span class='ocrx_word' id='word_1_229' title='bbox 451 1987 595 2023; x_wconf 92' lang='lat' dir='ltr'>vallum</span> <span class='ocrx_word' id='word_1_230' title='bbox 629 1999 765 2024; x_wconf 87' lang='lat' dir='ltr'>sumus</span> <span class='ocrx_word' id='word_1_231' title='bbox 798 1988 933 2032; x_wconf 87' lang='lat' dir='ltr'>tutati;</span> <span class='ocrx_word' id='word_1_232' title='bbox 974 1992 1140 2036; x_wconf 90' lang='lat' dir='ltr'>postero</span> <span class='ocrx_word' id='word_1_233' title='bbox 1174 1987 1254 2032; x_wconf 90' lang='lat' dir='ltr'>die,</span> <span class='ocrx_word' id='word_1_234' title='bbox 1289 2000 1412 2036; x_wconf 92' lang='lat' dir='ltr'>quum</span> <span class='ocrx_word' id='word_1_235' title='bbox 1445 1985 1559 2026; x_wconf 79' lang='lat' dir='ltr'>cir—5</span> 
     </span>
     <span class='ocr_line' id='line_1_28' title="bbox 97 2057 1516 2105; baseline 0 -11"><span class='ocrx_word' id='word_1_236' title='bbox 97 2057 290 2094; x_wconf 88' lang='lat' dir='ltr'>cumsessi</span> <span class='ocrx_word' id='word_1_237' title='bbox 322 2057 373 2093; x_wconf 92' lang='lat' dir='ltr'>ab</span> <span class='ocrx_word' id='word_1_238' title='bbox 406 2058 583 2094; x_wconf 88' lang='lat' dir='ltr'>exercitu</span> <span class='ocrx_word' id='word_1_239' title='bbox 613 2057 765 2093; x_wconf 90' lang='lat' dir='ltr'>victore</span> <span class='ocrx_word' id='word_1_240' title='bbox 798 2069 905 2105; x_wconf 91' lang='lat' dir='ltr'>aqua</span> <span class='ocrx_word' id='word_1_241' title='bbox 937 2069 1177 2101; x_wconf 90' lang='lat' dir='ltr'>arceremur,</span> <span class='ocrx_word' id='word_1_242' title='bbox 1218 2070 1294 2095; x_wconf 87' lang='lat' dir='ltr'>nec</span> <span class='ocrx_word' id='word_1_243' title='bbox 1327 2059 1407 2095; x_wconf 89' lang='lat' dir='ltr'>ulla</span> <span class='ocrx_word' id='word_1_244' title='bbox 1438 2059 1516 2095; x_wconf 88' lang='lat' dir='ltr'>iam</span> 
     </span>
     <span class='ocr_line' id='line_1_29' title="bbox 95 2125 1517 2176; baseline 0.001 -14"><span class='ocrx_word' id='word_1_245' title='bbox 95 2138 167 2176; x_wconf 89' lang='lat' dir='ltr'>per</span> <span class='ocrx_word' id='word_1_246' title='bbox 198 2125 405 2164; x_wconf 89' lang='lat' dir='ltr'>confertos</span> <span class='ocrx_word' id='word_1_247' title='bbox 437 2127 576 2164; x_wconf 90' lang='lat' dir='ltr'>hostes</span> <span class='ocrx_word' id='word_1_248' title='bbox 609 2128 847 2176; x_wconf 90' lang='lat' dir='ltr'>erumpendi</span> <span class='ocrx_word' id='word_1_249' title='bbox 882 2140 976 2176; x_wconf 90' lang='lat' dir='ltr'>spes</span> <span class='ocrx_word' id='word_1_250' title='bbox 1010 2132 1130 2171; x_wconf 84' lang='lat' dir='ltr'>esset,</span> <span class='ocrx_word' id='word_1_251' title='bbox 1169 2139 1246 2165; x_wconf 91' lang='lat' dir='ltr'>nec</span> <span class='ocrx_word' id='word_1_252' title='bbox 1279 2140 1369 2165; x_wconf 91' lang='lat' dir='ltr'>esse</span> <span class='ocrx_word' id='word_1_253' title='bbox 1401 2128 1517 2164; x_wconf 88' lang='lat' dir='ltr'>nefas</span> 
     </span>
     <span class='ocr_line' id='line_1_30' title="bbox 96 2193 1517 2245; baseline 0.001 -13"><span class='ocrx_word' id='word_1_254' title='bbox 96 2197 348 2241; x_wconf 90' lang='lat' dir='ltr'>duceremus,</span> <span class='ocrx_word' id='word_1_255' title='bbox 388 2196 682 2245; x_wconf 88' lang='lat' dir='ltr'>quinquaginta</span> <span class='ocrx_word' id='word_1_256' title='bbox 719 2198 892 2235; x_wconf 90' lang='lat' dir='ltr'>millibus</span> <span class='ocrx_word' id='word_1_257' title='bbox 933 2198 1143 2234; x_wconf 88' lang='lat' dir='ltr'>hominum</span> <span class='ocrx_word' id='word_1_258' title='bbox 1177 2193 1225 2233; x_wconf 85' lang='lat' dir='ltr'>ex</span> <span class='ocrx_word' id='word_1_259' title='bbox 1257 2198 1345 2234; x_wconf 89' lang='lat' dir='ltr'>acie</span> <span class='ocrx_word' id='word_1_260' title='bbox 1378 2203 1517 2234; x_wconf 91' lang='lat' dir='ltr'>nostra</span> 
     </span>
     <span class='ocr_line' id='line_1_31' title="bbox 96 2266 1517 2316; baseline 0 -13"><span class='ocrx_word' id='word_1_261' title='bbox 96 2266 316 2311; x_wconf 88' lang='lat' dir='ltr'>trucidatis,</span> <span class='ocrx_word' id='word_1_262' title='bbox 349 2266 525 2314; x_wconf 90' lang='lat' dir='ltr'>aliquem</span> <span class='ocrx_word' id='word_1_263' title='bbox 549 2278 598 2303; x_wconf 87' lang='lat' dir='ltr'>ex</span> <span class='ocrx_word' id='word_1_264' title='bbox 615 2266 823 2304; x_wconf 90' lang='lat' dir='ltr'>Cannensi</span> <span class='ocrx_word' id='word_1_265' title='bbox 847 2280 987 2316; x_wconf 88' lang='lat' dir='ltr'>pugna</span> <span class='ocrx_word' id='word_1_266' title='bbox 1012 2268 1244 2303; x_wconf 91' lang='lat' dir='ltr'>Romanum</span> <span class='ocrx_word' id='word_1_267' title='bbox 1266 2268 1432 2304; x_wconf 89' lang='lat' dir='ltr'>militem</span> <span class='ocrx_word' id='word_1_268' title='bbox 1457 2280 1517 2303; x_wconf 90' lang='lat' dir='ltr'>re-</span> 
     </span>
     <span class='ocr_line' id='line_1_32' title="bbox 96 2334 1556 2386; baseline 0 -13"><span class='ocrx_word' id='word_1_269' title='bbox 96 2341 214 2380; x_wconf 85' lang='lat' dir='ltr'>stare,</span> <span class='ocrx_word' id='word_1_270' title='bbox 242 2341 338 2373; x_wconf 91' lang='lat' dir='ltr'>tunc</span> <span class='ocrx_word' id='word_1_271' title='bbox 363 2337 527 2372; x_wconf 90' lang='lat' dir='ltr'>demum</span> <span class='ocrx_word' id='word_1_272' title='bbox 550 2337 659 2385; x_wconf 87' lang='lat' dir='ltr'>pacti</span> <span class='ocrx_word' id='word_1_273' title='bbox 684 2349 820 2374; x_wconf 91' lang='lat' dir='ltr'>sumus</span> <span class='ocrx_word' id='word_1_274' title='bbox 846 2338 1033 2386; x_wconf 89' lang='lat' dir='ltr'>pretium,</span> <span class='ocrx_word' id='word_1_275' title='bbox 1063 2349 1144 2385; x_wconf 92' lang='lat' dir='ltr'>quo</span> <span class='ocrx_word' id='word_1_276' title='bbox 1162 2337 1364 2385; x_wconf 90' lang='lat' dir='ltr'>redempti</span> <span class='ocrx_word' id='word_1_277' title='bbox 1384 2337 1516 2372; x_wconf 93' lang='lat' dir='ltr'>dimit—</span> <span class='ocrx_word' id='word_1_278' title='bbox 1531 2334 1556 2373; x_wconf 79' lang='grc'>6</span> 
     </span>
     <span class='ocr_line' id='line_1_33' title="bbox 96 2405 1517 2454; baseline -0.001 -12"><span class='ocrx_word' id='word_1_279' title='bbox 96 2411 280 2450; x_wconf 89' lang='lat' dir='ltr'>teremur,</span> <span class='ocrx_word' id='word_1_280' title='bbox 314 2418 438 2450; x_wconf 89' lang='lat' dir='ltr'>arma,</span> <span class='ocrx_word' id='word_1_281' title='bbox 468 2406 510 2442; x_wconf 91' lang='lat' dir='ltr'>in</span> <span class='ocrx_word' id='word_1_282' title='bbox 534 2406 679 2454; x_wconf 88' lang='lat' dir='ltr'>quibus</span> <span class='ocrx_word' id='word_1_283' title='bbox 702 2407 800 2443; x_wconf 89' lang='lat' dir='ltr'>nihil</span> <span class='ocrx_word' id='word_1_284' title='bbox 823 2407 905 2444; x_wconf 89' lang='lat' dir='ltr'>iam</span> <span class='ocrx_word' id='word_1_285' title='bbox 930 2407 1064 2443; x_wconf 87' lang='lat' dir='ltr'>auxilii</span> <span class='ocrx_word' id='word_1_286' title='bbox 1092 2412 1189 2451; x_wconf 91' lang='lat' dir='ltr'>erat,</span> <span class='ocrx_word' id='word_1_287' title='bbox 1219 2406 1325 2443; x_wconf 90' lang='lat' dir='ltr'>hosti</span> <span class='ocrx_word' id='word_1_288' title='bbox 1351 2405 1517 2442; x_wconf 87' lang='lat' dir='ltr'>tradidi-</span> 
     </span>
     <span class='ocr_line' id='line_1_34' title="bbox 95 2473 1553 2524; baseline 0.001 -13"><span class='ocrx_word' id='word_1_289' title='bbox 95 2487 196 2512; x_wconf 89' lang='lat' dir='ltr'>mus.</span> <span class='ocrx_word' id='word_1_290' title='bbox 258 2475 437 2512; x_wconf 89' lang='lat' dir='ltr'>Maiores</span> <span class='ocrx_word' id='word_1_291' title='bbox 469 2487 632 2523; x_wconf 88' lang='lat' dir='ltr'>quoque</span> <span class='ocrx_word' id='word_1_292' title='bbox 665 2487 953 2524; x_wconf 89' lang='lat' dir='ltr'>acceperamus</span> <span class='ocrx_word' id='word_1_293' title='bbox 988 2488 1031 2513; x_wconf 92' lang='lat' dir='ltr'>se</span> <span class='ocrx_word' id='word_1_294' title='bbox 1063 2489 1088 2512; x_wconf 92' lang='lat' dir='ltr'>a</span> <span class='ocrx_word' id='word_1_295' title='bbox 1113 2475 1240 2512; x_wconf 91' lang='lat' dir='ltr'>Gallis</span> <span class='ocrx_word' id='word_1_296' title='bbox 1272 2487 1370 2511; x_wconf 91' lang='lat' dir='ltr'>auro</span> <span class='ocrx_word' id='word_1_297' title='bbox 1399 2473 1553 2513; x_wconf 79' lang='lat' dir='ltr'>rede-7</span> 
     </span>
     <span class='ocr_line' id='line_1_35' title="bbox 95 2544 1514 2594; baseline 0 -14"><span class='ocrx_word' id='word_1_298' title='bbox 95 2544 229 2588; x_wconf 88' lang='lat' dir='ltr'>misse,</span> <span class='ocrx_word' id='word_1_299' title='bbox 254 2549 294 2580; x_wconf 89' lang='lat' dir='ltr'>et</span> <span class='ocrx_word' id='word_1_300' title='bbox 310 2549 445 2593; x_wconf 87' lang='lat' dir='ltr'>patres</span> <span class='ocrx_word' id='word_1_301' title='bbox 462 2550 630 2588; x_wconf 90' lang='lat' dir='ltr'>vestros,</span> <span class='ocrx_word' id='word_1_302' title='bbox 656 2545 899 2594; x_wconf 88' lang='lat' dir='ltr'>asperrimos</span> <span class='ocrx_word' id='word_1_303' title='bbox 918 2546 1009 2582; x_wconf 90' lang='lat' dir='ltr'>illos</span> <span class='ocrx_word' id='word_1_304' title='bbox 1028 2546 1083 2582; x_wconf 90' lang='lat' dir='ltr'>ad</span> <span class='ocrx_word' id='word_1_305' title='bbox 1101 2545 1369 2582; x_wconf 89' lang='lat' dir='ltr'>condiciones</span> <span class='ocrx_word' id='word_1_306' title='bbox 1388 2546 1514 2593; x_wconf 89' lang='lat' dir='ltr'>pacis,</span> 
     </span>
     <span class='ocr_line' id='line_1_36' title="bbox 96 2613 1515 2662; baseline 0 -13"><span class='ocrx_word' id='word_1_307' title='bbox 96 2613 252 2661; x_wconf 89' lang='lat' dir='ltr'>legatos</span> <span class='ocrx_word' id='word_1_308' title='bbox 291 2618 429 2650; x_wconf 90' lang='lat' dir='ltr'>tamen</span> <span class='ocrx_word' id='word_1_309' title='bbox 467 2614 718 2662; x_wconf 85' lang='lat' dir='ltr'>captivorum</span> <span class='ocrx_word' id='word_1_310' title='bbox 757 2615 1093 2651; x_wconf 89' lang='lat' dir='ltr'>redimendorum</span> <span class='ocrx_word' id='word_1_311' title='bbox 1131 2614 1261 2662; x_wconf 88' lang='lat' dir='ltr'>gratia</span> <span class='ocrx_word' id='word_1_312' title='bbox 1293 2613 1515 2650; x_wconf 89' lang='lat' dir='ltr'>Tarentum</span> 
     </span>
    </p>
   </div>
  </div>
 </body>
</html>
