1768 2943
268 94 325 136 50
694 92 798 123 Liber
823 92 914 123 XXI.
964 91 1020 134 (A.
1048 103 1078 123 u.
1106 102 1134 123 e.
1162 92 1258 134 536.)

267 224 428 261 vixdum
461 223 556 260 satis
588 228 800 272 percurato
823 224 998 267 vulnere,
1032 225 1085 260 ad
1108 224 1354 261 Victumvias
1378 225 1681 273 oppugnandas

201 293 322 334 lOire
354 293 495 343 pergit.
547 292 595 329 Id
627 293 850 342 emporium
868 294 1063 330 Romanis
1086 293 1243 331 Gallico
1275 295 1381 330 bello
1415 294 1562 337 fuerat;
1596 306 1681 330 mu-

267 364 394 401 nitum
425 363 522 400 inde
553 363 686 400 locum
718 363 1071 411 frequentaverant
1102 365 1252 401 accolae
1284 364 1393 400 mixti
1426 364 1605 412 undique
1634 377 1682 400 ex

266 432 441 469 finitimis
467 433 640 481 populis,
675 438 714 469 et
736 438 818 468 tum
841 438 968 470 terror
988 435 1297 482 populationum
1320 446 1371 471 eo
1393 435 1610 482 plerosque
1632 447 1681 470 ex

199 505 249 545 11
267 503 373 552 agris
405 503 665 552 compulerat.
729 501 857 539 Huius
895 504 1055 552 generis
1094 505 1322 548 multitudo,
1367 504 1476 540 fama
1513 504 1681 553 impigre

267 574 426 610 defensi
451 574 504 609 ad
521 572 768 610 Placentiam
792 573 967 621 praesidii
985 586 1170 619 accensa,
1191 574 1310 611 armis
1328 574 1495 622 arreptis
1520 573 1681 610 obviam

198 645 252 685 12
266 643 485 680 Hannibali
517 643 716 692 procedit.
769 643 901 692 Magis
934 644 1096 692 agmina
1124 657 1245 693 quam
1278 645 1385 682 acies
1417 645 1458 680 in
1490 644 1553 680 via
1585 656 1682 681 con-

267 718 484 757 currerunt,
518 718 558 750 et
589 726 711 761 quum
744 726 793 750 ex
824 714 949 750 altera
980 719 1094 762 parte
1126 714 1222 750 nihil
1254 720 1398 763 praeter
1429 714 1682 751 inconditam

266 785 424 820 turbam
456 788 575 828 esset,
608 783 649 820 in
682 784 806 820 altera
831 789 870 820 et
899 785 979 820 dux
1003 784 1115 820 militi
1139 789 1180 820 et
1202 784 1295 821 duci
1320 784 1434 821 miles
1458 785 1601 829 fidens,
1628 785 1683 821 ad

198 855 251 897 13
266 853 427 902 triginta
459 853 636 902 quinque
667 854 789 890 millia
820 854 1029 890 hominum
1054 866 1077 889 a
1101 854 1240 902 paucis
1273 854 1374 891 fusa.
1421 856 1592 891 Postero
1615 855 1682 891 die

267 924 478 961 deditione
511 924 618 962 facta
648 924 880 973 praesidium
918 924 1022 960 intra
1060 924 1211 960 moenia
1251 936 1466 973 accepere;
1505 924 1682 973 iussique

265 1007 377 1031 arma
408 995 568 1031 tradere
600 1006 722 1042 quum
747 994 858 1030 dicto
883 994 1122 1042 paruissent,
1149 994 1308 1043 signum
1332 1000 1499 1044 repente
1525 995 1683 1032 victori-

198 1067 252 1108 14
265 1066 340 1102 bus
372 1066 503 1110 datur,
538 1070 580 1101 ut
610 1070 802 1112 tanquam
835 1065 871 1100 vi
904 1070 1064 1113 captam
1097 1066 1235 1100 urbem
1275 1065 1507 1114 diriperent,
1548 1078 1683 1114 neque

266 1135 357 1179 ulla,
383 1147 472 1183 quae
494 1135 537 1172 in
560 1135 629 1171 tali
652 1147 694 1171 re
718 1134 990 1171 memorabilis
1016 1135 1282 1172 scribentibus
1299 1135 1424 1172 videri
1443 1136 1559 1180 solet,
1583 1148 1683 1184 prae-

266 1276 453 1313 humanae
491 1276 688 1325 superbiae
726 1275 879 1312 editum
921 1275 962 1312 in
1003 1275 1172 1312 miseros
1211 1276 1437 1324 exemplum
1471 1280 1545 1313 est.
1608 1276 1683 1313 Hae

268 1346 378 1383 fuere
409 1345 586 1383 hibernae
619 1345 902 1395 expeditiones
934 1344 1188 1382 Hannibalis.

147 1416 209 1460 58
387 1415 512 1452 Haud
528 1415 639 1465 longi
656 1416 754 1452 inde
771 1416 977 1464 temporis,
992 1417 1088 1452 dum
1104 1416 1371 1453 intolerabilia
1389 1416 1538 1465 frigora
1555 1421 1682 1462 erant,

227 1487 381 1534 2quies
411 1486 524 1523 militi
556 1487 653 1522 data
685 1491 758 1530 est,
793 1491 833 1522 et
863 1487 918 1522 ad
950 1486 1078 1535 prima
1102 1499 1149 1524 ac
1177 1486 1301 1522 dubia
1325 1487 1441 1535 signa
1466 1487 1567 1523 veris
1590 1499 1683 1535 pro-

268 1557 396 1594 fectus
428 1569 477 1593 ex
508 1556 683 1593 hibernis
714 1557 757 1593 in
789 1556 988 1593 Etruriam
1021 1557 1143 1601 ducit,
1185 1569 1275 1593 eam
1308 1569 1471 1605 quoque
1502 1562 1682 1605 gentem,

268 1627 369 1664 sicut
401 1626 542 1663 Gallos
574 1627 836 1676 Liguresque,
878 1632 947 1663 aut
987 1627 1023 1662 vi
1063 1631 1131 1662 aut
1167 1627 1374 1663 voluntate
1407 1627 1682 1664 adiuncturus.

226 1699 252 1740 3
267 1697 565 1734 Transeuntem
581 1697 869 1746 Appenninum
888 1698 996 1733 adeo
1015 1701 1129 1733 atrox
1146 1697 1292 1733 adorta
1309 1702 1530 1746 tempestas
1549 1702 1622 1743 est,
1642 1702 1685 1733 ut

266 1767 427 1816 Alpium
465 1779 594 1816 prope
634 1767 859 1804 foeditatem
891 1767 1149 1816 superaverit.
1212 1767 1349 1803 Vento
1382 1767 1526 1803 mixtus
1557 1767 1685 1803 imber

267 1850 389 1886 quum
423 1837 589 1873 ferretur
620 1837 661 1874 in
692 1837 781 1886 ipsa
814 1849 898 1881 ora,
931 1837 1074 1885 primo,
1109 1837 1203 1884 quia
1230 1842 1299 1873 aut
1321 1849 1432 1873 arma
1457 1837 1684 1873 omittenda

268 1912 383 1959 erant
407 1913 476 1944 aut
497 1912 639 1944 contra
662 1907 861 1944 enitentes
884 1907 1031 1943 vertice
1054 1906 1190 1943 intorti
1215 1906 1510 1955 affligebantur,
1535 1907 1684 1943 consti-

226 1976 371 2021 4tere3
405 1977 514 2021 dein,
540 1989 663 2025 quum
685 1977 765 2014 iam
791 1977 970 2025 spiritum
994 1977 1219 2013 includeret
1235 1988 1312 2013 nec
1329 1976 1581 2025 reciprocare
1599 1976 1684 2013 ani-

227 2046 376 2087 5mam
400 2047 560 2092 sineret,
586 2047 712 2083 aversi
736 2060 760 2083 a
783 2052 905 2084 vento
931 2059 1146 2096 parumper
1169 2047 1408 2083 consedere.
1457 2046 1563 2083 Tum
1587 2058 1682 2083 vero

267 2117 422 2166 ingenti
455 2129 559 2154 sono
592 2118 731 2154 caelum
764 2122 941 2166 strepere
965 2122 1004 2153 et
1027 2117 1130 2153 inter
1153 2116 1381 2153 horrendos
1406 2116 1588 2165 fragores
1612 2115 1684 2152 mi-

229 2186 253 2227 6
270 2199 361 2224 care
392 2187 527 2235 ignes;
561 2188 667 2236 capti
692 2187 852 2224 auribus
875 2192 915 2224 et
939 2186 1064 2224 oculis
1088 2190 1197 2222 metu
1222 2197 1365 2223 omnes
1389 2190 1568 2234 torpere;
1596 2191 1684 2222 tan-

270 2258 366 2293 dem
397 2255 528 2294 effuso
559 2257 699 2300 imbre,
733 2269 854 2305 quum
887 2269 937 2293 eo
969 2256 1098 2305 magis
1131 2268 1305 2293 accensa
1335 2256 1393 2292 vis
1422 2255 1528 2292 venti
1562 2260 1682 2300 esset,

269 2327 359 2375 ipso
383 2326 464 2370 illo,
498 2339 579 2374 quo
603 2327 792 2375 deprensi
816 2331 943 2371 erant,
967 2327 1060 2365 loco
1085 2332 1216 2363 castra
1240 2338 1394 2375 ponere
1411 2325 1684 2362 necessarium

231 2395 398 2435 7visum
429 2401 502 2433 est.
563 2396 610 2432 Id
649 2408 744 2432 vero
783 2397 932 2433 laboris
970 2397 1076 2433 velut
1115 2397 1167 2433 de
1204 2397 1363 2444 integro
1402 2395 1557 2432 initium
1589 2395 1682 2439 fuit;

271 2479 366 2503 nam
389 2478 465 2504 nec
490 2466 688 2515 explicare
711 2466 925 2514 quicquam
950 2478 1025 2503 nec
1051 2471 1225 2503 statuere
1243 2470 1432 2514 poterant
1454 2477 1544 2509 nec,
1571 2465 1684 2512 quod

273 2540 463 2572 statutum
480 2540 599 2580 esset,
617 2537 821 2579 manebat,
837 2535 975 2572 omnia
991 2535 1276 2583 perscindente
1290 2540 1412 2572 vento
1430 2540 1470 2570 et
1485 2534 1682 2582 rapiente.

233 2604 257 2645 8
273 2605 324 2641 Et
354 2617 448 2642 mox
479 2617 585 2653 aqua
616 2605 746 2641 levata
778 2610 898 2642 vento
923 2617 1044 2653 quum
1068 2616 1187 2654 super
1211 2604 1347 2653 gelida
1370 2604 1565 2641 montium
1589 2603 1684 2652 iuga
