1789 2955
243 101 326 142 150
654 101 758 132 Liber
784 101 911 132 XXIII.
957 100 1011 143 (A.
1032 113 1062 133 u.
1083 113 1111 134 c.
1131 102 1225 145 539.)

37 227 216 287 ’Χυριξζζῗζ-
234 232 377 268 consul
403 231 537 268 idibus
563 231 717 269 Martiis
745 234 1021 281 magistratum
1048 234 1132 270 init.
1188 235 1384 272 Praetores
1415 235 1466 280 Q.
1495 235 1653 273 Fulvius

239 301 419 346 Flaccus,
448 301 515 349 qui
541 308 662 338 antea
689 302 746 338 bis
770 304 911 340 consul
937 316 1162 352 censorque
1187 304 1328 349 fuerat,
1358 306 1566 351 urbanam,
1595 306 1652 342 M.

238 371 423 408 Valerius
449 371 635 408 Laevinus
662 373 917 421 peregrinam
945 380 1094 411 sortem
1121 374 1163 410 in
1189 375 1467 411 iurisdictione
1494 376 1651 419 habuit;

239 443 342 490 App.
370 441 564 478 Claudius
586 442 755 480 Pulcher
773 443 959 488 Siciliam,
986 444 1036 490 Q.
1055 443 1212 480 Mucius
1230 444 1411 480 Scaevola
1427 445 1653 482 Sardiniam

171 511 223 552 19
239 512 366 548 sortiti
398 517 503 548 sunt.
567 511 622 548 M.
648 512 841 550 Marcello
874 526 947 562 pro
981 514 1147 551 consule
1170 514 1380 562 imperium
1406 527 1495 551 esse
1524 528 1654 564 popu-

238 583 297 619 lus
329 583 454 626 iussit,
489 583 602 630 quod
633 588 728 631 post
760 582 1021 619 Cannensem
1054 584 1212 619 cladem
1245 597 1347 620 unus
1375 585 1652 622 Romanorum

133 650 178 693 31
240 653 528 701 imperatorum
559 653 600 688 in
622 652 735 688 Italia
759 665 953 701 prospere
976 665 1058 688 rem
1083 654 1289 701 gessisset.
1353 655 1538 700 Senatus,
1572 668 1652 704 quo

240 724 305 760 die
333 723 503 772 primum
531 728 592 759 est
616 723 657 759 in
688 721 890 772 Capitolio
919 723 1139 768 consultus,
1174 725 1363 768 decrevit,
1397 732 1440 762 ut
1463 739 1514 762 eo
1542 739 1652 763 anno

199 796 224 835 2
239 795 387 843 duplex
409 795 598 831 tributum
621 794 894 843 imperaretur,
917 794 1085 842 simplex
1110 795 1325 831 confestim
1343 796 1579 845 exigeretur,
1605 810 1653 833 ex

239 877 318 913 quo
333 865 578 914 stipendium
591 877 769 914 praesens
783 865 970 901 omnibus
985 864 1172 901 militibus
1188 866 1362 910 daretur,
1386 873 1651 915 praeterquam

197 938 222 976 3
237 936 304 983 qui
337 936 480 972 milites
514 936 568 971 ad
594 934 757 972 Cannas
786 935 967 972 fuissent.
1031 935 1093 971 De
1119 936 1357 973 exercitibus
1382 937 1438 973 ita
1463 939 1653 974 decreve-

236 1011 340 1049 runt,
381 1011 423 1041 ut
462 1006 620 1043 duabus
663 1006 890 1055 legionibus
922 1006 1085 1043 urbanis
1118 1006 1181 1043 Ti.
1215 1007 1478 1056 Sempronius
1511 1009 1652 1045 consul

238 1075 356 1112 Cales
389 1077 443 1112 ad
476 1076 803 1113 conveniendum
836 1077 944 1113 diem
969 1077 1167 1121 ediceret;
1200 1078 1298 1113 inde
1323 1090 1381 1114 eae
1406 1079 1588 1127 legiones
1611 1079 1651 1115 in

196 1143 369 1183 4castra
402 1146 631 1184 Claudiana
663 1159 783 1196 supra
816 1147 1046 1184 Suessulam
1081 1148 1391 1185 deducerentur.
1465 1148 1566 1195 Quae
1597 1150 1652 1185 ibi

237 1217 419 1266 legiones
460 1224 597 1254 essent
629 1216 759 1268 (erant
791 1225 925 1255 autem
960 1218 1188 1255 Cannensis
1220 1219 1392 1255 maxime
1426 1218 1650 1269 exercitus),

237 1300 305 1324 eas
330 1290 434 1336 App.
462 1287 655 1325 Claudius
679 1289 848 1326 Pulcher
872 1296 1018 1338 praetor
1040 1289 1081 1325 in
1100 1289 1274 1326 Siciliam
1299 1290 1511 1335 traiiceret,
1545 1303 1652 1339 quae-

195 1356 314 1406 5que
340 1359 382 1395 in
406 1359 539 1395 Sicilia
563 1366 712 1404 essent,
745 1361 919 1397 Romam
945 1361 1268 1408 deportarentur.
1331 1362 1396 1397 Ad
1421 1362 1650 1406 exercitum,

237 1430 298 1466 cui
341 1430 395 1465 ad
428 1430 755 1466 conveniendum
789 1430 907 1467 Cales
940 1431 1074 1468 edicta
1107 1430 1195 1467 dies
1228 1437 1325 1475 erat,
1366 1431 1422 1468 M.
1458 1431 1650 1468 Claudius

236 1500 450 1537 Marcellus
479 1501 637 1545 missus,
670 1501 784 1549 isque
810 1501 940 1538 iussus
968 1502 1008 1538 in
1038 1507 1169 1538 castra
1194 1500 1421 1537 Claudiana
1446 1502 1650 1538 deducere

195 1568 220 1608 6
236 1572 410 1607 urbanas
436 1571 633 1620 legiones.
682 1572 748 1607 Ad
772 1578 947 1608 veterem
971 1572 1188 1608 exercitum
1212 1572 1497 1620 accipiendum
1521 1573 1651 1608 dedu-

236 1643 492 1690 cendumque
524 1641 622 1677 inde
654 1642 694 1677 in
729 1642 903 1678 Siciliam
937 1643 999 1679 Ti.
1033 1642 1227 1678 Maecilius
1253 1642 1378 1679 Croto
1411 1643 1567 1691 legatus
1599 1643 1650 1678 ab

197 1710 217 1749 ’ἶ
236 1714 340 1761 App.
366 1712 540 1749 Claudio
565 1718 626 1748 est
650 1713 807 1749 missus.
856 1713 989 1750 Taciti
1011 1713 1140 1761 primo
1166 1718 1501 1761 exspectaverant
1523 1713 1651 1749 homi-

234 1795 320 1828 nes,
345 1784 401 1819 uti
427 1784 569 1820 consul
593 1783 756 1820 comitia
779 1784 946 1832 collegae
971 1785 1152 1821 creando
1177 1785 1363 1828 haberet;
1393 1784 1559 1828 deinde,
1584 1784 1651 1819 ubi

235 1854 466 1902 ablegatum
497 1854 604 1889 velut
636 1855 689 1889 de
721 1854 918 1891 industria
950 1853 1006 1890 M.
1032 1853 1266 1891 Marcellum
1299 1854 1496 1898 viderunt,
1531 1866 1651 1902 quem

235 1925 406 1960 maxime
440 1925 647 1961 consulem
680 1925 720 1960 in
753 1937 845 1960 eum
877 1937 1027 1960 annum
1061 1925 1115 1960 ob
1143 1925 1305 1972 egregie
1329 1924 1370 1960 in
1393 1930 1563 1972 praetura
1587 1936 1650 1960 res

194 1993 369 2043 Sgestas
402 1995 527 2032 creari
559 1995 764 2039 volebant,
799 1994 976 2031 fremitus
1008 1995 1050 2030 in
1083 1995 1191 2030 curia
1225 2000 1347 2031 ortus.
1427 1993 1551 2039 Quod
1584 1993 1651 2029 ubi

234 2066 359 2101 sensit
391 2066 546 2109 consul,
586 2065 860 2113 ‹Utrumque›
895 2064 1023 2112 inquit
1060 2077 1106 2100 «e
1138 2077 1180 2100 re
1208 2065 1369 2113 publica
1398 2063 1482 2107 fuit,
1516 2070 1650 2112 patres

234 2136 465 2184 conscripti,
495 2142 535 2171 et
551 2135 607 2171 M.
628 2135 842 2172 Claudium
868 2135 921 2170 ad
946 2135 1240 2182 permutandos
1258 2134 1455 2171 exercitus
1472 2134 1514 2170 in
1532 2133 1652 2170 Cam—

234 2206 396 2254 paniam
430 2205 643 2254 proficisci,
677 2212 717 2242 et
749 2205 913 2242 comitia
945 2217 1029 2241 non
1062 2206 1170 2253 prius
1198 2205 1316 2249 edici,
1351 2217 1473 2253 quam
1496 2205 1529 2241 is
1554 2204 1650 2240 inde

234 2276 439 2320 confecto,
466 2277 579 2324 quod
596 2277 833 2312 mandatum
853 2282 926 2319 est,
952 2276 1120 2323 negotio
1139 2276 1378 2318 revertisset,
1405 2281 1446 2311 ut
1463 2287 1534 2311 vos
1553 2287 1650 2311 con-

234 2347 373 2391 sulem,
414 2359 535 2395 quem
568 2352 725 2395 tempus
758 2347 814 2383 rei
846 2346 1016 2394 publicae
1049 2346 1284 2394 postularet,
1325 2358 1445 2393 quem
1477 2345 1650 2381 maxime

193 2416 218 2455 9
234 2417 362 2461 vultis,
388 2417 630 2453 haberetis.»
682 2416 742 2453 Ita
767 2417 819 2452 de
844 2417 1028 2460 comitiis,
1055 2417 1190 2452 donec
1208 2416 1326 2452 rediit
1343 2414 1569 2457 Marcellus,
1600 2415 1650 2450 si-

235 2488 399 2523 lentium
433 2487 518 2524 fuit.
580 2487 739 2523 Interea
772 2487 968 2522 duumviri
996 2486 1119 2522 creati
1147 2492 1240 2522 sunt
1267 2486 1317 2531 Q.
1347 2485 1495 2521 Fabius
1523 2484 1650 2520 Maxi-

234 2570 322 2594 mus
347 2564 387 2593 et
410 2558 458 2594 T.
486 2556 680 2595 Otacilius
707 2556 875 2594 Crassus
901 2557 1054 2593 aedibus
1080 2556 1336 2599 dedicandis,
1367 2555 1496 2591 Menti
1514 2553 1651 2592 Otaci-

235 2628 322 2672 lius,
349 2628 496 2665 Fabius
522 2628 672 2664 Veneri
697 2627 900 2676 Erycinae;
934 2632 1102 2674 utraque
1126 2627 1167 2662 in
1191 2625 1394 2674 Capitolio
1421 2631 1493 2669 est,
1520 2625 1650 2661 canali
