1768 2943
546 87 651 118 Liber
677 87 786 118 xxn.
837 86 894 129 (A.
923 87 983 119 ch.
1011 87 1106 130 216.)
1446 88 1527 130 103

112 224 341 267 protegere.
404 217 465 254 Ne
498 217 698 254 funestam
731 217 834 254 hanc
867 230 1045 266 pugnam
1070 224 1198 255 morte
1223 219 1398 255 consulis
1423 218 1529 254 fece-

111 289 184 332 ris;
218 289 338 325 etiam
371 288 456 325 sine
490 288 567 324 hoc
596 288 846 324 lacrimarum
873 288 968 324 satis
994 289 1201 336 luctusque
1226 294 1326 325 est.»
1391 289 1457 325 Ad
1481 286 1570 328 ea9

113 359 274 396 consul:
320 358 409 395 «Tu
443 358 619 406 quidem,
654 357 728 394 Cn.
763 357 939 402 Corneli,
974 363 1105 395 macte
1138 359 1279 394 virtute
1312 364 1420 403 esto;
1456 360 1530 395 sed

108 440 221 473 cave,
256 429 399 466 frustra
430 429 664 466 miserando
697 428 885 477 exiguum
917 433 1076 477 tempus
1100 441 1122 464 e
1145 428 1331 465 manibus
1354 429 1529 465 hostium

111 499 313 536 evadendi
341 500 544 536 absumas.
599 498 689 543 Abi,
716 498 856 535 nuntia
880 499 1040 547 publice
1064 499 1256 547 patribus,
1283 499 1421 534 urbem
1447 499 1530 535 Ro·
1548 497 1601 537 lO

112 581 275 605 manam
297 570 482 606 muniant
505 581 565 614 ac,
592 569 823 618 priusquam
842 569 967 605 victor
984 570 1111 606 hostis
1130 568 1306 613 advenit,
1332 569 1528 617 praesidiis

113 638 289 683 firment;
323 639 506 688 privatim
540 640 591 686 Q.
625 640 766 683 Fabio,
800 640 849 676 L.
880 640 1085 676 AEmilium
1117 644 1412 688 praeceptorum
1445 639 1530 675 eius

109 721 330 746 memorem
363 715 404 746 et
434 710 577 747 vixisse
610 711 743 747 adhuc
776 716 816 746 et
838 710 953 747 mori.
1017 710 1085 746 Me
1109 710 1149 746 in
1173 710 1248 746 hae
1272 715 1406 758 strage
1431 709 1531 745 mili·
1548 707 1597 747 11

109 785 192 816 tum
216 791 397 816 meorum
423 786 562 829 patere
587 781 802 830 exspirare,
829 793 880 818 ne
904 785 973 817 aut
996 792 1087 817 reus
1111 780 1253 816 iterum
1279 792 1300 816 e
1319 780 1530 817 consulatu

110 850 183 887 sim
217 855 286 887 aut
316 856 529 887 accusator
562 852 727 900 collegae
761 851 963 895 exsistam,
998 856 1040 886 ut
1064 851 1199 887 alieno
1225 850 1389 887 crimine
1413 850 1531 886 inno-

110 906 283 958 centiam
323 933 455 957 meam
494 927 744 970 protegam.»
828 922 926 958 Haec
966 933 1038 958 eos
1071 926 1242 969 agentes
1274 921 1381 968 prius
1415 920 1531 956 turba
1549 918 1601 959 12

109 990 344 1039 fugientium
371 991 528 1035 civium,
555 992 707 1028 deinde
732 992 870 1029 hostes
895 1002 1155 1041 oppressere3
1181 990 1390 1028 consulem
1414 990 1531 1038 igno-

108 1066 257 1105 rantes,
298 1061 386 1109 quis
425 1067 545 1107 esset,
587 1063 758 1098 obruere
796 1063 897 1107 telis,
939 1061 1153 1098 Lentulum
1185 1061 1287 1097 inter
1320 1060 1529 1096 tumultum

108 1131 282 1179 abripuit
307 1143 446 1180 equus.
510 1131 615 1168 Tum
640 1133 820 1181 undique
845 1133 971 1169 effuse
996 1132 1166 1180 fugiunt.
1221 1131 1385 1179 Septem
1410 1130 1531 1166 millia
1549 1129 1601 1169 13

108 1201 317 1238 hominum
348 1202 389 1238 in
422 1201 578 1238 minora
611 1208 755 1247 castra,
790 1204 935 1240 decem
964 1203 1005 1239 in
1029 1202 1197 1246 maiora,
1232 1202 1315 1237 duo
1341 1200 1465 1237 ferme
1490 1200 1530 1236 in

109 1272 238 1308 vicum
261 1272 392 1320 ipsum
418 1272 583 1309 Cannas
606 1273 881 1321 perfugerunt‚
912 1274 978 1321 qui
1005 1272 1208 1320 extemplo
1234 1284 1257 1307 a
1282 1270 1529 1307 Carthalone

107 1348 228 1390 atque
253 1343 467 1390 equitibus,
501 1343 610 1379 nullo
635 1343 886 1380 munimento
913 1348 1078 1391 tegente
1099 1342 1243 1386 vicum,
1273 1341 1530 1378 circumventi

106 1419 211 1450 sunt.
276 1412 429 1449 Consul
461 1413 572 1458 alter,
613 1425 684 1450 seu
718 1413 820 1450 forte
854 1426 925 1450 seu
960 1413 1133 1450 consilio
1166 1412 1261 1449 nulli
1294 1411 1531 1460 fugientium
1549 1409 1602 1450 14

105 1483 280 1520 insertus
298 1483 460 1531 agmini,
481 1495 571 1520 eum
584 1484 876 1532 quinquaginta
895 1484 978 1520 fere
994 1484 1193 1532 equitibus
1207 1482 1429 1518 Venusiam
1441 1494 1531 1530 per-

109 1552 222 1601 fugit.
257 1553 539 1602 Quadraginta
557 1553 734 1602 quinque
751 1554 874 1591 millia
893 1554 1103 1603 quingenti
1118 1554 1291 1602 pedites,
1311 1553 1394 1589 duo
1410 1552 1532 1588 millia
1548 1550 1601 1591 15

108 1623 353 1671 Septingenti
366 1624 534 1671 equites,
549 1629 590 1660 et
601 1625 812 1660 tantadem
825 1636 954 1673 prope
969 1624 1110 1661 civium
1125 1624 1409 1671 sociorumque
1423 1634 1528 1671 pars,

107 1693 200 1730 caesi
226 1693 432 1738 dicuntur;
460 1694 501 1731 in
526 1694 585 1731 his
610 1695 732 1731 ambo
761 1696 971 1731 consulum
998 1699 1232 1743 quaestores,
1260 1693 1307 1730 L.
1326 1693 1467 1730 Atilius
1491 1698 1531 1729 et

106 1764 153 1801 L.
184 1765 324 1801 Furius
352 1763 580 1809 Bibaculus,
615 1770 655 1801 et
686 1765 960 1814 undetriginta
992 1765 1142 1801 tribuni
1170 1764 1350 1807 militum,
1385 1775 1531 1800 consu·
1548 1762 1600 1802 16

106 1835 211 1871 lares
244 1834 410 1883 quidam
441 1834 697 1883 praetoriique
730 1840 770 1871 et
797 1835 954 1872 aedilieii
981 1834 1098 1886 (inter
1123 1846 1195 1871 eos
1222 1834 1297 1870 Cn.
1324 1834 1529 1870 Servilium

108 1905 324 1942 Geminum
358 1910 399 1941 et
430 1904 486 1941 M.
514 1905 735 1942 Minucium
769 1912 994 1950 numerant,
1029 1906 1096 1954 qui
1128 1905 1319 1954 magister
1351 1905 1528 1952 equitum

107 1976 241 2025 priore
266 1987 390 2020 anno,
420 1975 574 2023 aliquot
596 1976 712 2013 annis
737 1982 832 2013 ante
856 1978 993 2013 consul
1016 1974 1172 2027 fuerat),
1203 1975 1413 2024 octoginta
1430 1987 1530 2023 prae-
1548 1972 1597 2013 17

108 2051 220 2083 terea
251 2051 320 2083 aut
351 2050 561 2083 senatores
586 2051 655 2082 aut
679 2047 746 2094 qui
772 2058 844 2083 eos
869 2047 1126 2096 magistratus
1150 2047 1385 2095 gessissent,
1419 2046 1529 2082 unde

107 2117 147 2153 in
175 2122 360 2153 senatum
385 2116 463 2164 legi
488 2116 698 2160 deberent,
724 2129 846 2165 quum
871 2129 943 2154 sua
959 2119 1167 2154 voluntate
1185 2117 1329 2153 milites
1346 2116 1386 2152 in
1405 2115 1530 2164 legio-

109 2188 226 2224 nibus
259 2186 354 2223 facti
386 2191 534 2223 essent.
599 2186 730 2235 Capta
763 2199 813 2224 eo
846 2188 988 2236 proelio
1022 2188 1096 2224 tria
1129 2187 1251 2223 millia
1283 2186 1464 2236 peditum
1491 2191 1531 2222 et
1548 2184 1599 2225 18

112 2257 267 2306 equites
299 2256 406 2293 mille
439 2261 479 2292 et
510 2256 719 2305 quingenti
751 2257 951 2295 dicuntur.

228 2326 326 2364 Haec
359 2332 420 2364 est
451 2339 588 2376 pugna
615 2327 847 2372 Cannensis,
882 2328 1033 2365 Aliensi
1068 2328 1172 2365 cladi
1206 2327 1415 2364 nobilitate
1443 2337 1528 2374 par,
1593 2321 1654 2366 50

111 2402 288 2435 ceterum
320 2402 362 2434 ut
393 2397 480 2442 illis,
514 2409 602 2445 quae
635 2403 729 2446 post
752 2411 931 2447 pugnam
955 2398 1156 2443 accidere,
1189 2397 1326 2440 levior,
1360 2396 1453 2444 quia
1478 2394 1571 2435 ab?

111 2468 228 2504 hoste
261 2474 322 2504 est
353 2473 567 2512 cessatum,
613 2468 668 2505 sie
701 2474 833 2517 strage
866 2468 1063 2505 exercitus
1094 2468 1253 2517 gravior
1286 2466 1527 2514 foediorque.

111 2537 224 2586 Fuga
269 2550 443 2586 namque
486 2539 539 2574 ad
585 2539 713 2575 Aliam
759 2539 860 2576 sicut
902 2540 1040 2575 urbem
1083 2537 1277 2586 prodidit,
1325 2537 1379 2573 ita
1419 2534 1569 2575 exer-3
