1789 2955
0 0 33 78 '‘71!

523 69 639 104 Liber
662 69 807 104 XXVI.
857 70 918 113 (A.
947 69 1010 105 Ch.
1037 71 1132 113 211.)
1490 71 1540 109 15

108 197 297 244 moribus,
333 198 401 246 qui
433 198 510 234 iam
539 197 607 234 diu
632 197 805 246 publicis
833 197 1013 234 consiliis
1042 198 1216 243 aberant,
1242 197 1448 247 propalam
1470 196 1541 232 mi-

107 269 318 316 nabantur,
349 269 428 306 nisi
453 270 637 306 venirent
659 269 699 306 in
726 273 916 313 senatum,
948 269 1055 306 circa
1080 270 1217 306 domos
1251 282 1388 306 eorum
1416 268 1542 304 ituros

109 355 149 380 se
181 345 220 378 et
256 342 297 378 in
327 341 534 390 publicum
566 353 701 377 omnes
733 340 772 376 vi
804 344 1052 377 extracturos
1085 354 1180 378 esse.
1242 341 1284 377 Is
1315 341 1435 377 timor
1466 340 1542 376 fre-

109 416 295 462 quentem
326 416 505 450 senatum
537 411 794 460 magistratui
839 412 1022 461 praebuit.
1084 413 1150 449 Ibi
1192 426 1314 461 quum
1347 412 1468 448 ceteri
1499 411 1547 448 de
1566 412 1587 446 2

109 484 254 532 legatis
292 483 495 521 mittendis
541 484 591 520 ad
633 484 893 532 imperatores
932 483 1132 521 Romanos
1175 487 1358 533 agerent,
1398 483 1544 519 Vibius

111 555 283 602 Virrius,
309 555 378 604 qui
396 555 628 592 defectionis
654 560 790 592 auctor
818 555 866 592 ab
893 555 1085 592 Romanis
1112 557 1252 601 suerat,
1276 556 1544 601 interrogatus

110 627 346 664 sententiam
377 630 498 676 negat
529 640 608 673 eos,
640 628 710 676 qui
743 627 791 664 de
823 627 964 675 legatis
996 631 1036 664 et
1068 628 1115 663 (le
1148 641 1245 676 pace
1277 639 1321 662 ac
1346 625 1550 662 deditione
1570 624 1592 659 3

110 698 338 748 loquantur,
362 699 601 748 meminisse,
629 712 701 735 nec
733 698 830 748 quid
863 698 1010 736 facturi
1035 699 1192 745 tuerint,
1217 698 1250 735 si
1277 699 1479 735 Romanos
1504 696 1545 733 in

109 773 307 819 potestate
338 770 580 816 habuissent,
626 784 697 807 nec
728 770 824 819 quid
860 771 953 820 ipsis
991 770 1223 819 patiendum
1257 770 1325 807 sit.
1384 767 1548 815 „QuidP
1568 767 1592 802 4

112 845 206 878 νόεΗ
243 842 375 890 inquit
409 855 519 891 „eam
545 842 784 879 deditionem
819 843 901 879 fore
933 843 1115 887 censetis,
1148 855 1225 890 qua
1258 840 1470 889 quondam,
1502 842 1546 876 ut

110 913 300 951 adversus
319 912 518 951 Samnites
536 914 730 951 auxilium
747 914 1059 962 impetraremus,
1089 927 1158 950 nos
1176 916 1391 961 nostraque
1415 911 1547 949 omnia

108 984 305 1022 Romanis
323 985 582 1022 dedidimus?
629 985 715 1023 Iam
742 999 760 1021 e
788 986 979 1022 memoria
1003 985 1181 1031 excessit,
1211 998 1289 1034 quo
1316 988 1496 1032 tempore
1514 985 1552 1019 et
1571 981 1594 1017 5

109 1056 150 1093 in
184 1069 262 1105 qua
285 1057 446 1094 fortuna
473 1070 495 1093 a
518 1057 665 1106 populo
691 1056 871 1094 Romano
904 1056 1196 1093 defecerimus?
1238 1057 1326 1101 iam,
1359 1054 1544 1104 quemad-

110 1127 269 1166 modum
301 1128 344 1165 in
383 1129 605 1166 defectione
646 1129 891 1178 praesidium,
940 1114 1047 1177 quod
1084 1132 1242 1177 poterat
1290 1128 1429 1172 emitti,
1475 1140 1547 1176 per

108 1200 326 1237 cruciatum
351 1204 392 1237 et
415 1201 465 1237 ad
481 1201 760 1237 contumeliam
783 1200 1034 1237 necarimus'?
1067 1200 1224 1249 quoties
1255 1199 1295 1235 in
1313 1198 1552 1244 obsidentes,
1571 1197 1593 1233 6

110 1284 228 1320 quam
260 1272 418 1310 inimice
450 1272 708 1321 eruperimus,
751 1277 879 1310 castra
910 1272 1236 1321 oppugnarimus,
1280 1270 1549 1307 Hannibalem

109 1343 381 1380 vocaverimus
397 1344 448 1381 ad
467 1344 749 1393 opprimendos
778 1344 873 1381 eos?
906 1345 979 1381 hoe
1004 1344 1111 1393 quod
1137 1342 1454 1380 recentissimum
1480 1344 1549 1387 est,

109 1414 161 1452 ad
193 1415 503 1464 oppugnandam
530 1415 698 1452 Romam
731 1416 822 1452 hinc
855 1429 942 1452 eum
970 1414 1235 1452 miserimus?
1281 1414 1371 1461 Age
1404 1416 1552 1459 contra,
1573 1413 1594 1448 7

110 1499 198 1535 quae
230 1485 293 1522 illi
325 1486 467 1523 infeste
494 1487 534 1523 in
568 1500 637 1523 nos
672 1487 850 1533 fecerint,
881 1488 1062 1536 repetite,
1093 1492 1137 1523 ut
1169 1500 1216 1523 ex
1247 1499 1305 1533 eo,
1340 1485 1437 1534 quid
1463 1498 1549 1534 spe-

110 1558 220 1603 retis,
259 1558 454 1597 habeatis.
515 1558 647 1605 Quum
680 1559 806 1595 hostis
845 1559 1069 1606 alienigena
1112 1559 1154 1595 m
1185 1557 1306 1594 Italia
1353 1560 1463 1601 esset,
1511 1559 1549 1593 et

110 1628 319 1666 Hannibal
349 1629 487 1676 hostis,
536 1634 575 1666 et
606 1634 746 1666 cuncta
787 1630 891 1666 bello
931 1630 1125 1675 arderent,
1165 1628 1320 1666 omissis
1353 1628 1548 1674 omnibus,

111 1701 255 1738 omisso
288 1701 374 1750 ipso
406 1701 648 1750 Hannibale,
681 1701 797 1738 ambo
829 1701 1008 1738 consules
1041 1704 1079 1737 et
1112 1700 1188 1738 duo
1222 1701 1450 1737 consulares
1481 1713 1547 1737 ex-

112 1773 257 1810 ercitus
288 1773 338 1809 ad
364 1772 541 1822 Capuam
573 1773 879 1822 oppugnandam
911 1773 1120 1809 miserunt.
1183 1772 1373 1809 Alterum
1407 1785 1552 1808 annum
1572 1770 1596 1806 8

112 1844 432 1882 circumvallatos
450 1845 703 1894 inclusosque
721 1858 791 1882 nos
816 1844 917 1881 fame
941 1848 1154 1893 macerant,
1184 1849 1221 1881 et
1239 1844 1317 1893 ipsi
1345 1844 1548 1880 nobiscum

110 1916 254 1953 ultima
283 1916 463 1965 pericula
495 1920 534 1953 et
564 1917 819 1965 gravissimos
850 1916 1006 1953 labores
1042 1916 1234 1965 perpessi,
1269 1916 1376 1952 circa
1399 1915 1549 1951 vallum

111 2000 157 2024 ac
187 1987 312 2025 fossas
343 2000 447 2037 saepe
477 1988 669 2026 trucidati
698 2002 742 2025 ac
774 2001 897 2037 prope
929 1987 979 2024 ad
1011 1991 1235 2024 extremum
1260 1988 1399 2024 castris
1427 1987 1546 2025 exuti.

113 2056 194 2095 Sed
225 2060 365 2097 omitto
397 2060 501 2105 haec;
546 2063 660 2096 vetus
693 2064 811 2109 atque
842 2060 989 2096 usitata
1020 2072 1084 2095 res
1117 2063 1178 2095 est·
1208 2059 1248 2095 in
1281 2058 1554 2108 oppugnanda
1573 2059 1595 2094 9

111 2130 286 2167 hostium
316 2131 414 2168 urbe
445 2131 602 2168 labores
634 2145 677 2168 ac
709 2132 887 2181 pericula
918 2131 1024 2181 pati;
1072 2130 1173 2167 illud
1212 2131 1281 2167 irae
1313 2134 1431 2180 atque
1464 2130 1547 2167 odii

112 2201 371 2239 exsecrabilis
388 2202 580 2239 indicium
613 2207 682 2240 est.
731 2202 938 2240 Hannibal
964 2202 1194 2250 ingentibus
1226 2202 1354 2252 copiis
1371 2202 1551 2250 peditum
1576 2202 1626 2239 10

113 2273 372 2322 equitumque
390 2278 520 2311 castra
537 2274 785 2323 oppugnavit
812 2278 850 2310 et
877 2287 923 2310 ex
941 2277 1054 2323 parte
1073 2274 1197 2322 cepit3
1227 2278 1339 2310 tanto
1369 2273 1548 2322 periculo

112 2345 214 2382 nihil
245 2346 344 2382 moti
369 2350 461 2383 sunt
484 2347 533 2383 ab
559 2346 779 2384 obsidione.
828 2346 1036 2382 Profectus
1061 2349 1170 2381 trans
1188 2345 1432 2382 Vulturnum
1459 2357 1548 2393 per-

113 2416 214 2453 ussit
245 2415 436 2454 Calenum
477 2431 643 2466 agrum3
686 2418 786 2454 nihil
832 2420 942 2454 tanta
988 2417 1186 2454 sociorum
1234 2416 1346 2452 clade
1393 2416 1549 2452 avocati

113 2491 215 2524 sunt.
276 2487 345 2524 Ad
377 2488 504 2538 ipsam
538 2489 677 2526 urbem
709 2489 876 2525 Romam
923 2488 1069 2525 infesta
1114 2488 1243 2536 signa'
1273 2488 1368 2524 ferri
1414 2487 1622 2534 iussit;ll

115 2571 200 2595 eam
218 2571 376 2608 quoque
394 2563 671 2609 tempestatem
690 2560 959 2597 imminentem
979 2562 1226 2609 spreverunt.
1260 2558 1547 2607 Transgressus

115 2629 317 2666 Anienem
359 2643 512 2668 amnem
542 2632 621 2668 tria
652 2631 782 2668 millia
812 2644 998 2680 passuum
1030 2631 1079 2667 ab
1111 2630 1210 2666 urbe
1243 2634 1373 2667 castra
1404 2630 1549 2679 posuit,

1528 2682 1545 2695 ψ
