1789 2955
587 119 690 149 Liber
714 118 822 149 xxv.
862 116 918 159 (A.
945 117 1007 148 Ch.
1035 114 1129 152 212.)
1472 114 1552 155 261

143 250 263 288 millia
293 249 585 288 Celtiberorum
615 262 663 286 ea
691 249 823 286 hieme
851 249 904 285 ad
933 260 1043 284 arma
1071 247 1213 284 excita.
1261 246 1448 283 Hostium
1478 243 1599 284 tres4

144 321 340 358 exercitus
364 326 490 358 erant.
539 320 771 357 Hasdrubal
789 319 982 368 Gisgonis
1006 319 1107 355 filius
1132 324 1172 354 et
1188 318 1314 366 Mago
1333 316 1558 353 coniunctis

144 392 282 429 castris
308 391 483 440 quinque
509 391 633 441 ferme
657 391 812 426 dierum
836 390 910 425 iter
933 390 983 425 ab
1009 389 1205 425 Romanis
1230 389 1411 424 aberant.
1461 386 1557 422 Pro·
1572 383 1599 424 5

142 463 232 512 pior
264 467 349 498 erat
371 461 610 498 Hamilcaris
642 461 743 497 filius
776 460 1021 503 Hasdrubal,
1054 464 1167 494 vetus
1200 458 1239 494 in
1264 457 1462 505 Hispania
1487 456 1559 492 im-

143 537 324 581 perator;
373 533 426 568 ad
465 532 604 567 urbem
642 531 808 567 nomine
846 530 1069 577 Amtorgim
1111 528 1326 565 exercitum
1366 527 1558 562 habebat.

143 602 245 639 Eum
270 603 461 638 volebant
484 602 592 650 prius
618 601 788 650 opprimi
808 602 933 637 duces
951 599 1146 642 Romani;
1171 604 1210 634 et
1228 610 1321 647 spes
1339 603 1436 640 erat,
1463 596 1558 633 satis
1573 595 1598 635 6

144 684 344 721 superque
376 673 430 708 ad
462 672 504 708 id
536 672 673 707 virium
700 683 810 715 esse;
843 671 909 706 illa
930 670 1110 706 restabat
1135 681 1242 712 cura,
1276 680 1341 710 ne,
1376 667 1466 703 fuso
1491 678 1556 709 eo,

142 742 314 792 perculsi
346 743 445 778 alter
468 741 700 779 Hasdrubal
734 747 774 778 et
795 741 921 789 Mago
953 740 993 776 in
1027 739 1138 775 avios
1172 739 1294 774 saltus
1317 743 1560 784 montesque

143 813 383 863 recipientes
425 824 514 849 sese
553 813 699 848 bellum
738 812 1005 848 extraherent.
1070 809 1277 857 Optimum
1316 808 1433 856 igitur
1471 806 1598 850 rati,7

144 883 279 921 divisis
303 883 485 920 bifariam
512 884 652 932 copiis,
678 882 800 920 totius
826 882 939 919 simul
957 879 1167 931 Hispaniae
1192 877 1379 929 amplecti
1397 878 1558 922 bellum,

142 955 197 992 ita
224 955 327 991 inter
354 967 398 991 se
426 953 658 997 diviserunt,
692 960 734 991 ut
759 955 801 991 P.
828 953 1040 990 Cornelius
1069 952 1171 987 duas
1199 956 1334 999 partes
1362 949 1558 986 exercitus

142 1025 420 1062 Romanorum
454 1025 736 1073 sociorumque
769 1026 962 1061 adversus
989 1023 1211 1070 Magonem
1246 1022 1413 1057 duceret
1439 1025 1560 1066 atque

142 1094 454 1139 Hasdrubalem,
482 1095 556 1132 Cn.
577 1094 789 1132 Cornelius
814 1107 903 1131 cum
921 1093 1037 1130 tertia
1055 1098 1168 1142 parte
1186 1092 1330 1128 veteris
1348 1090 1557 1132 exercitus,
1575 1089 1599 1130 8

144 1165 353 1202 Celtiberis
378 1166 592 1210 adiunctis,
621 1179 711 1203 cum
737 1165 992 1202 Hasdrubale
1017 1163 1190 1200 Barcino
1214 1162 1362 1198 bellum
1387 1165 1558 1209 gereret.

143 1235 237 1272 Una
261 1236 431 1284 profecti
455 1237 576 1273 ambo
602 1238 727 1274 duces
746 1235 1037 1283 exercitusque,
1058 1233 1267 1269 Celtiberis
1284 1231 1555 1281 praegredien-
1573 1232 1599 1272 9

143 1306 260 1349 tibus,
295 1306 349 1341 ad
380 1307 519 1342 urbem
545 1307 769 1355 Amtorgim
801 1307 841 1342 in
875 1310 1098 1353 conspectu
1122 1304 1310 1347 hostium,
1346 1303 1558 1339 dirimente

143 1375 264 1420 amni,
292 1382 450 1424 ponunt
474 1382 618 1413 castra.
666 1377 724 1412 Ibi
751 1376 825 1413 Cn.
845 1375 980 1424 Scipio
1006 1388 1095 1413 cum
1122 1374 1264 1424 quibus
1288 1378 1383 1411 ante
1407 1372 1558 1410 dictum
1577 1374 1630 1415 10

142 1451 202 1482 est
235 1446 362 1495 copiis
396 1447 581 1492 substitit,
615 1448 658 1484 P.
693 1447 828 1495 Scipio
861 1446 1067 1495 profectus
1101 1447 1154 1482 ad
1188 1446 1433 1482 destinatam
1467 1444 1558 1480 belli

141 1521 311 1566 partem.

258 1586 490 1624 Hasdrubal
523 1594 739 1637 postquam
774 1589 1068 1631 animadvertit,
1109 1588 1295 1636 exiguum
1330 1588 1558 1623 Romanum
1622 1584 1685 1629 33

142 1658 358 1694 exercitum
385 1658 426 1693 in
456 1659 595 1695 castris
623 1664 662 1695 et
690 1672 802 1708 spem
831 1672 994 1696 omnem
1022 1660 1062 1695 in
1089 1658 1380 1695 Celtiberorum
1407 1657 1560 1693 auxiliis

142 1739 245 1771 esse,
278 1728 429 1777 peritus
463 1729 594 1766 omnis
627 1731 846 1767 barbaricae
879 1735 918 1766 et
949 1730 1151 1778 praecipue
1177 1726 1393 1780 [omnium]
1423 1729 1602 1769 earum2

140 1798 334 1847 gentium,
377 1798 418 1835 in
451 1800 593 1847 quibus
626 1813 697 1849 per
729 1806 789 1837 tot
821 1813 952 1837 annos
985 1801 1194 1843 militabat,
1227 1799 1420 1848 perfidiae,
1455 1798 1560 1834 facili

115 1868 286 1917 'linguae
326 1871 562 1914 commercz'O,
605 1883 724 1919 quum
767 1877 933 1920 utraque
967 1876 1095 1907 castra
1129 1871 1251 1919 plena
1284 1869 1600 1918 Hispanorum3

141 1945 290 1985 essent,
323 1953 395 1989 per
427 1942 585 1977 occulta
619 1942 821 1990 colloquia
844 1942 1058 1991 paciscitur
1082 1953 1231 1989 magna
1254 1941 1445 1977 mercede
1471 1951 1559 1976 cum

141 2010 432 2048 Celtiberorum
450 2011 710 2060 principibus,
736 2017 778 2048 ut
795 2012 936 2061 copias
952 2013 1049 2049 inde
1067 2013 1287 2049 abducant.
1336 2011 1423 2048 Nec
1440 2015 1554 2047 atrox
1573 2011 1602 2051 4

140 2080 267 2117 visum
291 2080 447 2118 facinus
472 2080 571 2131 (non
596 2083 717 2127 enim,
742 2089 786 2119 ut
809 2084 849 2120 in
867 2084 1078 2119 Romanos
1096 2087 1296 2119 verterent
1315 2095 1439 2126 arma,
1466 2094 1560 2130 age-

139 2148 283 2201 batur),
310 2156 350 2188 et
373 2164 541 2197 merces,
567 2159 719 2201 quanta
736 2155 796 2190 vel
814 2166 888 2203 pro
907 2155 1013 2190 bello
1033 2153 1128 2189 satis
1147 2158 1266 2197 esset,
1293 2154 1478 2197 dabatur,
1507 2165 1559 2189 ne

140 2220 288 2257 bellum
311 2228 511 2270 gererent,
537 2228 577 2259 et
600 2235 721 2271 quum
740 2224 853 2272 quies
871 2225 971 2273 ipsa,
998 2228 1080 2259 tum
1099 2224 1251 2260 reditus
1270 2224 1437 2260 domum
1456 2223 1558 2260 fruc·

139 2296 284 2340 tusque
314 2292 481 2329 videndi
514 2306 609 2331 suos
642 2306 794 2342 suaque
825 2300 940 2343 grata
971 2294 1090 2342 vulgo
1115 2299 1241 2330 erant.
1304 2294 1444 2342 Itaque
1467 2306 1550 2331 non
1573 2293 1599 2334 5

141 2362 311 2399 ducibus
345 2362 499 2400 facilius
532 2376 653 2412 quam
686 2365 929 2401 multitudini
961 2376 1195 2414 persuasum
1222 2369 1295 2401 est.
1360 2365 1482 2401 Simul
1507 2377 1558 2401 ne

140 2437 270 2468 metus
309 2432 474 2481 quidem
513 2435 564 2472 ab
598 2434 794 2471 Romanis
827 2441 923 2479 erat,
965 2435 1116 2484 quippe
1149 2440 1230 2471 tam
1263 2435 1416 2483 paucis,
1458 2435 1489 2471 si
1523 2436 1557 2471 vi

140 2502 371 2540 retinerent.
404 2503 451 2539 Id
469 2505 633 2552 quidem
653 2506 878 2542 cavendum
897 2517 1056 2554 semper
1074 2505 1269 2541 Romanis
1287 2505 1457 2541 ducibus
1471 2506 1556 2549 erit,
1572 2505 1598 2545 6

142 2573 406 2622 exemplaque
430 2574 514 2611 haec
532 2587 624 2611 vere
642 2587 715 2624 pro
735 2576 992 2613 documentis
1011 2576 1215 2619 habenda,
1242 2587 1293 2611 ne
1311 2575 1366 2611 ita
1384 2575 1557 2612 externis

142 2642 310 2679 credant
342 2643 509 2688 auxiliis,
543 2650 585 2680 ut
616 2657 700 2681 non
733 2646 821 2694 plus
850 2646 908 2681 sui
936 2646 1093 2682 roboris
1127 2657 1368 2693 suarumque
1395 2646 1557 2694 proprie
