1789 2955
238 95 319 155 144
655 113 759 144 Liber
781 113 907 143 xxm.
946 111 1001 154 (A.
1026 123 1057 144 u.
1077 122 1104 144 c.
1125 112 1219 156 538.)

231 246 359 281 Poeno
378 244 711 292 exercitibusque,
738 256 809 293 per
828 255 930 292 quos
948 243 991 279 id
1008 244 1155 280 bellum
1171 251 1389 293 gereretur,
1419 246 1650 283 consultan-

189 310 327 351 5dum
352 320 472 362 atque
497 315 748 364 agitandum.
796 313 888 362 Ipse
914 314 1096 362 primum,
1127 315 1223 363 quid
1249 316 1431 364 peditum
1455 317 1652 364 equitum-

231 397 321 433 que,
351 385 448 433 quid
478 384 634 428 civium,
665 384 762 432 quid
790 384 992 421 sociorum
1022 385 1062 421 in
1091 386 1267 422 exercitu
1296 393 1404 422 esset
1427 387 1649 431 dictatoris,

230 455 436 498 disseruit;
471 460 553 490 tum
572 454 785 491 Marcellus
810 466 970 491 suarum
995 455 1203 503 copiarum
1230 468 1427 493 summam
1451 458 1650 506 exposuit.

190 522 214 562 6
233 525 342 572 Quid
366 526 407 561 in
429 525 572 573 Apulia
598 537 687 561 cum
707 523 752 561 C.
772 524 966 561 Terentio
993 526 1159 562 consule
1186 532 1305 571 esset,
1337 539 1359 563 a
1383 527 1519 575 peritis
1545 540 1652 576 quae-

231 597 348 632 situm
381 601 454 640 est,
489 607 578 640 nec,
612 596 722 631 unde
756 596 838 631 duo
865 596 1100 632 consulares
1127 597 1323 634 exercitus
1350 598 1446 634 satis
1470 598 1569 635 firmi
1598 600 1652 636 ad

230 671 385 702 tantum
418 666 564 702 bellum
598 665 864 710 efficerentur,
899 666 1073 702 inibatur
1105 667 1221 703 ratio.
1290 667 1430 716 Itaque
1464 667 1650 713 Galliam,

232 749 460 785 quanquam
492 736 723 773 stimulabat
750 737 854 773 iusta
882 736 951 780 ira,
984 736 1111 772 omitti
1142 749 1192 773 eo
1224 750 1333 774 anno
1364 739 1525 787 placuit.
1574 740 1652 776 Ex-

192 800 213 840 7
232 807 376 844 ercitus
395 807 604 844 dictatoris
623 807 778 844 consuli
797 807 984 843 decretus
1003 813 1076 843 est.
1110 807 1172 844 De
1191 809 1366 845 exercitu
1383 809 1440 846 M.
1459 809 1651 854 Marcelli,

232 878 298 926 qui
331 889 471 914 eorum
505 890 553 913 ex
586 877 681 926 fuga
707 877 915 914 Cannensi
949 884 1099 923 essent,
1134 879 1174 915 in
1200 879 1375 916 Siciliam
1399 892 1471 916 eos
1497 881 1652 917 traduci

191 942 214 983 8
232 953 352 996 atque
375 948 428 983 ibi
454 948 636 992 militare,
667 949 801 985 donec
832 949 872 984 z'n
896 948 1011 984 Italia
1036 949 1183 985 bellum
1209 955 1328 994 esset,
1360 951 1522 999 placuit.
1572 951 1653 988 Eo-

231 1019 326 1054 dem
358 1031 406 1054 ex
440 1019 648 1055 dictatoris
682 1019 910 1067 legionibus
943 1019 1053 1056 reiici
1085 1020 1250 1056 militem
1275 1021 1427 1057 minimi
1452 1033 1653 1069 quemque

231 1089 401 1133 roboris,
417 1090 526 1125 nullo
540 1090 762 1138 praestituto
778 1089 926 1125 militiae
936 1095 1134 1138 tempore,
1149 1090 1225 1127 nisi
1237 1091 1350 1138 quod
1359 1091 1653 1140 stipendiorum

191 1154 499 1207 9legitimorum
534 1165 652 1196 esset.
717 1159 818 1196 Duae
852 1160 1036 1208 legiones
1059 1161 1224 1197 urbanae
1248 1161 1359 1197 alteri
1383 1162 1552 1206 consuli,
1587 1163 1654 1210 qui

231 1231 272 1266 in
304 1231 438 1267 locum
463 1230 509 1267 L.
535 1231 731 1267 Postumii
757 1230 947 1267 suffectus
973 1236 1092 1275 esset,
1127 1231 1301 1268 decretae
1327 1237 1432 1276 sunt,
1466 1244 1652 1280 eumque,

166 1295 219 1336 lO
233 1313 355 1349 quum
380 1301 551 1350 primum
570 1301 688 1338 salvis
707 1301 895 1349 auspiciis
914 1307 1067 1350 posset,
1095 1302 1219 1338 creari
1238 1302 1400 1350 placuit.
1448 1301 1653 1351 Legiones

233 1376 426 1419 praeterea
455 1372 557 1408 duas
581 1372 711 1420 primo
739 1384 900 1420 quoque
926 1378 1110 1421 tempore
1136 1385 1184 1408 ex
1209 1372 1340 1409 Sicilia
1370 1373 1502 1417 acciri,
1533 1380 1653 1422 atque
1675 1401 1680 1406 .

230 1442 328 1478 inde
346 1442 568 1487 consulem,
589 1443 650 1479 cui
669 1443 852 1491 legiones
872 1444 1034 1480 urbanae
1053 1443 1294 1487 evenissent,
1314 1443 1480 1479 militum
1497 1456 1653 1480 sumere

164 1507 211 1548 11
232 1517 425 1560 quantum
451 1525 554 1561 opus
583 1518 702 1549 esset.
753 1513 798 1550 C.
819 1514 1014 1551 Terentio
1041 1513 1196 1551 consuli
1215 1513 1425 1561 prorogari
1443 1514 1483 1550 in
1502 1526 1653 1550 annum

229 1583 440 1631 imperium
472 1596 606 1632 neque
640 1585 692 1620 de
718 1597 768 1620 eo
794 1584 982 1629 exercitu,
1018 1596 1136 1633 quem
1162 1584 1216 1619 ad
1239 1583 1469 1632 praesidium
1499 1584 1652 1632 Apuliae

231 1653 410 1698 haberet,
445 1655 661 1702 quicquam
693 1655 831 1691 minui.

107 1717 168 1762 26
349 1724 455 1760 Dum
473 1725 558 1761 haec
576 1725 616 1761 in
634 1725 748 1761 Italia
765 1730 957 1774 geruntur
975 1730 1316 1774 apparanturque,
1345 1725 1470 1761 nihilo
1489 1725 1652 1774 segnius

229 1794 269 1830 in
294 1794 493 1843 Hispania
521 1796 669 1832 bellum
697 1802 794 1841 erat,
826 1797 900 1833 sed
928 1797 982 1832 ad
1010 1809 1100 1832 eam
1129 1796 1237 1832 diem
1262 1795 1390 1844 magis
1414 1808 1653 1845 prosperum

189 1862 438 1902 2R0manis.
503 1867 545 1902 P.
581 1872 620 1902 et
644 1865 719 1903 Cn.
746 1867 1003 1915 Scipionibus
1036 1867 1139 1903 inter
1172 1878 1215 1902 se
1240 1866 1395 1914 partitis
1424 1867 1576 1915 copias,
1611 1873 1653 1903 ut

230 1934 381 1972 Gnaeus
414 1941 530 1980 terra,
565 1937 727 1973 Publius
760 1937 928 1973 navibus
963 1949 1045 1973 rem
1077 1942 1248 1985 gereret,
1282 1935 1529 1981 Hasdrubal,
1563 1937 1653 1974 Poe-

229 2016 372 2041 norum
401 2006 632 2054 imperator,
666 2007 796 2043 neutri
824 2007 926 2056 parti
955 2007 1094 2043 virium
1125 2007 1221 2044 satis
1250 2007 1394 2051 fidens,
1433 2008 1572 2056 procul
1601 2008 1651 2044 ab

230 2076 346 2112 hoste
378 2076 587 2114 intervallo
617 2089 665 2114 ac
692 2077 791 2114 locis
821 2083 928 2114 tutus
958 2078 1124 2113 tenebat
1152 2089 1207 2122 se,
1243 2078 1383 2125 quoad
1410 2078 1576 2114 multum
1605 2090 1650 2115 ac

229 2146 297 2181 diu
331 2147 552 2183 obtestanti
586 2153 775 2196 quattuor
807 2148 927 2183 millia
953 2148 1149 2196 peditum,
1183 2147 1290 2183 mille
1314 2148 1469 2195 equites
1494 2149 1534 2185 in
1559 2161 1652 2198 sup—

189 2214 478 2265 3plementum
510 2218 619 2254 missi
653 2231 701 2254 ex
727 2217 862 2255 Africa
896 2224 999 2255 sunt.
1063 2218 1170 2254 Tum
1193 2217 1345 2254 refecta
1371 2219 1539 2255 tandem
1563 2231 1649 2268 spe,

230 2293 360 2323 castra
383 2288 549 2337 propius
575 2289 733 2325 hostem
759 2289 900 2333 movit,
927 2289 1178 2336 classemque
1204 2294 1244 2324 et
1267 2288 1354 2336 ipse
1379 2288 1517 2325 instrui
1535 2301 1651 2338 para-

189 2356 342 2405 4rique
384 2358 495 2395 iubet
533 2360 588 2395 ad
629 2359 778 2396 insulas
812 2359 1135 2407 maritimamque
1169 2371 1282 2395 oram
1314 2359 1541 2396 tutandam.
1604 2360 1649 2396 In

230 2429 319 2477 ipso
345 2429 496 2477 impetu
522 2430 815 2466 movendarum
840 2430 893 2466 de
918 2430 1076 2478 integro
1101 2441 1231 2466 rerum
1257 2429 1424 2478 perculit
1441 2441 1532 2466 eum
1550 2442 1650 2479 prae-

230 2498 427 2535 sectorum
455 2499 615 2536 navium
644 2499 840 2544 transitio,
875 2500 941 2548 qui
969 2506 1064 2549 post
1086 2501 1255 2537 classem
1281 2500 1334 2536 ad
1359 2499 1554 2536 Hiberum
1578 2513 1650 2549 per

230 2581 423 2617 pavorem
464 2570 667 2606 desertam
706 2570 880 2618 graviter
911 2570 1095 2618 increpiti
1128 2581 1335 2618 nunquam
1367 2571 1519 2607 deinde
1552 2571 1648 2608 satis

190 2636 298 2677 5fidi
332 2645 400 2675 aut
433 2640 525 2676 duci
559 2645 627 2676 aut
653 2639 1047 2688 Carthaginiensium
1072 2641 1191 2677 rebus
1218 2640 1388 2677 fuerant.
1451 2641 1649 2678 Fecerant
