1789 2955
140 729 201 774 39

270 112 356 153 210
690 110 794 141 Liber
819 109 944 140 XXIV.
982 109 1039 151 (A.
1058 119 1089 140 u.
1109 119 1137 140 c.
1157 107 1251 150 540.)

260 249 388 279 mater
411 255 457 279 ac
484 242 739 291 Proserpina,
774 253 930 290 precor,
961 242 1082 278 ceteri
1106 241 1238 290 superi
1262 240 1487 289 infernique
1513 241 1568 285 di,
1605 241 1672 289 qui

261 313 365 349 hanc
390 314 542 356 urbem,
571 312 646 349 hos
671 318 850 348 sacratos
877 312 986 348 lacus
1011 312 1204 359 lucosque
1235 311 1376 354 colitis,
1405 317 1448 346 ut
1474 310 1528 347 ita
1555 311 1674 347 nobis

260 383 442 419 volentes
454 382 615 431 propitii
628 382 782 426 adsitis,
801 382 833 418 si
847 382 1035 426 vitandae,
1053 394 1138 418 non
1150 381 1373 417 inferendae
1388 380 1539 417 fraudis
1553 392 1675 417 causa

221 451 246 491 9
261 453 339 489 hoc
362 453 517 489 consilii
540 453 734 501 capimus.
796 452 977 488 Pluribus
999 464 1084 495 vos,
1118 451 1275 494 milites,
1309 451 1502 494 hortarer,
1526 452 1559 487 si
1585 463 1674 488 cum

261 524 422 559 armatis
441 523 646 560 dimicatio
665 522 795 559 futura
812 528 941 566 esset;
965 523 1152 565 inermes,
1171 522 1357 557 incautos
1376 522 1430 556 ad
1449 522 1675 558 satietatem

260 593 529 637 trucidabitis;
555 599 594 629 et
621 594 796 631 consulis
821 599 952 630 castra
973 593 1014 628 in
1038 592 1267 641 propinquo
1292 597 1396 635 sunt,
1424 604 1476 627 ne
1502 593 1599 639 quid
1624 593 1674 628 ab

260 662 490 700 Himilcone
523 669 562 700 et
594 663 996 712 Carthaginiensibus
1030 662 1158 698 timeri
1191 662 1359 710 possit.»

381 734 442 769 Ab
476 734 551 770 hac
583 733 870 770 adhortatione
903 733 1056 769 dimissi
1089 743 1261 780 corpora
1288 737 1441 768 curant.
1505 732 1673 769 Postero

262 804 329 840 die
353 804 417 840 alii
442 804 527 840 aliis
544 804 643 840 locis
661 804 715 840 ad
734 804 965 840 obsidenda
982 804 1123 839 itinera
1142 803 1479 850 claudendosque
1498 803 1675 851 oppositi

261 874 408 917 exitus;
437 886 530 922 pars
554 874 727 910 maxima
752 886 871 923 super
895 874 1094 909 theatrum
1118 874 1317 921 circaque,
1342 873 1491 908 assueti
1517 879 1556 909 et
1581 879 1676 909 ante

223 941 493 993 2spectaculo
523 945 772 988 contionum,
807 944 1046 981 consistunt.
1108 944 1335 980 Productus
1358 943 1412 978 ad
1434 943 1629 991 populum
1651 956 1674 979 a

260 1015 558 1063 magistratibus
585 1014 796 1063 praefectus
815 1015 1024 1051 Romanus
1049 1026 1170 1063 quum
1200 1014 1376 1050 consulis
1400 1013 1453 1049 de
1478 1025 1528 1048 ea
1555 1025 1598 1049 re
1615 1013 1675 1049 ius

261 1097 308 1122 ac
326 1090 571 1133 potestatem
588 1096 691 1129 esse,
717 1097 802 1121 non
820 1097 946 1129 suam,
972 1091 1012 1121 et
1028 1085 1221 1133 pleraque
1241 1085 1400 1127 eadem,
1427 1095 1514 1131 quae
1532 1083 1674 1132 pridie,

223 1152 441 1199 3dixisset,
471 1161 510 1191 et
536 1155 666 1203 primo
695 1155 845 1191 sensim
869 1168 916 1192 ac
940 1156 1073 1204 plures
1098 1155 1271 1191 reddere
1295 1155 1441 1198 claves,
1471 1154 1567 1190 dein
1591 1154 1670 1190 iam

260 1238 342 1261 una
373 1237 473 1262 voce
505 1225 548 1260 id
581 1237 724 1262 omnes
755 1226 939 1262 iuberent
972 1226 1256 1273 cunctantique
1282 1230 1321 1261 et
1345 1223 1545 1260 differenti
1572 1223 1675 1260 fero-

262 1296 358 1333 citer
390 1295 667 1332 minitarentur
698 1308 774 1332 nec
807 1296 1036 1332 viderentur
1062 1297 1162 1332 ultra
1189 1296 1266 1331 vim
1293 1295 1472 1331 ultimam
1502 1294 1673 1338 dilaturi,

222 1365 346 1404 4tum
375 1365 587 1414 praefectus
615 1372 712 1414 toga
740 1366 910 1414 signum,
940 1372 983 1402 ut
1005 1371 1264 1409 convenerat,
1294 1366 1421 1409 dedit,
1450 1364 1675 1412 militesque

260 1436 404 1473 intenti
436 1437 591 1472 dudum
624 1448 672 1472 ac
704 1437 831 1484 parati
864 1437 928 1472 alii
961 1449 1136 1485 superne
1169 1437 1210 1472 in
1234 1448 1416 1472 aversam
1439 1436 1674 1472 contionem

262 1507 438 1544 clamore
466 1507 624 1543 sublato
655 1507 883 1551 decurrunt,
918 1507 982 1542 alii
1010 1507 1064 1543 ad
1088 1507 1214 1542 exitus
1239 1506 1383 1542 theatri
1408 1505 1578 1543 conferti
1603 1506 1675 1542 ob—

223 1576 419 1616 5sistunt.
483 1575 703 1613 Caeduntur
726 1576 970 1614 Hennenses
995 1590 1118 1614 cavea
1139 1577 1281 1613 inclusi
1305 1582 1674 1624 coacervanturque

261 1659 346 1684 non
379 1648 492 1684 caede
524 1647 668 1691 solum,
702 1648 776 1683 sed
809 1648 930 1683 etiam
963 1647 1071 1696 fuga,
1105 1659 1227 1695 quum
1259 1647 1338 1683 alii
1366 1659 1485 1695 super
1507 1646 1675 1683 aliorum

262 1718 395 1766 capita
442 1724 603 1754 ruerent
649 1722 685 1754 et
730 1718 873 1766 integri
915 1718 1074 1762 sauciis,
1121 1717 1196 1753 vivi
1240 1718 1407 1753 mortuis
1448 1717 1675 1753 incidentes

224 1786 248 1826 6
263 1788 571 1825 cumularentur.
624 1787 726 1824 Inde
750 1789 900 1836 passim
925 1788 1166 1832 discurritur,
1199 1793 1239 1824 et
1262 1788 1369 1824 urbis
1393 1794 1521 1836 captae
1547 1788 1674 1824 modo

262 1858 438 1906 fugaque
466 1863 505 1894 et
533 1859 667 1895 caedes
696 1859 833 1895 omnia
858 1864 981 1903 tenet,
1010 1858 1135 1894 nihilo
1160 1858 1388 1894 remissiore
1413 1858 1580 1893 militum
1602 1858 1673 1901 ira,

262 1929 375 1976 quod
407 1929 564 1964 turbam
595 1929 790 1965 inermem
823 1929 1049 1972 caedebant,
1083 1940 1204 1976 quam
1237 1928 1268 1964 si
1300 1928 1517 1976 periculum
1543 1939 1615 1976 par
1637 1933 1676 1963 et

226 1997 385 2037 7ard0r
427 1999 654 2035 certaminis
697 2011 769 2035 eos
811 1999 993 2034 irritaret.
1071 1998 1130 2034 Ita
1163 1997 1312 2034 Henna
1351 2004 1419 2034 aut
1457 1998 1565 2034 malo
1608 2003 1677 2033 aut

261 2069 494 2106 necessario
528 2068 708 2105 facinore
740 2074 910 2105 retenta.

380 2138 592 2175 Marcellus
616 2150 692 2175 nec
718 2138 865 2175 factum
883 2138 1124 2187 improbavit
1141 2145 1180 2175 et
1198 2139 1376 2187 praedam
1395 2137 1676 2174 Hennensium

262 2209 449 2245 militibus
473 2209 687 2252 concessit,
712 2214 820 2245 ratus
843 2209 986 2245 timore
1005 2209 1218 2246 deterritos
1237 2212 1522 2255 temperaturos
1539 2208 1676 2256 prodi-

225 2278 442 2317 8tionibus
474 2278 752 2327 praesidiorum
780 2279 947 2315 Siculos.
1010 2281 1142 2327 Atque
1170 2292 1218 2316 ea
1247 2280 1398 2323 clades,
1432 2284 1474 2314 ut
1501 2278 1607 2314 urbis
1634 2278 1675 2314 in

262 2348 398 2385 media
415 2349 548 2385 Sicilia
566 2348 650 2385 sitae
668 2349 865 2397 claraeque
882 2349 943 2385 vel
962 2350 1015 2385 ob
1027 2350 1227 2398 insignem
1240 2350 1492 2386 munimento
1506 2349 1675 2385 naturali

262 2419 395 2455 locum
422 2419 482 2454 vel
510 2419 563 2455 ob
588 2424 745 2455 sacrata
769 2420 906 2456 omnia
931 2420 1107 2468 vestigiis
1131 2425 1256 2468 raptae
1280 2420 1490 2467 quondam
1514 2419 1677 2455 Proser-

225 2488 250 2527 9
265 2489 383 2536 pinae,
416 2501 544 2537 prope
578 2501 660 2525 uno
686 2489 752 2525 die
778 2501 941 2525 omnem
965 2489 1138 2526 Siciliam
1162 2490 1347 2538 pervasit,
1381 2495 1421 2525 et
1445 2489 1538 2537 quia
1562 2489 1677 2525 caede

261 2558 432 2594 infanda
463 2559 653 2595 rebantur
684 2571 768 2595 non
801 2559 1008 2596 hominum
1041 2565 1208 2604 tantum,
1244 2560 1318 2596 sed
1351 2560 1471 2595 etiam
1504 2560 1674 2595 deorum
