1768 2943
257 107 313 148 60
677 105 781 136 Liber
805 104 916 135 XXII.
959 103 1016 145 (A.
1044 115 1074 134 u.
1098 115 1126 135 c.
1151 103 1246 146 537.)

217 234 242 274 2
257 237 487 272 Romanum
511 235 616 273 circa
633 235 775 272 Arretii
799 235 949 272 moenia
973 246 1076 272 esse.
1126 234 1314 272 Consulis
1331 235 1483 272 deinde
1501 235 1670 272 consilia

257 312 377 354 atque
417 305 595 342 animum
633 310 674 342 et
711 305 828 341 situm
866 305 1077 354 regionum
1116 305 1340 353 itineraque
1372 311 1412 342 et
1443 306 1583 354 copias
1615 306 1670 342 ad

257 381 507 413 commeatus
532 375 814 425 expediendos
839 381 878 411 et
901 381 1047 420 cetera,
1073 388 1161 424 quae
1185 387 1388 424 cognosse
1412 377 1452 413 in
1470 388 1554 413 rem
1571 381 1669 421 erat,

216 444 242 484 3
257 458 413 482 summa
430 446 567 482 omnia
585 458 675 482 cum
698 457 792 482 cura
814 445 1057 493 inquirendo
1076 446 1382 493 exsequebatur.
1430 447 1561 496 Regio
1586 452 1672 483 erat

256 517 297 553 in
320 516 456 565 primis
482 516 605 552 Italiae
635 515 784 560 fertilis,
813 515 968 552 Etrusci
997 516 1141 564 campi,
1175 516 1240 563 qui
1264 516 1440 553 Faesulas
1471 517 1574 553 inter
1600 517 1672 553 Ar-

257 587 479 634 retiumque
503 586 650 630 iacent,
685 585 871 622 frumenti
897 597 943 622 ac
966 586 1125 634 pecoris
1143 591 1183 622 et
1201 585 1381 622 omnium
1406 587 1525 636 copia
1541 599 1671 623 rerum

215 655 457 705 4opulenti;
502 656 642 692 consul
686 655 798 692 ferox
840 656 890 692 ab
931 656 1143 692 consulatu
1185 657 1318 705 priore
1351 662 1391 693 et
1421 669 1508 693 non
1544 657 1672 693 modo

257 727 390 775 legum
423 732 492 762 aut
523 731 679 774 patrum
712 726 945 771 maiestatis,
987 727 1061 762 sed
1092 739 1145 762 ne
1177 727 1347 763 deorum
1380 727 1544 775 quidem
1577 726 1673 763 satis

257 802 461 840 metuens;
496 796 600 833 hanc
625 796 784 832 insitam
808 796 974 844 ingenio
1004 796 1088 832 eius
1112 797 1378 833 temeritatem
1404 796 1564 833 fortuna
1581 808 1674 845 pro—

216 865 377 915 bspero
417 866 595 903 civilibus
634 866 867 914 bellicisque
906 867 1025 903 rebus
1068 878 1257 903 successu
1299 868 1464 903 aluerat.
1533 866 1674 914 Itaque

259 937 355 973 satis
380 937 616 985 apparebat,
649 948 724 973 nec
750 937 853 973 deos
875 949 951 973 nec
977 937 1163 973 homines
1187 937 1464 974 consulentem
1489 936 1676 973 ferociter

259 1006 396 1043 omnia
413 1019 459 1043 ac
484 1019 741 1056 praepropere
766 1012 964 1051 acturum;
999 1019 1162 1055 quoque
1194 1007 1360 1055 pronior
1383 1012 1491 1044 esset
1517 1007 1559 1043 in
1583 1006 1676 1042 vitia

217 1075 242 1116 6
259 1089 343 1121 sua,
378 1077 531 1125 agitare
564 1089 656 1113 eum
689 1083 809 1125 atque
841 1077 992 1113 irritare
1016 1077 1166 1113 Poenus
1190 1083 1317 1126 parat,
1348 1083 1388 1113 et
1411 1077 1509 1114 laeva
1533 1077 1674 1114 relicto

259 1147 376 1183 hoste
408 1147 585 1184 Faesulas
623 1153 781 1196 petens,
820 1147 957 1184 medio
991 1147 1157 1184 Etruriae
1197 1159 1295 1196 agro
1328 1149 1550 1196 praedatum
1584 1159 1677 1196 pro-

259 1217 400 1262 fectus,
416 1222 609 1265 quantam
626 1217 841 1253 maximam
855 1218 1080 1254 vastitatem
1098 1223 1246 1266 potest,
1263 1218 1441 1255 caedibus
1458 1218 1678 1255 incendiis-

219 1286 240 1326 7
259 1300 337 1336 que
355 1288 510 1324 consuli
528 1289 669 1336 procul
690 1288 881 1324 ostendit.
931 1288 1162 1333 Flaminius,
1189 1289 1255 1336 qui
1280 1301 1331 1324 ne
1357 1288 1493 1336 quieto
1513 1288 1675 1336 quidem

259 1359 376 1395 hoste
407 1359 495 1407 ipse
528 1359 732 1406 quieturus
765 1364 862 1403 erat,
896 1363 978 1394 tum
1003 1370 1111 1402 vero,
1140 1364 1357 1407 postquam
1383 1370 1446 1395 res
1475 1358 1676 1395 sociorum

259 1435 354 1465 ante
387 1429 527 1465 oculos
559 1441 688 1477 prope
721 1440 816 1465 suos
849 1428 939 1464 ferri
972 1428 1118 1477 agique
1143 1429 1253 1473 vidit,
1288 1441 1401 1465 suum
1429 1429 1472 1464 id
1495 1429 1677 1465 dedecus

258 1505 379 1543 ratus,
423 1511 494 1548 per
527 1500 703 1536 mediam
743 1499 822 1535 iam
854 1499 1008 1535 Italiam
1041 1498 1177 1547 vagari
1209 1499 1377 1536 Poenum
1416 1505 1537 1547 atque
1570 1499 1678 1536 obsi-

219 1568 243 1609 8
259 1574 391 1606 stente
424 1570 533 1606 nullo
562 1570 617 1605 ad
643 1570 732 1618 ipsa
755 1570 943 1606 Romana
966 1570 1116 1605 moenia
1138 1569 1194 1605 ire
1220 1571 1514 1618 oppugnanda,
1535 1569 1677 1606 ceteris

261 1640 448 1676 omnibus
465 1640 506 1676 in
525 1640 694 1676 consilio
709 1640 896 1676 salutaria
913 1640 1043 1688 magis
1057 1652 1176 1688 quam
1191 1640 1377 1688 speciosa
1391 1641 1674 1677 suadentibus:

261 1711 458 1759 collegam
492 1711 825 1759 exspectandum,
859 1716 901 1746 ut
933 1710 1160 1748 coniunctis
1188 1711 1438 1755 exercitibus,
1473 1710 1677 1748 communi

219 1778 244 1819 9
261 1781 397 1817 animo
431 1781 683 1829 consilioque
715 1793 798 1817 rem
823 1786 1023 1830 gererent,
1057 1781 1213 1817 interim
1240 1781 1418 1828 equitatu
1443 1781 1678 1829 auxiliisque

261 1851 403 1887 levium
414 1864 616 1888 armorum
627 1853 677 1888 ab
689 1852 816 1888 effusa
824 1852 1036 1900 praedandi
1050 1852 1210 1888 licentia
1219 1851 1378 1887 hostem
1388 1852 1676 1896 cohibendum,

260 1922 382 1958 iratus
400 1934 443 1958 se
461 1935 510 1958 ex
528 1923 697 1959 consilio
716 1923 923 1971 proripuit,
949 1922 1189 1971 signumque
1207 1921 1321 1957 simul
1343 1922 1495 1959 itineris
1513 1935 1677 1972 pugnae-

193 1989 246 2030 10
261 2005 338 2040 que
363 2005 485 2040 quum
504 1993 782 2039 proposuisset,
814 1992 964 2028 «Immo
983 1993 1125 2028 Arretii
1151 1998 1246 2029 ante
1263 1993 1413 2030 moenia
1431 1994 1672 2030 sedeamus»

260 2062 407 2110 inquit3
446 2063 533 2099 <hic
567 2063 673 2099 enim
697 2063 826 2111 patria
858 2068 898 2099 et
929 2068 1099 2111 penates
1123 2068 1226 2099 sunt.
1275 2062 1481 2100 Hannibal
1509 2064 1677 2100 emissus

260 2145 282 2168 e
315 2133 501 2170 manibus
526 2134 813 2182 perpopuletur
830 2133 983 2170 Italiam
1003 2134 1286 2181 vastandoque
1304 2139 1344 2170 et
1360 2135 1516 2171 urendo
1541 2133 1678 2171 omnia

261 2204 316 2239 ad
339 2204 527 2240 Romana
559 2204 709 2240 moenia
733 2204 952 2253 perveniat,
987 2216 1061 2240 nec
1086 2209 1181 2240 ante
1204 2216 1281 2241 nos
1306 2204 1397 2241 hinc
1421 2204 1676 2248 moverimus,

261 2286 395 2322 quam,
430 2274 531 2311 sicut
564 2275 657 2311 olim
692 2274 902 2311 Camillum
934 2275 986 2310 ab
1019 2274 1145 2318 Veiis,
1181 2274 1226 2310 C.
1259 2274 1496 2310 Flaminium
1530 2274 1581 2310 ab
1605 2274 1678 2310 Ar-

193 2341 239 2381 11
260 2344 361 2380 retio
394 2349 529 2392 patres
562 2345 817 2381 acciverint.»
884 2343 982 2382 Haec
1016 2345 1130 2381 simul
1162 2345 1376 2393 increpans
1409 2357 1530 2393 quum
1564 2345 1677 2381 ocius

262 2414 377 2462 signa
410 2415 579 2451 convelli
618 2415 773 2451 iuberet
811 2420 850 2451 et
886 2415 973 2464 ipse
1012 2415 1052 2451 in
1095 2427 1241 2463 equum
1278 2415 1508 2460 insiluisset,
1551 2427 1677 2463 equus

194 2482 246 2522 12
261 2489 429 2533 repente
448 2486 595 2522 corruit
612 2486 901 2533 consulemque
920 2485 1075 2534 lapsum
1094 2498 1214 2534 super
1231 2490 1353 2534 caput
1376 2485 1530 2522 effudit.
1579 2485 1677 2521 Ter-

261 2555 343 2591 ritis
377 2555 577 2600 omnibus,
611 2555 678 2603 qui
711 2556 814 2592 circa
847 2561 974 2600 erant,
1008 2556 1114 2592 velut
1137 2556 1249 2592 foedo
1276 2556 1411 2592 omine
1433 2555 1677 2604 incipiendae

261 2624 330 2669 rei,
348 2625 512 2674 insuper
528 2625 746 2670 nuntiatur,
772 2625 929 2674 signum
955 2628 1066 2663 omni
1088 2626 1124 2663 vi
1148 2626 1340 2662 moliente
1364 2626 1556 2675 signifero
1580 2637 1678 2663 con·
