1789 2955
574 108 678 139 Liber
703 109 831 139 XXIII.
883 109 938 151 (A.
958 109 1021 140 Ch.
1041 109 1136 152 216.)
1478 111 1560 152 149

144 240 264 277 muris
297 239 547 288 ferendaque
580 251 691 275 arma
723 240 906 284 deerant,
946 241 1165 289 expugnati
1198 248 1302 278 sunt.
1378 243 1557 290 Recepta
1577 241 1603 279 5

142 310 307 354 Petelia,
340 310 488 346 Poenus
521 310 575 346 ad
600 308 865 346 Consentiam
898 310 1038 359 copias
1063 311 1248 353 traducit,
1283 324 1404 359 quam
1429 312 1559 348 minus

143 380 399 430 pertinaciter
427 379 639 416 defensam
656 381 760 416 intra
778 391 933 428 paucos
951 380 1040 417 dies
1057 381 1098 417 in
1115 381 1370 417 deditionem
1388 382 1558 430 accepit.

142 451 292 488 Iisdem
319 451 445 487 ferme
469 450 612 487 diebus
639 455 679 486 et
703 449 947 486 Bruttiorum
972 450 1168 486 exercitus
1187 449 1423 495 Crotonem,
1448 451 1596 492 Grae-6

144 534 231 558 cam
256 522 410 566 urbem,
437 520 706 565 circumsedit,
732 520 966 568 opulentam
992 520 1202 567 quondam
1228 521 1347 557 armis
1372 522 1558 569 virisque,

143 598 225 628 tum
251 592 331 628 iam
356 591 464 627 adeo
489 591 621 627 multis
646 590 884 638 magnisque
910 590 1093 626 cladibus
1120 590 1325 635 afflictam,
1356 598 1399 627 ut
1427 593 1559 628 omnis

143 662 271 699 aetatis
301 662 433 698 minus
466 661 549 697 duo
582 661 703 697 millia
736 660 879 697 civium
907 666 1180 708 superessent.
1243 661 1384 709 Itaque
1414 663 1511 697 urbe
1536 661 1594 700 a?

143 731 427 768 defensoribus
444 736 557 767 vasta
576 731 692 768 facile
710 730 826 779 potiti
845 731 982 767 hostes
1002 735 1114 774 sunt;
1133 743 1203 767 arx
1219 735 1375 767 tantum
1388 738 1558 772 retenta,

142 804 183 839 in
215 814 335 851 quam
367 802 471 838 inter
501 802 712 838 tumultum
746 784 875 849 captae
908 801 1015 837 urbis
1049 813 1070 836 e
1096 801 1232 837 media
1256 803 1369 838 caede
1395 802 1559 850 quidam

142 873 333 922 effugere.
410 872 463 908 Et
503 871 731 909 Locrenses
771 871 979 908 descivere
1019 871 1072 907 ad
1105 870 1280 908 Bruttios
1312 872 1596 921 Poenosque&

142 943 305 992 prodita
335 942 590 979 multitudine
623 955 647 978 a
678 942 938 991 principibus.
1002 942 1148 990 Regini
1181 943 1466 979 tantummodo
1499 944 1599 982 rte-9

141 1013 275 1062 gionis
314 1013 400 1049 eius
443 1019 483 1049 et
514 1013 555 1049 in
587 1013 668 1049 fide
701 1025 798 1061 erga
830 1013 1040 1047 Romanos
1073 1017 1113 1048 et
1144 1013 1357 1060 potestatis
1391 1025 1472 1049 suae
1505 1014 1560 1049 ad

143 1083 321 1119 ultimum
359 1089 606 1119 manserunt.
684 1083 730 1119 In
763 1082 936 1119 Siciliam
975 1094 1138 1130 quoque
1172 1084 1318 1119 eadem
1350 1083 1557 1120 inclinatio
1578 1083 1630 1123 10

142 1154 367 1191 animorum
400 1154 595 1202 pervenit,
630 1160 670 1190 et
701 1166 753 1190 ne
786 1154 934 1189 domus
967 1153 1133 1200 quidem
1166 1152 1357 1189 Hieronis
1390 1158 1476 1190 tota
1508 1155 1558 1190 ab

142 1224 375 1261 defectione
406 1224 611 1261 abstinuit.
674 1224 859 1272 Namque
893 1222 1012 1268 Gelo,
1052 1223 1249 1260 maximus
1282 1224 1428 1272 stirpis,
1462 1236 1559 1260 con-
1579 1225 1625 1263 11

142 1301 296 1344 tempta
320 1295 435 1332 simul
459 1300 668 1331 senectute
691 1295 828 1343 patris,
857 1294 972 1331 simul
996 1300 1090 1342 post
1115 1293 1376 1330 Cannensem
1401 1295 1559 1330 cladem

141 1365 330 1402 Romana
361 1365 569 1409 societate,
604 1366 659 1401 ad
682 1365 833 1401 Poenos
867 1365 1030 1409 defecit,
1065 1365 1338 1412 movissetque
1362 1365 1404 1401 in
1428 1365 1560 1401 Sicilia
1581 1364 1630 1404 12

141 1448 218 1480 res,
250 1436 328 1473 nisi
351 1447 460 1472 mors
485 1437 592 1472 adeo
618 1441 862 1485 opportuna,
897 1441 939 1471 ut
961 1443 1115 1484 patrem
1141 1447 1304 1483 quoque
1329 1436 1559 1484 suspicione

142 1512 388 1555 aspergeret,
441 1512 665 1543 armantem
713 1519 804 1542 eum
851 1506 1149 1542 multitudinem
1196 1505 1559 1554 sollicitantemque

142 1576 277 1613 socios
310 1577 613 1625 absumpsisset.
676 1576 776 1615 Haec
809 1590 859 1613 eo
893 1589 1003 1613 anno
1036 1577 1077 1612 in
1109 1575 1236 1619 Italia,
1270 1575 1311 1611 in
1337 1576 1484 1620 Africa,
1519 1575 1629 1615 inl&

143 1647 288 1692 Sicilia,
321 1647 362 1683 in
394 1647 593 1695 Hispania
626 1648 736 1684 vario
770 1653 914 1683 eventu
948 1652 1052 1684 acta.

261 1717 379 1754 Exitu
410 1718 506 1754 anni
540 1718 590 1764 Q.
618 1719 765 1754 Fabius
790 1717 990 1754 Maximus
1023 1730 1047 1753 a
1079 1722 1222 1753 senatu
1254 1716 1484 1765 postulavit,
1519 1722 1561 1752 ut

143 1789 274 1824 aedem
314 1787 485 1825 Veneris
518 1788 715 1837 Erycinae,
760 1801 881 1837 quam
922 1789 1096 1824 dictator
1133 1787 1320 1830 vovisset,
1367 1786 1559 1822 dedicare

142 1858 290 1895 liceret.
323 1859 496 1896 Senatus
515 1860 704 1904 decrevit,
724 1864 766 1895 ut
779 1859 842 1896 Ti.
857 1859 1131 1907 Sempronius,
1151 1857 1292 1894 consul
1308 1857 1558 1905 designatus,
1578 1857 1631 1896 14

142 1939 263 1976 quum
305 1928 503 1966 honorem
541 1930 695 1974 inisset,
735 1930 790 1965 ad
831 1930 1027 1978 populum
1060 1929 1192 1973 ferret,
1233 1934 1276 1964 ut
1308 1927 1358 1973 Q.
1392 1927 1560 1964 Fabium

142 1998 392 2036 duumvirum
430 2012 521 2037 esse
558 2001 744 2037 iuberent
782 2001 881 2037 aedis
921 2000 1166 2036 dedicandae
1206 2010 1340 2036 causa.
1420 1998 1472 2034 Et
1503 1997 1559 2034 M.
1580 1997 1632 2038 15

140 2068 304 2105 AEmilio
336 2069 511 2118 Lepido,
554 2071 620 2119 qui
661 2071 721 2107 bis
760 2071 903 2107 consul
941 2082 1149 2119 augurque
1183 2069 1325 2114 fuerat,
1366 2069 1432 2105 filii
1465 2074 1557 2115 tres,

140 2137 302 2183 Lucius,
345 2139 520 2185 Marcus,
565 2141 752 2187 Quintus,
797 2142 916 2178 ludos
960 2141 1150 2177 funebres
1193 2152 1264 2189 per
1308 2140 1483 2176 triduum
1524 2146 1563 2176 et

140 2209 411 2257 gladiatorum
444 2211 557 2259 paria
589 2212 673 2248 duo
706 2216 746 2247 et
777 2211 916 2260 viginti
939 2211 981 2248 in
1006 2211 1095 2248 foro
1124 2211 1340 2247 dederunt.
1404 2210 1560 2246 AEdiles
1580 2211 1630 2249 lb'

141 2280 297 2317 curules
340 2280 386 2317 C.
429 2281 626 2318 Laetorius
669 2288 709 2318 et
747 2282 810 2319 Ti.
851 2282 1113 2330 Sempronius
1153 2280 1376 2325 Gracchus,
1421 2281 1563 2316 consul

142 2350 393 2399 designatus,
434 2352 501 2400 qui
532 2352 573 2388 in
607 2353 797 2389 aedilitate
829 2353 1020 2401 magister
1053 2353 1231 2400 equitum
1266 2352 1408 2395 fuerat,
1442 2351 1562 2387 ludos

141 2421 353 2458 Romanos
382 2421 576 2468 fecerunt,
609 2423 677 2471 qui
704 2435 776 2471 per
803 2423 976 2459 triduum
1004 2423 1214 2459 instaurati
1242 2426 1346 2458 sunt.
1411 2421 1629 2461 Plebeii17

141 2491 226 2527 ludi
263 2492 438 2529 aedilium
478 2493 534 2529 M.
574 2493 723 2529 Aurelii
757 2492 889 2530 Cottae
929 2499 969 2529 et
1000 2493 1057 2530 M.
1092 2492 1251 2529 Claudii
1284 2491 1465 2528 Marcelli
1505 2498 1562 2527 ter

140 2561 364 2599 instaurati.

261 2631 516 2669 Circumacto
556 2633 673 2669 tertio
713 2645 824 2670 anno
864 2633 1003 2671 Punici
1043 2633 1149 2677 belli,
1194 2633 1257 2669 Ti.
1298 2632 1631 2682 Semproniuslss
