1789 2955
122 2081 155 2123 4

235 121 316 161 174
656 119 758 149 Liber
783 118 907 149 XXIV.
953 117 1007 160 (A.
1027 129 1057 148 u.
1078 128 1104 149 c.
1124 117 1218 160 539.)

231 259 312 286 tum
339 251 508 287 naturali
534 251 743 298 quondam
767 249 932 293 munita,
959 255 1104 298 postea
1132 256 1172 286 et
1188 262 1302 286 muro
1321 250 1452 288 cincta
1470 257 1542 295 est,
1569 264 1648 299 qua

231 333 300 369 per
341 332 502 357 aversas
542 333 661 369 rupes
702 320 752 355 ab
786 318 984 367 Dionysio
1018 320 1160 357 Siciliae
1199 327 1370 369 tyranno
1404 333 1476 369 per
1508 322 1649 358 dolum

191 391 359 430 &fuerat
383 397 515 439 capta.
580 390 640 427 Ea
665 396 747 426 tum
772 401 876 434 arce,
911 391 1020 434 satis,
1054 396 1097 426 ut
1121 391 1344 435 videbatur,
1379 397 1476 436 tuta,
1504 391 1647 429 Croto-

230 462 381 497 niatum
406 461 622 509 optimates
647 461 842 496 tenebant
865 472 921 505 se,
947 461 1268 496 circumsedente
1288 473 1377 497 cum
1395 461 1557 499 Bruttiis
1575 475 1648 499 eos

167 531 217 571 10
230 532 352 567 etiam
384 532 503 580 plebe
537 543 622 567 sua.
686 531 897 567 Postremo
922 530 1076 575 Bruttii,
1111 542 1233 578 quum
1259 531 1339 568 suis
1364 532 1510 569 viribus
1537 533 1647 569 inex—

229 602 487 650 pugnabilem
512 600 697 637 viderent
720 613 866 645 arcem,
893 602 1024 638 coacti
1042 601 1286 637 necessitate
1304 601 1522 639 Hannonis
1540 604 1649 640 auxi—

164 674 208 711 11
228 674 321 709 lium
348 673 579 721 implorant.
634 672 671 708 Is
700 672 1012 708 condicionibus
1040 672 1094 707 ad
1122 672 1375 708 deditionem
1405 674 1652 721 compellere

228 744 488 779 Crotoniatas
517 749 701 787 conatus,
730 748 773 778 ut
801 742 1003 779 coloniam
1029 741 1272 778 Bruttiorum
1297 754 1347 778 eo
1374 744 1524 780 deduci
1548 745 1647 780 anti-

227 826 429 861 quamque
458 813 724 861 frequentiam
751 814 931 861 recipere
961 818 1117 848 vastam
1145 825 1191 849 ac
1221 814 1423 849 desertam
1449 814 1561 851 bellis
1588 827 1648 850 ur—

228 886 318 920 bem
366 889 611 932 paterentur,
662 884 841 919 omnium
889 884 1093 919 neminem
1141 890 1284 931 praeter
1321 883 1648 921 Aristomachum

163 954 362 994 152m0vit.
418 954 635 991 Morituros
661 966 703 990 se
727 953 984 990 affirmabant
1001 954 1130 998 citius,
1162 966 1283 1002 quam
1299 954 1466 990 immixti
1486 954 1648 992 Bruttiis

225 1026 265 1061 in
291 1026 446 1061 alienos
471 1025 582 1069 ritus,
610 1036 744 1061 mores
770 1025 962 1072 legesque
986 1036 1034 1060 ac
1058 1036 1152 1060 mox
1174 1025 1353 1073 linguam
1379 1025 1499 1061 etiam
1519 1032 1646 1062 verte-

162 1095 210 1135 13
225 1101 372 1132 rentur.
438 1095 740 1131 Aristomachus
765 1107 881 1138 unus,
916 1095 1084 1142 quando
1109 1107 1185 1131 nec
1210 1095 1427 1131 suadendo
1452 1096 1508 1131 ad
1533 1096 1649 1132 dedi-

226 1167 380 1202 tionem
404 1166 499 1202 satis
524 1166 683 1201 valebat
708 1178 795 1209 nec,
826 1166 927 1201 sicut
954 1165 1094 1200 urbem
1117 1165 1368 1213 prodiderat,
1399 1166 1533 1203 locum
1557 1179 1650 1215 pro—

161 1236 210 1276 14
225 1237 374 1272 dendae
400 1237 501 1272 arcis
526 1237 771 1280 inveniebat,
797 1235 1010 1284 transfugit
1037 1236 1092 1271 ad
1111 1234 1373 1272 Hannonem.
1421 1236 1650 1274 Locrenses

226 1307 333 1343 brevi
360 1312 454 1355 post
482 1307 615 1355 legati⁷
645 1319 766 1354 quum
791 1307 985 1355 permissu
1016 1305 1231 1342 Hannonis
1255 1318 1390 1343 arcem
1417 1308 1647 1354 intrassent,

226 1378 486 1425 persuadent,
536 1383 578 1412 ut
624 1377 779 1413 traduci
827 1390 870 1414 se
912 1377 1068 1414 Locros
1117 1382 1349 1424 paterentur
1391 1391 1467 1415 nec
1514 1380 1649 1416 ultima

159 1449 210 1487 15
234 1448 403 1496 experiri
430 1447 594 1491 vellent;
629 1460 721 1483 nam
753 1448 830 1484 hoc
854 1453 896 1483 ut
918 1448 993 1483 sibi
1018 1448 1166 1490 liceret,
1200 1448 1513 1496 impetraverant
1537 1451 1573 1485 ei
1598 1451 1649 1486 ab

226 1518 477 1562 Hannibale,
511 1518 642 1554 missis
675 1519 728 1553 ad
761 1519 803 1553 id
835 1518 966 1566 ipsum
999 1518 1154 1566 legatis.
1218 1518 1276 1554 Ita
1303 1518 1483 1555 Crotone
1513 1532 1651 1557 exces-

225 1602 312 1625 sum
336 1594 410 1633 est,
440 1589 688 1636 deductique
707 1587 956 1624 Crotoniatae
981 1589 1035 1624 ad
1061 1601 1171 1624 mare
1196 1601 1319 1626 naves
1344 1591 1648 1635 conscendunt;

223 1660 378 1696 Locros
417 1659 548 1695 omnis
582 1659 797 1695 multitudo
831 1659 996 1695 abeunt.

157 1731 207 1769 145
346 1730 392 1766 In
416 1730 561 1778 Apulia
588 1743 638 1765 ne
663 1730 790 1766 hiems
815 1730 979 1777 quidem
1005 1730 1140 1778 quieta
1164 1731 1267 1766 inter
1290 1731 1502 1767 Romanos
1527 1737 1647 1780 atque

228 1801 501 1838 Hannibalem
521 1806 618 1836 erat.
660 1800 839 1837 Luceriae
857 1800 1120 1849 Sempronius
1139 1801 1293 1845 consul,
1313 1801 1519 1837 Hannibal
1538 1802 1648 1838 haud

159 1871 207 1910 17
228 1872 368 1920 procul
386 1872 504 1920 Arpis
529 1871 780 1906 hibernabat.
829 1870 938 1906 Inter
962 1883 1034 1907 eos
1062 1871 1164 1906 levia
1187 1872 1329 1919 proelia
1353 1883 1401 1907 ex
1427 1873 1648 1909 occasione

220 1948 289 1978 aut
312 1942 616 1990 opportunitate
642 1941 757 1976 huius
789 1947 857 1976 aut
880 1941 982 1977 illius
1007 1942 1131 1989 partis
1150 1942 1395 1985 oriebantur,
1424 1942 1647 1990 meliorque

220 2014 277 2049 eis
302 2014 511 2048 Romanus
545 2017 584 2046 et
617 2012 657 2047 in
690 2012 778 2047 dies
813 2011 968 2047 cautior
1000 2012 1204 2059 tutiorque
1237 2012 1288 2048 ab
1321 2006 1646 2049 insidiis‘fiebat.

334 2082 379 2118 In
422 2082 555 2117 Sicilia
600 2082 794 2117 Romanis
843 2082 985 2118 omnia
1033 2089 1257 2118 mutaverat
1304 2094 1412 2119 mors
1456 2082 1647 2120 Hieronis

219 2165 467 2203 regnumque
493 2152 548 2188 ad
566 2151 859 2199 Hieronymum
877 2158 1072 2200 nepotem
1091 2154 1176 2190 eius
1195 2154 1445 2197 translatum,
1475 2166 1644 2202 puerum

176 2224 202 2263 2
217 2225 378 2260 vixdum
393 2223 631 2266 libertatem,
646 2224 796 2259 nedum
810 2223 1133 2259 dominationem
1146 2224 1308 2260 modice
1318 2225 1419 2259 latur
1427 2235 1507 2260 um.
1541 2224 1645 2260 Eam

218 2300 390 2338 aetatem,
424 2294 467 2329 id
498 2293 705 2341 ingenium
738 2299 890 2330 tutores
924 2299 1045 2342 atque
1079 2295 1196 2330 amici
1223 2295 1278 2329 ad
1299 2293 1644 2342 praecipitandum

216 2367 256 2401 in
291 2365 428 2400 omnia
459 2348 553 2399 yitia
585 2370 843 2412 acceperunt.
917 2364 1018 2410 Quae
1052 2365 1108 2400 ita
1142 2364 1272 2400 futura
1305 2375 1475 2400 cernens
1514 2363 1640 2400 Hiero

217 2435 353 2471 ultima
386 2439 552 2470 senecta
584 2434 757 2470 voluisse
790 2434 934 2470 dicitur
966 2434 1112 2470 liberas
1141 2434 1361 2482 Syracusas
1396 2433 1642 2481 relinquere,

215 2517 266 2541 ne
297 2505 370 2541 sub
399 2505 610 2540 dominatu
640 2504 779 2552 puerili
808 2515 879 2552 per
909 2504 1122 2539 ludibrium
1154 2504 1272 2540 bonis
1302 2503 1454 2540 artibus
1483 2509 1641 2552 partum

174 2576 199 2615 3
214 2576 498 2622 firmatumque
522 2574 700 2610 interiret
722 2585 903 2622 regnum.
952 2573 1056 2610 Huic
1083 2574 1254 2610 consilio
1280 2573 1365 2609 eius
1384 2585 1540 2610 summa
1560 2585 1641 2622 ope

214 2646 406 2682 obstitere
439 2645 539 2689 filiae,
585 2656 736 2681 nomen
767 2644 919 2692 regium
953 2656 1080 2693 penes
1113 2655 1282 2692 puerum
1316 2643 1493 2679 futurum
1526 2649 1637 2689 ratae,
