1789 2955
268 111 321 149 68
642 106 757 141 Liber
782 104 951 141 XXVII.
1001 106 1063 149 (A.
1089 117 1124 139 u.
1150 116 1179 139 c.
1207 106 1298 147 545.)

268 234 438 284 captivis
456 237 658 283 comperta
674 233 722 270 iis
739 233 820 270 fere
838 232 1109 281 congruentia,
1135 243 1223 280 quae
1248 231 1288 268 in
1305 231 1453 268 litteris
1469 232 1627 268 fuerant
1641 231 1697 268 M.

267 305 424 343 Valerii
449 305 660 342 Messallae.
706 304 882 341 Maxime
909 304 1032 341 movit
1057 306 1190 352 patres
1216 302 1487 340 Hasdrubalis
1505 303 1698 340 transitus

229 381 254 416 4
274 378 315 414 in
331 377 504 424 Italiam,
534 377 602 414 vix
620 376 842 414 Hannibali
869 378 989 425 atque
1007 375 1092 412 eius
1119 373 1239 411 armis
1271 374 1538 411 obsistentem.
1599 374 1697 412 Pro-

269 449 412 486 ductus
444 452 482 485 et
512 449 553 485 in
586 448 810 485 contionem
843 447 994 485 Laelius
1025 446 1163 483 eadem
1187 445 1414 484 edisseruit.
1461 443 1630 482 Senatus
1648 446 1698 482 ob

265 533 327 558 res
358 520 531 557 feliciter
556 533 578 557 a
605 519 650 556 P.
671 518 858 569 Scipione
884 522 1014 567 gestas
1039 517 1373 567 supplicationem
1398 517 1438 553 in
1454 530 1575 554 unum
1594 517 1698 554 diem

268 591 464 637 decrevit,
511 591 553 628 C.
599 591 768 628 Laelium
814 591 942 641 primo
983 602 1140 638 quoque
1185 590 1382 637 tempore,
1427 601 1515 625 cum
1554 589 1700 638 quibus

227 662 434 701 5venerat
464 663 642 709 navibus,
675 663 805 699 redire
838 662 878 698 in
909 660 1149 710 Hispaniam
1190 659 1316 696 iussit.
1355 682 1410 686 ——
1442 659 1699 709 Carthaginis

267 734 604 783 expugnationem
629 734 669 770 in
686 734 790 771 hunc
815 746 959 771 annum
984 732 1133 769 contuli
1159 731 1294 768 multis
1320 731 1561 778 auctoribus,
1591 731 1699 769 haud

268 806 438 852 nescius,
458 806 650 855 quosdam
683 818 777 852 esse,
810 805 879 854 qui
910 817 1012 841 anno
1031 803 1256 852 insequenti
1274 805 1429 852 captam
1446 802 1699 850 tradiderint,

225 878 247 914 6
267 877 373 926 quod
401 877 499 914 mihi
530 878 658 914 minus
685 877 815 914 simile
840 876 926 913 veri
951 876 1079 913 visum
1104 878 1174 924 est,
1207 888 1353 911 annum
1384 874 1584 923 integrum
1616 873 1699 912 Sci·

265 949 428 998 pionem
459 949 561 985 nihil
591 948 770 997 gerundo
803 948 843 984 in
874 947 1075 996 Hispania
1106 946 1409 995 consumpsisse.

222 1018 244 1030 ,-

61 1073 89 1098 A
228 1028 240 1053 Ι
379 1020 425 1067 Q.
457 1020 583 1058 Fabio
614 1021 791 1058 Maximo
824 1019 1028 1068 quintum,
1075 1019 1122 1066 Q
1160 1018 1304 1055 Fulvio
1335 1018 1480 1055 Flacco
1514 1021 1698 1068 quartum

92 1092 98 1098 .
118 1081 146 1099 u.
165 1082 189 1099 c.
206 1076 265 1099 545.

70 1118 107 1144 A.
128 1118 179 1144 Ch,
199 1121 257 1145 209⁴
270 1092 512 1141 consulibus,
532 1091 668 1129 idibus
692 1092 866 1137 Martiis,
885 1104 963 1140 quo
991 1089 1054 1127 die
1078 1090 1355 1138 magistratum
1371 1090 1560 1136 inierunt,
1578 1089 1700 1126 Italia

267 1163 461 1200 ambobus
487 1164 693 1213 provincia
728 1163 907 1209 decreta3
940 1162 1175 1211 regionibus
1200 1165 1331 1199 tamen
1357 1162 1549 1212 partitum
1578 1162 1699 1210 impe-

267 1235 386 1271 rium:
419 1234 571 1272 Fabius
596 1235 645 1271 ad
662 1234 889 1281 Tarentum,
918 1234 1089 1271 Fulvius
1115 1234 1154 1270 in
1170 1234 1344 1271 Lucanis
1367 1247 1411 1270 ac
1428 1233 1601 1270 Bruttiis
1616 1246 1700 1270 rem

223 1307 432 1354 Sgereret.
479 1306 533 1343 M.
567 1306 736 1344 Claudio
776 1309 1035 1356 prorogatum
1066 1306 1105 1342 in
1138 1319 1283 1342 annum
1314 1306 1536 1354 imperium.
1589 1305 1699 1342 Prae-

266 1380 371 1414 tores
411 1378 544 1414 sortiti
585 1378 832 1428 provincias,
874 1377 916 1416 C,
958 1377 1157 1414 Hostilius
1196 1377 1376 1414 Tubulus
1407 1378 1621 1423 urbanam,
1652 1376 1698 1413 L.

266 1449 462 1487 Veturius
480 1449 601 1487 Philo
627 1451 874 1499 peregrinam
904 1462 990 1486 cum
1019 1447 1164 1495 Gallia,
1197 1448 1240 1485 T.
1261 1449 1470 1496 Quinctius
1489 1448 1699 1498 Crispinus

225 1522 247 1558 9
267 1520 455 1571 Capuam,
488 1521 532 1560 C.
557 1520 858 1558 Aurunculeius
884 1520 1122 1558 Sardiniam.
1175 1520 1387 1557 Exercitus
1420 1521 1477 1557 ita
1501 1531 1580 1567 per
1610 1533 1698 1569 pro-

265 1593 415 1630 vincias
447 1592 585 1630 divisi:
617 1593 765 1630 Fulvio
799 1593 886 1629 duae
928 1593 1118 1642 legiones,
1157 1606 1254 1641 quas
1290 1593 1331 1629 in
1363 1590 1504 1629 Sicilia
1533 1592 1588 1628 M.
1620 1591 1699 1629 Va-

269 1665 391 1701 lerius
423 1664 609 1701 Laevinus
640 1664 814 1711 haberet,
847 1664 894 1711 Q.
927 1664 1065 1711 Fabio,
1096 1665 1240 1713 quibus
1272 1665 1311 1701 in
1343 1663 1509 1700 Etruria
1540 1663 1582 1700 C.
1609 1663 1699 1700 Cal-

204 1737 252 1773 10
270 1736 438 1785 purnius
463 1736 707 1785 praefuisset3
738 1737 914 1773 urbanus
940 1736 1139 1772 exercitus
1164 1739 1209 1772 ut
1234 1736 1275 1772 in
1290 1735 1494 1772 Etruriam
1517 1734 1698 1772 succede-

267 1810 346 1853 ret3
381 1807 423 1845 C.
451 1807 694 1857 Calpurnius
718 1807 846 1845 eidem
873 1811 1063 1857 praeesset
1085 1807 1302 1857 provinciae
1329 1806 1608 1856 exercituique,
1627 1806 1698 1844 Ca-

266 1892 385 1929 puam
403 1880 712 1928 exercitumque,
730 1893 843 1928 quem
862 1880 909 1926 Q.
928 1879 1095 1916 Fulvius
1109 1879 1324 1925 habuisset,
1341 1878 1386 1916 Τ.
1399 1878 1612 1925 Quinctius
1631 1878 1698 1915 ob-

199 1953 245 1989 li
265 1951 431 1997 tineret3
465 1951 717 1988 C.Hostilius
735 1951 784 1989 ab
804 1951 846 1988 C.
864 1951 1040 1988 Laetorio
1058 1954 1301 2000 propraetore
1321 1950 1571 2000 provinciam
1590 1963 1698 1987 exer-

268 2022 479 2071 citumque,
514 2023 582 2072 qui
599 2026 684 2059 tum
703 2023 882 2060 Arimini
900 2025 997 2068 erat,
1016 2023 1225 2072 acciperet.
1256 2022 1310 2059 M.
1329 2022 1534 2068 Marcello,
1553 2021 1699 2070 quibus

202 2096 248 2132 12
268 2094 405 2130 consul
445 2107 528 2130 rem
560 2098 754 2142 gesserat,
798 2094 976 2142 legiones
1008 2094 1192 2140 decretae3
1239 2094 1295 2131 M.
1330 2094 1496 2131 Valerio
1536 2107 1622 2130 cum
1652 2093 1699 2130 L.

269 2163 408 2202 Cincio
441 2165 505 2213 (iis
537 2179 694 2215 quoque
722 2167 825 2203 enim
852 2169 1110 2215 prorogatum
1137 2166 1177 2202 in
1196 2165 1334 2203 Sicilia
1350 2165 1579 2215 imperium)
1598 2164 1697 2202 Can-

269 2235 401 2273 nensis
433 2237 630 2273 exercitus
663 2237 790 2281 datus,
824 2251 989 2286 eumque
1022 2238 1207 2286 supplere
1235 2250 1282 2274 ex
1308 2237 1520 2282 militibus,
1552 2236 1621 2285 qui
1652 2249 1699 2273 ex

194 2310 242 2346 13
262 2307 495 2356 legionibus
521 2307 591 2346 Cn.
620 2308 756 2345 Fulvii
776 2312 1037 2357 superessent,
1072 2309 1177 2346 iussi.
1227 2308 1484 2357 Conquisitos
1509 2321 1574 2345 eos
1608 2321 1697 2345 con-

268 2379 374 2416 sules
393 2379 435 2415 in
452 2377 632 2416 Siciliam
651 2379 859 2425 miserunt;
894 2379 1109 2428 additaque
1134 2380 1270 2417 eadem
1295 2380 1449 2417 militiae
1468 2379 1698 2428 ignominia,

267 2451 340 2487 sub
373 2463 451 2499 qua
476 2449 702 2488 Cannenses
733 2450 972 2497 militabant,
1005 2452 1153 2500 quique
1185 2465 1233 2488 ex
1263 2452 1448 2501 praetoris
1475 2450 1543 2487 Cn.
1562 2450 1697 2488 Fulvii

200 2522 249 2558 14
268 2522 444 2558 exercitu
468 2521 517 2558 ob
547 2522 689 2559 similis
714 2522 811 2559 iram
838 2522 942 2570 fugae
973 2523 1082 2559 missi
1115 2536 1159 2560 eo
1185 2523 1234 2560 ab
1267 2526 1407 2560 senatu
1437 2523 1606 2559 fuerant.
1655 2522 1697 2559 C.

268 2592 543 2630 Aurunculeio
577 2593 723 2630 eaedem
756 2593 797 2630 in
830 2592 1018 2630 Sardinia
1051 2594 1238 2641 legiones,
1270 2595 1414 2643 quibus
1447 2594 1493 2632 P.
1519 2593 1695 2630 Manlius

202 2665 250 2702 15
270 2662 398 2700 Vulso
417 2677 501 2700 eam
520 2665 766 2713 provinciam
784 2659 1024 2711 obtinuerat,
1057 2664 1236 2702 decretae.
1283 2665 1329 2702 P.
1348 2664 1527 2714 Sulpicio
1559 2665 1696 2702 eadem
