1789 2955
237 117 320 158 208
656 116 761 147 Liber
782 116 906 147 XXIV.
945 116 1000 159 (A.
1023 127 1054 147 u.
1077 127 1105 148 c.
1127 116 1221 160 540.)

198 245 218 285 7
238 247 397 282 obviam
423 258 680 295 progressum
705 248 899 296 pervenit.
947 247 1032 284 Nec
1057 248 1206 284 diutius
1223 249 1337 285 Poeni
1362 250 1415 285 ad
1434 250 1651 298 Syracusas

236 317 379 353 morati
412 322 522 353 sunt:
557 323 597 353 et
626 317 838 361 Bomilcar,
873 319 986 355 simul
1019 330 1159 366 parum
1192 318 1322 356 fidens
1355 320 1523 357 navibus
1557 321 1650 364 suis,

237 387 386 435 duplici
415 386 531 423 facile
555 400 724 424 numero
750 389 921 425 classem
939 388 1181 424 habentibus
1199 389 1408 434 Romanis,
1436 390 1549 426 simul
1567 391 1653 427 inu-

237 457 292 493 tili
322 469 436 493 mora
460 469 631 494 cernens
654 458 750 494 nihil
776 459 885 494 aliud
913 459 964 494 ab
990 459 1070 495 suis
1094 470 1215 505 quam
1238 459 1419 507 inopiam
1445 462 1654 509 aggravari

197 526 220 565 ὃ
237 528 451 572 sociorum,
500 528 596 564 velis
640 528 680 565 in
725 529 848 564 altum
893 529 998 565 datis
1040 528 1080 564 in
1120 528 1296 564 Africam
1337 531 1566 574 transmisit,
1616 538 1655 568 et

238 597 425 642 Himilco,
466 603 626 634 secutus
660 599 929 647 nequicquam
962 598 1197 635 Marcellum
1230 599 1462 647 Syracusas,
1497 602 1528 637 si
1561 613 1653 649 qua,

237 669 468 716 priusquam
510 668 728 705 maioribus
773 670 901 718 copiis
944 669 1186 716 iungeretur,
1233 670 1397 706 occasio
1444 672 1654 719 pugnandi

238 744 356 782 esset,
392 744 609 786 postquam
643 751 691 774 ea
727 740 834 775 nulla
861 739 1088 787 contigerat
1115 745 1323 787 tutumque
1353 741 1407 776 ad
1438 742 1656 789 Syracusas

198 806 223 845 9
239 814 279 844 et
305 808 556 844 munimento
576 815 615 844 et
632 809 778 846 viribus
798 811 955 846 hostem
974 810 1178 853 cernebat,
1205 823 1251 845 ne
1269 810 1413 847 frustra
1431 812 1655 849 assidendo

238 879 549 927 spectandoque
568 879 827 916 obsidionem
846 880 1047 916 sociorum
1066 884 1225 927 tempus
1238 885 1396 925 tereret,
1416 887 1546 917 castra
1560 883 1656 918 inde

237 948 373 993 movit,
407 955 462 993 ut,
496 960 740 997 quocunque
774 955 961 986 vocasset
989 949 1232 986 defectionis
1258 951 1308 986 ab
1335 952 1524 988 Romano
1549 964 1655 1000 spes,

237 1019 475 1055 admoveret
501 1019 718 1055 exercitum
749 1033 795 1057 ac
821 1032 999 1069 praesens
1025 1032 1117 1056 suas
1142 1032 1204 1056 res
1230 1020 1460 1058 foventibus
1486 1023 1657 1059 adderet

171 1086 223 1126 10
238 1089 408 1126 animos.
458 1089 729 1138 Murgantiam
755 1092 938 1139 primum,
966 1090 1130 1138 prodito
1158 1091 1209 1126 ab
1234 1091 1330 1138 ipsis
1360 1093 1550 1140 praesidio
1576 1093 1657 1128 Ro-

238 1171 375 1203 mano,
409 1160 562 1208 recipit,
597 1161 663 1196 ubi
697 1161 884 1197 frumenti
911 1173 1061 1208 magna
1085 1161 1142 1196 vis
1167 1167 1499 1209 commeatusque
1527 1162 1657 1198 omnis

237 1230 397 1277 generis
431 1231 615 1267 convecti
648 1238 763 1267 erant
794 1231 1003 1267 Romanis.

117 1295 176 1339 37
358 1301 422 1336 Ad
455 1301 560 1336 hanc
593 1301 868 1338 defectionem
901 1302 1023 1338 erecti
1056 1307 1148 1338 sunt
1180 1308 1220 1338 et
1247 1302 1413 1339 aliarum
1442 1303 1657 1339 civitatium

239 1370 374 1414 animi,
404 1371 673 1419 praesidiaque
698 1372 886 1408 Romana
913 1378 982 1407 aut
1008 1372 1260 1420 pellebantur
1290 1373 1449 1410 arcibus
1474 1379 1542 1410 aut
1566 1386 1658 1422 pro-

199 1438 324 1478 2dita
356 1453 427 1488 per
460 1441 644 1477 fraudem
678 1443 1021 1490 opprimebantur.
1094 1442 1254 1487 Henna,
1290 1444 1450 1480 excelso
1484 1444 1576 1480 loco
1609 1456 1656 1481 ac

239 1516 440 1559 praerupto
470 1512 652 1560 undique
681 1513 768 1556 sita,
811 1525 933 1560 quum
961 1513 1053 1549 loco
1081 1512 1405 1561 inexpugnabilis
1435 1520 1531 1558 erat,
1574 1520 1656 1550 tum

239 1581 469 1628 praesidium
497 1582 538 1618 in
567 1595 659 1618 arce
684 1583 859 1619 validum
884 1582 1199 1631 praefectumque
1224 1584 1399 1631 praesidii
1425 1585 1534 1620 haud
1557 1597 1656 1621 sane

199 1649 224 1688 :3
240 1657 515 1699 opportunum
539 1652 824 1690 insidiantibus
849 1654 1039 1689 habebat.
1088 1652 1134 1690 L.
1153 1653 1334 1690 Pinarius
1359 1660 1456 1698 erat,
1487 1656 1542 1690 vir
1565 1667 1657 1691 acer

239 1727 278 1757 et
307 1722 372 1768 qui
402 1723 490 1770 plus
518 1723 559 1758 in
587 1735 651 1767 eo,
686 1736 737 1759 ne
765 1731 906 1772 posset
934 1723 1081 1772 decipi,
1117 1735 1238 1771 quam
1265 1724 1306 1760 in
1329 1724 1409 1761 fide
1435 1725 1658 1762 Siculorum

239 1797 456 1839 reponeret
465 1803 474 1835 ;
509 1798 549 1829 et
572 1798 655 1829 tum
679 1794 940 1830 intenderant
964 1806 1057 1830 eum
1081 1795 1135 1830 ad
1160 1795 1331 1831 cavendi
1357 1796 1495 1832 omnia
1521 1808 1658 1832 curam

239 1867 300 1897 tot
323 1862 472 1898 auditae
495 1863 751 1911 proditiones
776 1864 1111 1912 defectionesque
1137 1865 1292 1900 urbium
1310 1871 1351 1901 et
1368 1866 1505 1902 clades
1524 1866 1658 1914 praesi·

198 1929 225 1969 4
240 1931 412 1968 diorum.
460 1932 601 1981 Itaque
627 1934 688 1969 die
711 1946 755 1969 ac
778 1940 900 1970 nocte
922 1934 1031 1970 iuxta
1057 1940 1198 1982 parata
1221 1935 1496 1983 instructaque
1521 1936 1658 1972 omnia

241 2002 436 2038 custodiis
468 2015 516 2039 ac
549 2004 689 2051 vigiliis
722 2009 849 2048 erant,
882 2016 958 2040 nec
993 2005 1043 2040 ab
1077 2005 1197 2041 armis
1230 2011 1299 2041 aut
1326 2006 1418 2042 loco
1443 2018 1517 2043 suo
1545 2007 1658 2043 miles

199 2069 503 2109 5abscedebat.
553 2073 678 2118 Quod
703 2074 768 2109 ubi
787 2073 1069 2110 Hennensium
1092 2075 1307 2123 principes,
1332 2076 1412 2112 iam
1438 2077 1544 2125 pacti
1569 2089 1659 2113 cum

241 2141 471 2179 Himilcone
489 2143 542 2178 de
559 2143 792 2191 proditione
809 2144 997 2193 praesidii,
1025 2145 1408 2191 animadverterunt,
1427 2147 1522 2183 nulli
1540 2159 1659 2184 occa—

201 2210 226 2247 (3
243 2212 346 2248 sioni
372 2212 523 2249 fraudis
541 2213 771 2250 Romanum
796 2220 949 2262 patere,
976 2216 1110 2263 palam
1135 2221 1220 2251 erat
1237 2217 1457 2264 agendum.
1506 2217 1657 2253 Urbem

242 2294 457 2330 arcemque
490 2295 571 2320 suae
600 2285 813 2331 potestatis
838 2285 950 2321 aiunt
973 2286 1124 2321 debere
1150 2298 1253 2330 esse,
1285 2286 1316 2322 si
1340 2286 1452 2323 liberi
1470 2287 1511 2323 in
1530 2287 1659 2323 socie-

243 2358 380 2396 tatem,
408 2365 492 2389 non
522 2354 623 2389 servi
646 2353 686 2390 in
705 2354 935 2391 custodiam
953 2356 1087 2391 traditi
1106 2362 1242 2392 essent
1260 2357 1468 2393 Romanis.
1518 2356 1658 2404 Itaque

204 2421 225 2460 7
244 2423 375 2460 claves
400 2429 606 2472 portarum
630 2425 748 2460 reddi
772 2425 845 2460 sibi
871 2437 1027 2473 aequum
1047 2433 1234 2463 censent:
1262 2427 1379 2463 bonis
1398 2426 1518 2463 sociis
1536 2427 1657 2463 fidem

244 2505 357 2529 suam
382 2494 598 2530 maximum
622 2495 821 2531 vinculum
847 2507 951 2539 esse,
983 2501 1022 2531 et
1045 2496 1100 2532 ita
1125 2496 1198 2532 sibi
1216 2497 1410 2544 populum
1429 2497 1658 2533 Romanum

244 2569 509 2612 senatumque
533 2565 683 2612 gratias
707 2565 946 2609 habiturum,
973 2566 1004 2601 si
1028 2566 1210 2603 volentes
1228 2578 1274 2603 ac
1293 2578 1378 2602 non
1397 2567 1527 2603 coacti
1545 2579 1658 2603 man-

202 2632 226 2671 8
243 2634 389 2670 sissent
419 2634 460 2670 in
492 2635 680 2671 amicitia.
744 2636 808 2671 Ad
836 2648 884 2672 ea
910 2636 1118 2673 Romanus
1146 2648 1189 2673 se
1216 2637 1257 2672 in
1282 2636 1471 2685 praesidio
1495 2637 1659 2685 imposi-
