1789 2955
268 70 347 108 170
653 66 770 101 Liber
795 65 987 101 XXVIII.
1035 65 1097 108 (A.
1124 77 1159 100 u.
1185 77 1215 102 c,
1240 66 1336 110 549.)

264 194 399 232 navali
429 194 633 231 florentem
667 207 748 230 rem
766 193 970 243 publicam
1001 207 1111 230 suam
1145 193 1185 230 in
1207 197 1443 243 perpetuum
1462 195 1702 234 afflixerunt.

115 261 173 309 42
266 266 447 303 Externa
478 270 516 303 et
546 265 664 302 nimis
697 265 863 315 antiqua
894 269 1043 314 repeto.
1103 264 1247 302 Africa
1293 265 1428 303 eadem
1469 267 1545 304 ist-a
1577 269 1616 304 et
1646 266 1700 305 M.

264 338 432 384 Atilius,
463 337 621 386 insigne
639 338 849 387 utriusque
865 338 1035 374 fortunae
1063 337 1297 386 exemplum,
1324 339 1441 376 nobis
1467 339 1703 376 documento

219 409 242 444 2
263 410 352 446 sint.
399 409 459 447 Ne
490 409 580 455 tibi,
612 409 657 446 P.
678 408 848 455 Corneli,
880 422 1003 458 quum
1029 422 1077 445 ex
1109 409 1190 446 alto
1218 409 1399 447 Africam
1433 410 1700 460 conspexeris,

221 481 244 517 3
264 481 381 518 ludus
413 484 452 518 et
483 481 591 518 iocus
623 481 745 518 fuisse
779 480 989 530 Hispaniae
1029 484 1108 517 tuae
1139 481 1396 518 videbuntur.
1458 481 1569 529 Quid
1601 482 1704 518 enim

264 552 423 590 simile?
472 552 624 590 Pacato
656 553 756 589 mari
772 557 917 602 praeter
936 566 1045 590 oram
1069 552 1200 589 Italiae
1219 552 1443 602 Galliaeque
1459 556 1596 590 vectus
1612 553 1704 590 Em-

263 624 410 674 porias,
438 624 479 661 in
496 625 635 662 urbem
653 625 862 670 sociorum⁷
897 625 1061 662 classem
1087 625 1300 674 appulisti3
1333 625 1538 674 expositos
1555 625 1705 661 milites

263 710 335 746 per
379 697 582 734 tutissima
629 697 762 734 omnia
807 698 857 734 ad
904 696 1033 733 socios
1080 701 1120 733 et
1164 696 1310 734 amicos
1357 697 1495 746 populi
1535 697 1707 734 Romani

219 768 530 806 4Tarracone1n
563 768 734 814 duxistig
768 768 818 805 ab
851 769 1078 805 Tarracone
1119 768 1262 805 deinde
1304 768 1381 805 iter
1411 782 1482 818 per
1513 768 1708 818 praesidia

263 840 465 887 Romana3
499 841 605 878 circa
636 840 837 878 Hiberum
871 841 1068 877 exercitus
1108 840 1234 889 patris
1272 840 1486 889 patruique
1517 841 1588 887 tui,
1618 844 1708 890 post

219 910 241 948 5
260 913 423 949 amissos
470 913 732 961 imperatores
763 914 977 950 ferociores
1018 913 1244 949 calamita-te
1275 913 1362 961 ipsa
1393 912 1510 958 facti,
1542 916 1580 949 et
1625 912 1706 949 dux

263 984 550 1021 tumultuarius
582 985 744 1033 quidem
778 985 849 1022 ille
881 984 927 1022 L.
953 984 1132 1021 Marcius
1165 988 1203 1021 et
1233 985 1400 1022 militari
1433 983 1622 1032 suffragio
1655 984 1733 1022 ad.

265 1059 421 1105 tempus
437 1056 575 1102 lectus,
608 1059 792 1102 ceterum,
810 1056 843 1093 si
860 1056 1052 1093 nobilitas
1083 1069 1126 1093 ac
1154 1057 1250 1093 iusti
1268 1056 1438 1094 honores
1455 1056 1707 1103 adornarent,

269 1128 388 1165 claris
420 1128 728 1177 imperatoribus
760 1129 940 1178 qualibet
971 1132 1055 1165 arte
1101 1129 1202 1166 belli
1233 1142 1325 1178 par3
1371 1132 1604 1178 oppugnat-a
1634 1141 1707 1178 per

264 1212 459 1236 summum
492 1200 616 1236 otium
650 1198 864 1248 Carthago,
896 1199 1008 1237 nullo
1039 1200 1161 1237 trium
1183 1200 1429 1238 Punicorum
1461 1201 1706 1238 exercituum

217 1271 239 1306 6
259 1271 386 1308 socios
406 1271 661 1317 defendente:
690 1275 821 1309 cetera
845 1285 974 1321 neque
1002 1272 1112 1310 elevo
1131 1285 1260 1320 neque
1286 1274 1485 1319 detrecz‘0;
1508 1273 1620 1309 nullo
1646 1275 1705 1310 ta-

262 1356 352 1379 men
370 1343 485 1380 modo
505 1343 648 1380 Africo
666 1343 776 1381 bello
795 1345 1074 1394 comparanda,
1106 1345 1176 1382 ubi
1192 1358 1269 1381 non
1286 1349 1426 1394 portus
1453 1345 1559 1382 ullus
1586 1344 1705 1382 classi

264 1418 409 1452 nostrae
442 1418 617 1464 apertus,
649 1428 729 1452 non
762 1429 857 1464 ager
874 1419 1051 1465 pacatus,
1083 1431 1162 1453 non
1195 1417 1341 1454 civitas
1373 1418 1490 1463 socia,
1523 1431 1604 1454 non
1634 1431 1705 1455 rex

223 1487 244 1521 7
264 1487 426 1533 amicus⁷
458 1501 538 1524 non
570 1487 819 1524 consistendi
849 1501 1016 1537 usquam
1049 1489 1171 1535 locus,
1202 1503 1282 1527 non
1312 1490 1580 1539 procedendi;
1612 1503 1705 1539 qua-

263 1572 418 1608 cunque
466 1560 809 1608 circumspexeris,
853 1559 1018 1596 hostilia
1064 1561 1198 1597 omnia
1243 1565 1362 1610 atque-
1407 1562 1562 1599 infesta.
1637 1562 1705 1599 An

265 1629 442 1680 Syphaci
474 1631 743 1681 Numidisque
776 1632 935 1669 credis?
989 1631 1096 1669 Satis
1128 1634 1191 1680 sit,
1222 1634 1345 1671 semel
1379 1634 1594 1681 creditum3
1625 1647 1705 1671 non

263 1717 419 1753 semper
448 1704 654 1740 temeritas
687 1706 747 1740 est
777 1704 887 1750 felix⁷
920 1707 957 1741 et
988 1704 1097 1741 fraus
1123 1705 1242 1743 fidem
1268 1706 1307 1742 in
1334 1706 1472 1755 parvis
1495 1706 1575 1743 sibi
1605 1719 1704 1755 prae·

263 1776 393 1821 struit,
425 1779 480 1822 ut,
513 1788 634 1825 quum
667 1776 989 1825 operaepretium
1007 1777 1069 1822 sit,
1102 1789 1189 1815 eum
1214 1779 1394 1816 mercede
1419 1792 1563 1827 magna
1579 1779 1702 1816 fallat.

218 1845 242 1882 8
260 1845 350 1883 Non
396 1847 530 1883 hostes
584 1851 740 1896 patrem
786 1851 1054 1898 patruumque
1101 1852 1214 1887 tuum
1261 1851 1380 1888 armis
1426 1851 1540 1900 prius
1585 1863 1703 1900 quam

263 1917 461 1955 Celtiberi
491 1919 588 1955 socii
619 1918 759 1956 fraude
788 1919 1152 1967 circu1nvenerunt;
1184 1936 1256 1959 nec
1286 1923 1363 1959 tibi
1387 1923 1467 1972 ipsi
1491 1922 1702 1970 aMagone

263 1994 301 2025 et
331 1988 598 2036 Hasdrubale,
629 1990 806 2028 hostium
831 1991 1012 2037 ducibus,
1046 1998 1239 2042 quantum
1266 1995 1314 2031 ab
1332 1994 1508 2031 Indibili
1533 1997 1571 2031 et
1588 1993 1702 2030 Man-

217 2062 239 2097 9
261 2059 404 2107 donio,
446 2061 487 2097 in
518 2062 637 2100 fidem
671 2065 857 2112 acceptis,
889 2065 1063 2113 periculi
1099 2066 1186 2103 fuit.
1248 2066 1433 2103 Numidis
1463 2069 1509 2103 tu
1540 2065 1702 2103 credere

262 2137 387 2182 potes,
405 2133 670 2171 defectionem
687 2135 859 2172 militum
876 2140 1036 2173 tuorum
1061 2137 1278 2187 expertus?
1309 2138 1362 2175 Et
1381 2137 1543 2188 Syphax
1560 2140 1600 2174 et
1615 2137 1699 2174 Ma-

262 2204 406 2242 sinissa
423 2219 463 2242 se
490 2219 606 2255 quam
626 2205 976 2256 Carthaginienses
1002 2209 1155 2246 malunt
1178 2214 1362 2259 potentes
1389 2211 1428 2247 in
1444 2210 1588 2247 Africa
1604 2223 1698 2260 esse,

188 2276 239 2313 10
259 2275 616 2326 Carthaginienses
648 2292 766 2327 quam
800 2293 1039 2329 quemquam
1056 2281 1190 2318 alium.
1237 2281 1353 2319 Nunc
1386 2282 1479 2320 illos
1496 2282 1696 2319 aemulatio

261 2348 368 2385 inter
399 2362 438 2386 se
473 2352 511 2385 et
536 2363 670 2387 omnes
696 2363 822 2387 causae
855 2353 1113 2390 certaminum
1142 2357 1302 2400 acuunt,
1337 2355 1432 2404 quia
1457 2354 1598 2403 procul
1631 2367 1695 2391 ex-

258 2424 396 2457 ternus
416 2424 542 2458 metus
560 2426 635 2467 est3
668 2422 834 2460 ostende
851 2423 1032 2461 Romana
1050 2439 1159 2462 arma
1190 2430 1228 2462 et
1258 2426 1476 2463 exercitum
1509 2426 1698 2475 alienige-

261 2505 369 2538 nam;
403 2493 479 2529 iam
505 2494 614 2531 velut
631 2493 681 2530 ad
700 2507 903 2531 commune
929 2496 1258 2545 restinguendum
1283 2497 1512 2534 incendium
1535 2511 1698 2535 concur-

188 2564 232 2600 11
255 2569 357 2601 rent.
434 2565 572 2602 Aliter
618 2566 746 2603 eidem
795 2566 857 2602 illi
890 2566 1244 2616 Carthaginienses
1275 2568 1514 2618 Hispaniam
1562 2569 1698 2606 defen-

260 2635 417 2682 derunt,
463 2636 582 2674 aliter
627 2638 774 2675 moenia
805 2638 959 2687 patriae,
1004 2639 1154 2689 templa
1200 2639 1336 2687 deum,
1383 2654 1473 2678 aras
1520 2644 1560 2678 et
1588 2641 1697 2679 focos
