1789 2955
241 105 324 146 216
660 103 765 135 Liber
788 104 912 135 xxrv.
947 102 1002 146 (A.
1027 114 1058 135 u.
1080 113 1106 135 e.
1130 102 1224 145 541.)

240 247 317 283 que
354 235 396 271 in
434 234 532 271 alias
570 234 689 279 lecto,
729 234 959 284 priusquam
993 237 1044 272 ab
1077 237 1174 273 urbe
1205 242 1426 281 moverent,
1466 237 1655 286 prodigia

199 303 515 355 Sprocurarunt,
557 317 644 353 quae
683 306 867 342 nuntiata
905 312 1031 343 erant.
1095 307 1233 344 Murus
1272 319 1319 344 ac
1351 312 1469 355 porta
1501 307 1653 345 Caietae

239 383 279 412 et
309 376 450 413 Ariciae
484 376 604 412 etiam
637 376 741 413 Iovis
774 377 884 413 aedes
916 378 970 413 de
1002 378 1100 414 caelo
1133 382 1242 414 tacta
1274 377 1415 414 suerat.
1493 378 1544 414 Et
1575 379 1652 414 alia

239 446 410 483 ludibria
441 446 647 483 oculorum
681 447 915 495 auriumque
950 448 1104 484 credita
1127 459 1200 495 pro
1225 448 1346 484 veris:
1379 448 1539 484 navium
1564 449 1652 484 lon-

238 528 378 566 garum
407 517 563 565 species
591 517 631 552 in
657 516 819 553 flumine
843 517 1088 561 Tarracinae,
1117 529 1206 565 quae
1229 518 1347 555 nullae
1375 523 1502 562 erant,
1531 518 1649 562 visas,

239 592 278 624 et
301 587 342 624 in
359 588 464 624 Iovis
483 587 642 623 Vicilini
666 588 832 636 templo,
859 588 971 635 quod
996 588 1036 624 in
1055 587 1292 636 Compsano
1317 599 1416 637 agro
1442 593 1515 632 est,
1542 600 1653 625 arma

198 654 223 693 9
239 658 538 706 concrepuisse,
565 663 605 694 et
626 658 775 695 flumen
793 658 988 694 Amiterni
1015 663 1223 694 cruentum
1248 659 1420 699 fluxisse.
1469 658 1543 695 His
1559 670 1653 707 pro-

239 729 384 764 curatis
409 741 458 764 ex
483 729 649 765 decreto
666 729 916 777 pontificum,
940 729 1112 777 profecti
1131 729 1318 765 consules
1336 728 1596 777 Sempronius
1612 729 1654 765 in

239 797 443 843 Lucanos,
475 798 517 835 in
548 799 735 847 Apuliam
768 799 928 836 Fabius.
1000 800 1118 836 Pater
1149 799 1229 835 filio
1263 800 1418 846 legatus
1450 800 1504 835 ad
1536 799 1654 836 Sues·

172 864 225 905 10
239 869 366 905 sulam
404 869 446 905 in
485 874 616 906 castra
655 869 774 906 venit.
839 870 972 915 Quum
1013 869 1172 906 obviam
1213 869 1312 906 filius
1345 870 1655 917 progrederetur

238 939 480 988 lictoresque
507 940 754 976 verecundia
776 939 997 976 maiestatis
1024 941 1109 977 eius
1134 940 1243 976 taciti
1268 940 1480 983 anteirent,
1511 944 1654 988 praeter

239 1009 430 1046 undecim
447 1009 578 1047 fasces
596 1022 703 1058 equo
721 1015 941 1058 praevectus
960 1022 1096 1055 senex,
1115 1016 1158 1046 ut
1175 1010 1316 1047 consul
1334 1010 1654 1046 animadvertere

239 1079 464 1127 proximum
488 1080 669 1118 lictorem
692 1081 806 1117 iussit
831 1086 870 1116 et
894 1081 939 1124 is,
966 1086 1009 1116 ut
1032 1081 1302 1117 descenderet
1319 1093 1367 1117 ex
1384 1092 1504 1128 equo,
1530 1080 1653 1117 incla-

239 1149 375 1191 mavit,
412 1155 495 1186 tum
534 1151 699 1187 demum
737 1151 928 1187 desiliens
966 1150 1196 1200 «Experiri»
1239 1151 1367 1199 inquit
1403 1151 1546 1195 «volui,
1588 1151 1653 1195 fili,

240 1220 356 1257 satin'
391 1221 525 1265 scires,
560 1221 769 1258 consulem
801 1226 840 1257 te
873 1233 1002 1258 esse.»

113 1285 178 1330 45
358 1291 404 1328 In
443 1304 492 1328 ea
525 1296 655 1328 castra
687 1291 834 1328 Dasius
867 1292 1036 1329 Altinius
1069 1293 1243 1341 Arpinus
1275 1293 1378 1329 clam
1409 1297 1531 1329 nocte
1564 1303 1654 1329 cum

124 1361 129 1364 ”
240 1361 363 1398 tribus
387 1362 508 1398 servis
532 1362 653 1405 venit,
684 1362 936 1410 promittens,
966 1363 998 1398 si
1023 1362 1096 1399 sibi
1120 1364 1285 1411 praemio
1314 1363 1430 1406 foret,
1461 1375 1504 1399 se
1521 1364 1653 1411 Arpos

199 1428 492 1481 2proditurum
529 1443 632 1468 esse.
697 1432 799 1468 Eam
838 1444 921 1468 rem
963 1434 1017 1469 ad
1049 1433 1259 1470 consilium
1292 1445 1409 1480 quum
1440 1433 1657 1470 rettulisset

241 1502 402 1545 Fabius,
436 1502 522 1539 aliis
554 1515 627 1551 pro
660 1502 869 1550 transfuga
900 1503 1174 1540 verberandus
1206 1505 1499 1552 necandusque
1531 1504 1656 1540 videri

240 1573 425 1621 ancipitis
451 1573 573 1609 animi
597 1574 823 1610 communis
841 1573 981 1617 hostis,
1007 1573 1072 1621 qui
1090 1579 1185 1621 post
1203 1572 1463 1610 Cannensem
1481 1575 1654 1619 cladem,

241 1650 433 1691 tanquam
466 1656 557 1680 cum
589 1643 751 1680 fortuna
778 1643 900 1680 fidem
923 1648 1028 1680 stare
1051 1648 1269 1692 oporteret,
1303 1644 1357 1680 ad
1383 1644 1656 1681 Hannibalem

200 1709 439 1750 3descisset
469 1718 506 1750 et
535 1714 721 1750 traxisset
752 1714 806 1749 ad
840 1713 1115 1750 defectionem
1148 1715 1293 1762 Arpos,
1332 1719 1428 1757 tum,
1462 1714 1656 1762 quoniam

241 1796 303 1820 res
335 1784 523 1820 Romana
562 1790 721 1821 contra·
742 1796 857 1833 spem
893 1790 1070 1832 votaque
1111 1785 1196 1821 eius
1227 1785 1334 1820 velut
1363 1796 1572 1833 resurgere
1604 1785 1655 1821 ab

241 1854 428 1903 stirpibus
459 1855 655 1897 videatur,
688 1867 836 1891 novam
868 1854 1017 1891 referre
1049 1855 1324 1903 proditionem
1348 1855 1520 1903 proditis
1541 1855 1656 1903 polli-

241 1930 391 1969 ceatur,
424 1925 587 1961 aliunde
621 1930 697 1961 stet
729 1937 900 1973 semper,
933 1925 1098 1961 aliunde
1131 1926 1289 1968 sentiat,
1328 1924 1475 1961 infidus
1508 1925 1655 1969 socius,

240 2007 366 2031 vanus
390 1995 536 2038 hostis;
563 1995 608 2030 id
629 1995 683 2030 ad
707 1995 953 2031 Faleriorum
980 1995 1197 2043 Pyrrhique
1221 1996 1472 2044 proditorem
1497 1995 1655 2031 tertium

199 2060 457 2113 4transfugis
489 2065 781 2101 documentum
813 2070 933 2101 esset.
997 2064 1149 2101 Contra
1177 2078 1226 2102 ea
1249 2066 1424 2102 consulis
1446 2069 1561 2113 pater
1582 2065 1658 2102 Fa-

241 2135 330 2171 bius
341 2141 568 2183 temporum
582 2134 729 2171 oblitos
742 2135 928 2171 homines
941 2135 982 2171 in
994 2136 1132 2173 medio
1145 2137 1292 2172 ardore
1304 2136 1396 2172 belli
1409 2141 1601 2183 tanquam
1615 2136 1656 2172 in

201 2201 226 2240 5
241 2217 343 2253 pace
360 2205 486 2240 libero
504 2205 557 2240 de
575 2216 738 2252 quoque
755 2205 917 2242 arbitrio
931 2218 1052 2254 agere
1065 2206 1217 2249 aiebat:
1237 2206 1316 2254 qui,
1336 2218 1456 2254 quum
1470 2206 1566 2242 illud
1583 2218 1658 2254 po-

241 2275 317 2311 tius
335 2275 539 2323 agendum
557 2280 678 2322 atque
696 2276 961 2323 cogitandum
980 2276 1042 2320 sit,
1062 2277 1094 2313 si
1112 2288 1193 2324 quo
1206 2276 1333 2312 modo
1346 2276 1429 2312 fieri
1441 2276 1583 2324 possit,
1603 2289 1656 2312 ne

242 2345 308 2393 qui
321 2345 419 2382 socii
433 2358 456 2380 a
470 2345 625 2393 populo
638 2345 826 2382 Romano
841 2347 1071 2383 desciscant
1083 2352 1122 2382 et
1136 2351 1179 2383 ut
1190 2357 1319 2382 novos
1335 2345 1564 2389 concilient,
1581 2346 1657 2382 do-

242 2420 471 2452 cumentum
489 2415 610 2451 etiam
628 2415 767 2452 dicant
784 2417 902 2452 statui
916 2421 1118 2465 oportere,
1137 2417 1169 2453 si
1182 2417 1270 2464 quis
1281 2415 1492 2464 resipiscat
1503 2420 1543 2452 et
1555 2415 1657 2452 anti-

200 2482 224 2521 6
241 2497 362 2533 quarn
386 2485 624 2522 societatem
647 2485 848 2534 respiciat.
898 2486 1023 2532 Quod
1046 2487 1078 2523 si
1103 2487 1213 2522 abire
1236 2487 1288 2522 ab
1306 2485 1500 2522 Romanis
1523 2485 1655 2530 liceat,

240 2555 371 2591 redire
389 2555 443 2591 ad
461 2567 533 2592 eos
550 2567 635 2591 non
652 2555 782 2599 liceat,
803 2556 865 2592 cui
883 2556 1050 2593 dubium
1068 2568 1172 2600 esse,
1191 2556 1286 2604 quin
1299 2556 1420 2600 brevi,
1439 2556 1656 2604 desperata
