1789 2955
230 76 312 114 248
646 72 760 106 Liber
785 70 906 106 XXX.
956 72 1016 115 (A.
1043 84 1078 105 u.
1105 81 1134 106 c.
1160 71 1255 114 551.)

230 199 363 237 Italiae
394 199 572 244 urbibus,
605 210 692 247 quae
723 198 827 235 bello
853 198 1038 236 alienatae
1063 198 1232 244 fuerant,
1263 196 1554 246 noscendisque
1585 197 1663 234 sin-

231 271 416 320 gularum
449 270 576 307 causis
608 271 865 319 consumpsit.

190 342 213 379 5
347 341 426 379 Per
460 341 705 378 indutiarum
728 345 884 390 tempus
903 340 971 390 [et]
1000 353 1047 377 ex
1064 337 1250 377 Sardinia
1270 353 1292 376 a
1308 339 1354 377 P.
1373 339 1546 377 Lentulo
1566 352 1666 388 prae·

230 417 317 452 tore
336 416 492 451 centum
510 413 703 450 onerariae
720 426 841 451 naves
868 425 956 449 cum
983 414 1202 449 commeatu
1228 411 1378 460 viginti
1402 413 1665 448 rostratarum

232 484 433 535 praesidio,
465 488 504 521 et
535 485 583 521 ab
615 483 729 522 hoste
761 487 800 522 et
830 485 880 522 ab
904 484 1213 533 tempestatibus
1238 483 1339 520 mari
1362 486 1462 529 tuto,
1494 481 1534 518 in
1552 481 1664 519 Afri-

190 557 212 593 6
231 570 315 595 cam
347 556 665 594 transmiserunt.
729 555 799 593 Cn.
833 554 999 593 Octavio
1032 555 1212 593 ducentis
1251 554 1464 600 onerariis,
1494 553 1668 602 triginta

236 627 367 677 longis
398 627 568 665 navibus
600 641 647 664 ex
679 625 822 664 Sicilia
851 627 1071 665 traiicienti
1103 640 1181 664 non
1214 626 1352 664 eadem
1385 625 1546 663 fortuna
1576 624 1665 662 fuit.

190 700 212 736 7
230 698 280 736 In
312 702 567 748 conspectum
599 699 722 737 ferme
754 699 904 736 Africae
950 712 1141 748 prospero
1179 711 1300 735 cursu
1344 701 1500 735 vectum
1539 697 1667 745 primo

233 770 418 808 destituit
447 774 602 817 ventus,
632 770 723 808 dein
754 784 891 808 versus
923 771 964 807 in
996 770 1183 807 Africum
1212 769 1404 816 turbavit,
1445 782 1489 806 ac
1520 767 1667 818 passim

192 843 217 880 8
235 855 355 879 naves
403 842 575 881 disiecit.
652 842 746 891 Ipse
792 855 879 879 cum
925 842 1127 888 rostratis,
1175 855 1245 891 per
1292 841 1480 878 adversos
1525 839 1670 876 fluctus

235 914 391 962 ingenti
409 914 605 963 remigum
622 914 759 951 labore
777 913 923 960 enisus,
954 914 1161 963 Apollinis
1186 913 1505 963 promuntorium
1522 911 1670 957 tenuit;

195 987 217 1022 9
236 985 429 1023 onerariae
460 998 554 1034 pars
586 986 761 1023 maxima
799 985 848 1022 ad
879 985 1134 1034 AEgimurum
1167 985 1315 1034 (insula
1361 998 1407 1022 ea
1446 984 1575 1021 sinum
1621 983 1670 1020 ab

236 1057 318 1094 alto
350 1056 513 1103 claudit,
546 1057 587 1094 in
619 1070 697 1107 quo
730 1058 806 1095 sita
838 1056 1038 1105 Carthago
1071 1061 1151 1104 est,
1189 1057 1362 1105 triginta
1391 1057 1513 1093 ferme
1544 1054 1672 1091 millia

236 1128 286 1166 ab
318 1128 446 1177 urbe),
470 1128 559 1166 aliae
584 1129 775 1167 adversus
791 1129 931 1166 urbem
958 1129 1088 1179 ipsam
1113 1129 1162 1166 ad
1181 1128 1344 1167 Calidas
1362 1128 1501 1177 Aquas
1530 1126 1674 1164 delatae

168 1201 218 1238 10
235 1203 337 1237 sunt.
399 1199 544 1238 Omnia
589 1201 631 1237 in
677 1204 893 1250 conspectu
931 1200 1188 1250 Carthaginis
1235 1203 1358 1238 erant.
1432 1199 1577 1248 Itaque
1623 1211 1672 1235 ex

234 1274 320 1310 tota
336 1271 435 1308 urbe
452 1272 494 1309 in
509 1272 639 1310 forum
657 1285 892 1310 concursum
911 1276 989 1319 est;
1020 1273 1279 1321 magistratus
1305 1275 1486 1309 senatum
1510 1281 1672 1318 vocare3

237 1344 410 1393 populus
442 1344 484 1380 in
515 1344 634 1382 curiae
664 1343 864 1382 vestibulo
887 1345 1068 1391 fremere,
1099 1358 1148 1381 ne
1174 1347 1289 1382 tanta
1321 1357 1368 1381 ex
1402 1342 1526 1380 oculis
1551 1340 1674 1378 mani-

171 1416 216 1453 ll
239 1415 394 1464 busque
425 1416 676 1454 amitteretur
707 1415 855 1466 praeda.
917 1415 1049 1462 Quum
1086 1415 1246 1465 quidam
1279 1416 1388 1465 pacis
1419 1414 1573 1465 petitae,
1603 1411 1676 1450 alii

244 1487 493 1525 indutiarum
526 1486 735 1540 (necdum-
770 1488 875 1524 enim
921 1487 1005 1524 dies
1053 1488 1221 1536 exierat)
1267 1487 1383 1525 fidem
1416 1487 1677 1536 opponerent,

239 1559 436 1608 permixto
468 1572 581 1609 paene
612 1563 771 1597 senatus
802 1559 1022 1609 populique
1055 1559 1225 1597 concilio
1265 1572 1497 1597 consensum
1531 1561 1601 1604 est,
1631 1559 1677 1594 ut

242 1631 408 1668 classem
428 1631 722 1680 quinquaginta
747 1631 909 1669 navium
926 1630 1162 1669 Hasdrubal
1181 1631 1435 1679 AEgimurum
1458 1629 1678 1674 traiiceret,

240 1702 335 1740 inde
360 1716 431 1752 per
456 1703 578 1741 litora
605 1707 823 1753 portusque
852 1703 1052 1752 dispersas
1076 1703 1278 1741 Romanas
1307 1715 1427 1740 naves
1453 1701 1676 1750 colligeret.

170 1773 218 1810 12
239 1773 423 1812 Desertae
443 1774 539 1823 fuga
555 1778 765 1812 nautarum
783 1774 957 1824 primum
985 1774 1036 1811 ab
1056 1774 1279 1823 AEgimuro,
1307 1774 1451 1811 deinde
1479 1774 1528 1811 ab
1546 1772 1679 1822 Aquis

241 1846 433 1883 onerariae
466 1846 749 1896 Carthaginem
781 1846 984 1896 puppibus
1014 1849 1153 1885 tractae
1185 1849 1286 1884 sunt.

102 1911 158 1960 25
360 1918 547 1955 Nondum
587 1918 637 1955 ab
668 1917 798 1954 Roma
827 1920 1076 1956 reverterant
1110 1917 1255 1967 legati,
1300 1930 1430 1967 neque
1461 1917 1677 1964 sciebatur,

243 2002 331 2038 quae
363 1994 522 2027 senatus
540 1989 712 2027 Romani
732 1989 780 2026 de
804 1989 909 2026 bello
934 1994 1001 2027 aut
1024 2002 1120 2039 pace
1145 1990 1345 2027 sententia
1363 1993 1477 2036 esset,
1509 1989 1677 2026 necdum

201 2060 224 2096 2
243 2060 489 2098 indutiarum
507 2060 592 2098 dies
611 2061 782 2106 exierat3
817 2074 862 2099 eo
889 2061 1161 2110 indigniorem
1187 2061 1376 2099 iniuriam
1402 2065 1512 2099 ratus
1529 2059 1676 2110 Scipio,

242 2132 292 2169 ab
324 2132 385 2178 iis,
418 2133 487 2181 qui
528 2133 721 2182 petissent
753 2146 891 2182 pacem
934 2137 973 2170 et
1004 2133 1198 2179 indutias,
1245 2137 1283 2171 et
1330 2146 1438 2183 spem
1482 2132 1592 2182 pacis
1639 2134 1681 2169 et

239 2204 358 2242 fidem
392 2204 637 2241 indutiarum
668 2204 858 2241 violatam
891 2218 988 2252 esse,
1019 2205 1173 2253 legatos
1205 2205 1490 2254 Carthaginem
1518 2203 1565 2242 L.
1591 2202 1677 2239 Bae-

200 2275 365 2322 3bium,
397 2275 452 2312 M.
486 2274 714 2322 Servilium,
746 2275 791 2312 L.
825 2276 995 2314 Fabium
1035 2277 1233 2328 extemplo
1266 2278 1385 2316 misit.
1446 2276 1526 2324 Qui
1558 2287 1681 2325 quum

243 2348 514 2385 multitudinis
545 2361 740 2386 concursu
765 2361 890 2398 prope
921 2348 1063 2385 violati
1094 2353 1225 2386 essent
1248 2362 1319 2385 nec
1351 2348 1526 2385 reditum
1557 2346 1679 2383 tutio-

243 2432 326 2457 rem
356 2420 537 2457 futurum
569 2422 796 2466 cernerent,
827 2420 1031 2468 petierunt
1076 2434 1098 2457 a
1143 2420 1465 2470 magistratibuS,
1512 2430 1681 2467 quorum

245 2491 398 2528 auxilio
431 2490 491 2528 vis
523 2491 730 2541 prohibita
761 2495 857 2537 erat,
889 2494 935 2528 ut
961 2505 1081 2529 naves
1107 2492 1322 2537 mitterent,
1354 2503 1443 2540 quae
1473 2503 1514 2528 se
1544 2502 1679 2539 prose-

203 2563 227 2599 4
246 2566 474 2611 querentur.
534 2561 654 2600 Datae
685 2563 869 2600 triremes
901 2562 1011 2609 duae,
1043 2576 1163 2612 quum
1196 2563 1245 2600 ad
1277 2561 1503 2611 Bagradam
1534 2561 1680 2598 flumen

245 2634 543 2682 pervenissent,
575 2634 680 2671 unde
727 2638 858 2672 castra
889 2634 1069 2672 Romana
1101 2633 1475 2684 conspiciebantur,
1515 2632 1680 2670 Cartha-
