1789 2955
285 85 338 124 50
683 83 799 118 Liber
823 83 970 119 XXVI.
1018 85 1079 128 (A.
1106 96 1140 118 u.
1167 96 1197 120 c.
1222 85 1316 129 544.)

283 210 432 260 viginti
469 212 648 262 quinque
688 211 819 249 millia
856 211 1048 261 peditum,
1094 212 1173 251 duo
1205 213 1335 251 millia
1365 213 1577 263 quingenti
1608 214 1717 263 equi—

240 285 263 320 :2
281 284 357 334 tes)
388 283 588 321 Hiberum
619 283 794 322 traiecit.
854 283 921 321 Ibi
954 285 1193 334 quibusdam
1225 285 1498 332 suadentibus,
1528 289 1583 332 ut,
1613 274 1718 335 ⁴quo·

285 356 394 393 niam
425 356 467 393 in
497 359 580 393 tres
609 359 691 393 tam
725 356 904 394 diversas
934 357 1117 405 regiones
1142 357 1419 395 discessissent
1441 358 1587 395 Punici
1610 371 1718 395 exer-

286 428 401 474 citus,
445 429 668 478 proximum
709 428 1008 478 aggrederetur,
1047 428 1269 478 periculum
1311 443 1394 466 esse
1425 433 1549 477 ratus,
1593 443 1641 467 ne
1673 443 1720 467 eo

286 500 392 538 facto
436 501 478 537 in
523 514 645 537 unum
691 513 824 538 omnes
863 501 1116 538 contraheret
1155 514 1226 538 nec
1266 514 1340 550 par
1379 505 1481 540 esset
1519 515 1620 539 unus
1658 505 1720 540 tot

243 572 542 619 3exercitibus,
591 572 877 622 Carthaginem
916 573 1069 611 Novam
1109 573 1270 610 interim
1302 587 1535 623 oppugnare
1565 573 1722 621 statuit,

287 644 426 681 urbem
473 658 595 694 quum
641 645 767 694 ipsam
814 645 1044 695 opulentam
1090 645 1171 682 suis
1218 646 1373 695 opibus,
1417 649 1502 683 tum
1547 645 1720 683 hostium

289 716 398 753 omni
428 717 575 755 bellico
607 721 802 767 apparatu
831 717 989 767 plenam
1023 716 1098 764 (ibi
1128 730 1248 766 arma,
1281 718 1338 755 ibi
1368 718 1550 767 pecunia,
1579 717 1637 755 ibi
1661 720 1720 754 to-

243 788 366 825 4tius
399 789 606 838 Hispaniae
649 790 808 828 obsides
849 787 991 841 erant),
1038 789 1156 826 sitam
1196 793 1392 839 praeterea
1423 803 1544 839 quum
1576 802 1720 839 oppor—

288 863 384 898 tune
425 861 476 898 ad
515 862 796 900 traiiciendum
835 862 875 899 in
914 861 1110 911 Africam,
1156 865 1239 898 tum
1278 875 1398 912 super
1434 864 1593 911 portum
1623 861 1722 899 satis

289 933 464 982 amplum
490 935 710 983 quantaevis
736 934 853 971 classi
879 937 918 970 et
944 934 1076 971 nescio
1110 947 1160 970 an
1190 947 1311 970 unum
1338 934 1380 970 in
1405 933 1613 983 Hispaniae
1641 946 1723 980 ora,

246 1005 270 1042 5
288 1017 367 1054 qua
397 1008 534 1042 nostro
566 1006 724 1044 adiacet
754 1006 870 1044 mari.
930 1006 1056 1043 Nemo
1081 1006 1266 1052 omnium,
1299 1019 1378 1055 quo
1404 1005 1541 1052 iretur,
1567 1005 1722 1043 sciebat

289 1080 436 1126 praeter
468 1077 709 1116 C.Lae1ium.
771 1078 813 1115 Is
846 1079 971 1115 classe
1004 1078 1295 1115 circummissus
1326 1078 1383 1114 ita
1409 1077 1608 1116 moderari
1635 1091 1722 1115 cur-

290 1163 375 1186 sum
407 1150 569 1187 navium
601 1150 729 1187 iussus
768 1153 862 1197 erat,
899 1153 945 1187 ut
983 1149 1119 1187 eodem
1156 1153 1333 1199 tempore
1365 1148 1503 1200 Scipio
1533 1149 1583 1187 ab
1613 1152 1722 1187 terra

245 1223 267 1258 6
288 1222 507 1259 exercitum
539 1222 765 1260 ostenderet
796 1226 835 1260 et
866 1223 1003 1260 classis
1035 1225 1196 1272 portum
1221 1222 1404 1261 intraret.
1452 1221 1631 1272 Septimo
1656 1221 1722 1259 die

291 1294 340 1330 ab
380 1294 536 1331 Hibero
578 1294 861 1343 Carthaginem
906 1298 1069 1332 ventum
1115 1297 1174 1331 est
1219 1294 1336 1332 simul
1379 1297 1486 1332 terra
1530 1293 1721 1343 marique.

293 1365 433 1404 Castra
464 1366 513 1404 ab
544 1366 707 1415 regione
738 1367 861 1416 urbis⁷
895 1380 972 1416 qua
1004 1367 1046 1403 in
1078 1367 1391 1416 septentrionem
1413 1379 1530 1404 versa
1554 1368 1622 1413 est,
1652 1379 1722 1416 po-

291 1438 390 1486 sita,
434 1438 496 1476 his
527 1439 575 1476 ab
605 1442 720 1488 tergo
752 1440 860 1487 (nam
890 1440 1000 1476 frons
1030 1442 1174 1476 natura
1203 1442 1290 1475 tuta
1322 1439 1423 1488 erat)
1463 1439 1613 1476 vallum
1653 1439 1721 1476 ob-

288 1513 446 1549 iectum.
493 1510 655 1548 Etenim
687 1511 764 1548 sita
795 1510 999 1560 Carthago
1031 1511 1088 1548 sic
1119 1514 1189 1549 est.
1251 1510 1370 1547 Sinus
1402 1514 1462 1548 est
1491 1510 1613 1548 maris
1644 1523 1722 1547 me-

290 1583 359 1620 dia
389 1584 470 1620 fere
500 1583 709 1632 Hispaniae
742 1596 822 1629 ora,
867 1584 1036 1620 maxime
1067 1583 1211 1620 Africo
1242 1586 1359 1620 vento
1401 1583 1620 1633 oppositus,
1669 1582 1724 1621 acl

292 1656 371 1694 (luo
412 1656 549 1693 millia
589 1658 628 1692 et
666 1655 906 1704 quingentos
945 1668 1084 1704 passus
1124 1655 1319 1692 introrsus
1350 1658 1558 1701 retractus,
1602 1654 1723 1704 paulo

244 1729 267 1765 8
285 1728 376 1778 plus
399 1741 588 1777 passuum
611 1728 726 1765 mille
752 1731 789 1765 et
814 1728 1009 1765 ducentos
1033 1728 1074 1764 in
1097 1727 1353 1764 latitudinem
1383 1731 1535 1777 patens.
1588 1726 1723 1764 Huius

293 1801 335 1837 in
384 1801 486 1837 ostio
534 1800 643 1837 sinus
689 1813 814 1849 parva
863 1800 994 1836 insula
1042 1800 1198 1836 obiecta
1244 1799 1292 1836 ab
1338 1800 1420 1837 alto
1466 1801 1625 1849 portum
1671 1798 1721 1836 ab

291 1873 475 1910 omnibus
512 1872 643 1909 ventis
681 1875 949 1922 praeterquam
980 1871 1121 1908 Africo
1152 1876 1282 1909 tutum
1312 1871 1419 1908 facit.
1480 1870 1548 1908 Ab
1581 1870 1722 1908 intimo

292 1944 383 1982 sinu
413 1944 635 1994 paeninsula
666 1944 854 1990 excurrit,
883 1944 1060 1981 tumulus
1084 1944 1117 1980 is
1141 1944 1237 1993 ipse,
1265 1943 1306 1980 in
1331 1956 1409 1992 quo
1434 1942 1596 1980 condita
1624 1942 1722 1980 urbs

294 2020 363 2063 est,
395 2016 444 2053 ab
478 2019 567 2053 ortu
598 2015 693 2052 solis
725 2019 764 2052 et
794 2029 817 2052 a
847 2016 1013 2053 meridie
1045 2016 1177 2052 cincta
1207 2015 1327 2061 mari;
1365 2015 1414 2052 ab
1447 2028 1589 2053 occasu
1619 2019 1722 2064 stag-

291 2102 385 2125 num
425 2088 576 2125 claudit
607 2088 768 2137 paulum
800 2089 919 2125 etiam
951 2088 1001 2125 ad
1032 2087 1344 2137 septentrionem
1374 2087 1517 2135 fusum,
1561 2088 1722 2124 incertae

250 2163 272 2199 9
293 2160 531 2198 altitudinis
578 2163 781 2209 utcunque
820 2163 1012 2197 exaestuat
1051 2163 1120 2197 aut
1151 2159 1285 2196 deficit
1314 2173 1433 2196 mare.
1493 2158 1724 2197 Continenti

293 2232 434 2269 urbem
474 2232 609 2281 iugum
653 2232 843 2269 ducentos
879 2233 961 2269 fere
1002 2236 1041 2269 et
1080 2231 1374 2281 quinquaginta
1413 2245 1552 2281 passus
1583 2235 1722 2281 patens

297 2304 514 2353 coniungit.
562 2303 692 2351 Unde,
723 2317 844 2353 quum
875 2307 957 2340 tam
989 2304 1103 2353 parvi
1137 2304 1270 2353 operis
1302 2300 1468 2341 munitio
1500 2307 1614 2350 esset,
1644 2316 1722 2340 non

296 2376 441 2413 obiecit
481 2376 632 2413 vallum
671 2375 886 2425 imperator
923 2375 1139 2421 Romanus,
1186 2389 1255 2413 seu
1292 2375 1480 2412 fiduciam
1517 2376 1623 2413 hosti
1661 2389 1722 2413 su-

296 2449 416 2498 perbe
448 2451 662 2494 ostentans,
709 2449 791 2485 sive
830 2452 872 2484 ut
904 2447 1092 2484 subeunti
1124 2461 1226 2497 saepe
1258 2447 1308 2485 ad
1338 2448 1484 2484 moenia
1512 2447 1622 2485 urbis
1662 2461 1722 2485 re-

149 2518 207 2565 43
296 2534 432 2558 cursus
456 2523 624 2571 pateret.
671 2519 823 2566 Cetera,
851 2533 939 2569 quae
963 2519 1177 2557 munienda
1194 2523 1317 2569 erant,
1343 2533 1462 2569 quum
1479 2520 1722 2569 perfecisset,

297 2606 417 2630 naves
450 2593 565 2630 etiam
600 2592 640 2629 in
672 2594 803 2642 portu,
832 2592 943 2629 velut
974 2591 1213 2628 maritimam
1245 2605 1402 2640 quoque
1428 2594 1631 2629 ostentans
1656 2591 1722 2629 ob·

296 2665 502 2712 sidionem,
525 2665 730 2711 instruxit3
763 2665 1127 2713 circumvectusque
1151 2663 1330 2709 classem,
1364 2676 1485 2712 quum
1509 2664 1723 2701 monuisset
