1789 2955
547 123 652 153 Liber
678 122 802 153 XXIV.
849 124 902 163 (A.
932 123 994 153 Ch.
1022 121 1116 164 ²215.)
1455 123 1536 163 175

116 255 296 304 regimen
338 266 469 290 rerum
512 254 693 290 omnium
737 266 864 302 penes
907 266 950 289 se
994 254 1180 301 virosque
1221 266 1316 290 suos
1355 255 1535 290 Adrano-

116 327 254 361 dorum
287 329 323 361 et
348 324 550 372 Zoippum,
584 325 656 371 qui
683 329 860 360 tutorum
892 325 1006 372 primi
1034 325 1375 372 relinquebantur.
1440 323 1573 361 Non4

116 396 231 433 facile
275 401 361 432 erat
404 396 714 443 nonagesimum
757 395 837 430 iam
876 396 1014 443 agenti
1053 408 1217 439 annum,
1267 395 1533 432 circumsesso

70 502 72 504 ,
115 467 203 502 dies
242 471 466 514 noctesque
505 466 764 501 muliebribus
804 465 1024 510 blanditiis,
1071 466 1238 501 liberare
1279 466 1457 501 animum
1496 472 1535 502 et

115 542 349 573 convertere
389 537 443 572 ad
482 537 684 584 publicam
723 549 745 571 a
785 536 938 584 privata
979 548 1127 572 curam.
1205 536 1348 583 Itaque
1381 531 1573 586 tutoresgr‘)

113 608 239 643 modo
259 607 490 654 quindecim
509 618 635 654 puero
654 607 851 654 relinquit,
872 618 974 654 quos
994 612 1181 654 precatus
1199 613 1259 642 est
1278 607 1467 650 moriens,
1494 612 1534 641 ut

112 678 235 713 fidem
275 689 371 725 erga
409 677 605 725 populum
637 677 868 713 Romanum
908 677 1201 725 quinquaginta
1240 689 1372 714 annos
1406 678 1457 713 ab
1490 689 1533 713 se

112 748 259 784 cultam
300 748 534 783 inviolatam
577 752 793 790 servarent,
842 747 1112 795 iuvenemque
1155 749 1235 785 suis
1279 748 1534 796 potiSsimum

111 818 288 866 vestigiis
319 818 503 854 insistere
537 818 683 853 vellent
712 822 747 854 et
776 818 1011 866 disciplinae,
1045 819 1087 854 in
1112 831 1190 865 qua
1215 819 1385 854 eductus
1410 823 1530 854 esset.

112 888 209 925 Haec
228 889 437 926 mandata.
492 888 625 934 Quum
644 889 900 937 exspirasset,
919 894 1085 932 tutores,
1105 894 1351 925 testamento
1371 889 1529 936 prolato
1545 887 1569 927 ὅ

110 972 319 1008 pueroque
348 961 391 996 in
415 959 652 1003 contionem
676 959 878 1006 producto
904 956 1005 1009 (erat
1030 964 1164 995 autern
1189 960 1423 1007 quindecim
1448 965 1532 995 tum

112 1030 237 1067 ferme
269 1027 497 1079 annorum),
536 1030 689 1078 paucis,
731 1031 797 1077 qui
830 1042 901 1078 per
934 1031 1170 1066 contionem
1204 1031 1257 1065 ad
1290 1028 1567 1068 excitandos7

111 1102 308 1138 clamores
337 1101 524 1149 dispositi
547 1106 674 1144 erant,
709 1101 1032 1148 approbantibus
1051 1106 1352 1144 testamentum,
1387 1100 1530 1137 ceteris

110 1172 217 1208 velut
254 1178 369 1220 patre
408 1171 558 1208 amisso
596 1171 637 1207 in
677 1172 777 1207 orba
816 1172 975 1208 civitate
1009 1172 1147 1207 omnia
1179 1166 1529 1220 timentibusssl).

110 1242 246 1279 Funus
275 1242 318 1278 fit
343 1243 511 1291 regium,
545 1243 673 1290 magis
703 1254 840 1278 amore
867 1243 1010 1279 civium
1036 1248 1075 1278 et
1100 1243 1265 1278 caritate
1291 1254 1412 1289 quam
1437 1253 1531 1278 cura
1549 1241 1573 1281 8

110 1324 273 1349 suorum
291 1314 463 1350 celebre.
506 1312 621 1349 Brevi
640 1313 792 1349 deinde
811 1319 968 1350 ceteros
987 1318 1139 1349 tutores
1158 1319 1384 1350 summovet
1400 1312 1530 1348 Adra·
1545 1311 1570 1351 9

110 1384 307 1428 nodorus,
339 1384 527 1420 iuvenem
558 1384 638 1420 iam
671 1396 761 1420 esse
794 1384 984 1421 dictitans
1010 1383 1305 1433 Hieronymum
1337 1396 1384 1420 ac
1417 1383 1531 1431 regni

109 1460 340 1502 potentem;
381 1455 717 1503 deponendoque
757 1456 923 1491 tutelam
964 1456 1065 1504 ipse,
1107 1468 1195 1504 quae
1229 1467 1319 1492 cum
1352 1454 1529 1502 pluribus

110 1526 335 1562 communis
367 1531 465 1570 erat,
498 1526 540 1561 in
573 1537 616 1562 se
650 1538 772 1562 unum
805 1526 987 1562 omnium
1019 1526 1121 1562 vires
1155 1526 1365 1562 convertit.

228 1596 305 1632 Vix
329 1597 494 1644 quidem
519 1597 580 1632 vel
604 1597 716 1632 bono
742 1597 1039 1644 moderatoque
1064 1598 1147 1645 regi
1168 1597 1293 1632 facilis
1313 1602 1399 1632 erat
1417 1596 1530 1632 favor
1592 1592 1620 1635 5

108 1667 218 1714 apud
242 1667 533 1715 Syracusanos,
559 1667 795 1703 succedenti
821 1672 943 1703 tantae
970 1667 1124 1704 caritati
1150 1667 1362 1710 Hieronis;
1390 1664 1566 1704 verum?

108 1737 312 1774 enimvero
338 1737 627 1786 Hieronymus,
662 1737 768 1773 velut
796 1737 877 1773 suis
903 1738 1004 1773 vitiis
1028 1738 1341 1774 desiderabilem
1367 1738 1528 1773 efficere

106 1807 224 1843 vellet
256 1819 387 1852 avum,
421 1809 550 1856 primo
584 1809 717 1844 statim
751 1813 988 1855 conspectu,
1024 1809 1161 1844 omnia
1194 1821 1315 1856 quam
1349 1809 1527 1856 disparia

106 1883 255 1923 essent,
282 1879 475 1915 ostendit.
524 1878 628 1915 Nam
652 1878 719 1926 qui
745 1890 815 1926 per
840 1883 900 1914 tot
924 1890 1056 1914 annos
1074 1878 1298 1915 Hieronem
1321 1877 1564 1927 filiumque3

106 1948 191 1984 eius
223 1947 426 1985 Gelonem
463 1961 540 1986 nec
572 1950 692 1986 vestis
726 1949 863 1984 habitu
895 1960 972 1984 nec
1004 1949 1084 1985 alio
1117 1950 1196 1985 ullo
1230 1951 1378 1998 insigni
1411 1950 1525 1986 diffe-

105 2025 238 2055 rentes
277 2031 301 2055 a
339 2021 482 2056 ceteris
523 2021 673 2057 civibus
706 2020 913 2063 vidissent,
955 2019 991 2055 ei
1024 2031 1275 2068 conspexere
1307 2033 1525 2069 purpuram

105 2100 152 2125 ac
178 2089 370 2125 diadema
393 2103 441 2128 ac
466 2092 657 2128 satellites
675 2096 865 2134 armatos,
891 2090 1180 2138 quadrigisque
1199 2092 1321 2127 etiam
1339 2089 1563 2129 alborum—1

104 2171 299 2207 equorum
316 2160 518 2196 interdum
537 2171 585 2196 ex
595 2161 706 2209 regia
719 2161 1012 2209 procedentem
1026 2173 1138 2197 more
1150 2161 1337 2209 Dionysii
1350 2163 1522 2211 tyranni.

105 2228 223 2266 Hunc
270 2235 352 2266 tam
395 2231 612 2278 superbum
651 2236 890 2279 apparatum
930 2231 1191 2279 habitumque
1231 2230 1564 2271 convenientes5

104 2301 376 2347 sequebantur
408 2306 665 2349 contemptus
699 2302 878 2337 omnium
911 2302 1133 2346 hominum,
1173 2304 1356 2351 superbae
1389 2316 1519 2348 aures,

104 2371 398 2407 contumeliosa
416 2371 537 2415 dicta,
562 2372 639 2407 rari
657 2372 790 2408 aditus
807 2384 892 2408 non
910 2372 1051 2408 alienis
1069 2373 1210 2415 modo,
1231 2374 1305 2409 sed
1323 2374 1520 2410 tutoribus

103 2440 237 2484 etiam,
271 2441 458 2478 libidines
490 2449 620 2486 novae,
653 2442 875 2478 inhumana
908 2442 1136 2479 crudelitas.
1209 2443 1350 2492 Itaque
1383 2443 1559 2482 tantus&

103 2521 246 2546 omnes
285 2516 411 2547 terror
450 2513 664 2556 invaserat,
706 2517 747 2548 ut
779 2513 945 2560 quidam
977 2525 1025 2548 ex
1059 2514 1256 2550 tutoribus
1288 2520 1358 2550 aut
1388 2519 1518 2551 morte

101 2580 325 2617 voluntaria
357 2588 425 2618 aut
457 2582 551 2631 fuga
582 2588 865 2631 praeverterent
887 2589 1037 2619 metum
1061 2584 1361 2631 suppliciorum.
1416 2583 1555 2623 Tres?

140 2670 169 2713 ¹)
195 2671 371 2703 Excidisse
406 2673 568 2704 nonnulla
600 2673 756 2704 videntur
787 2674 829 2704 de
861 2684 968 2714 regno
1000 2675 1043 2706 ad
1069 2674 1313 2715 Hieronymum
1346 2686 1407 2716 per
1439 2686 1514 2717 spe-

196 2730 280 2761 ciem
307 2731 433 2762 decreti
458 2732 628 2762 translato.
