1768 2943
741 104 823 136 XXI

77 227 189 258 Drak.
224 236 325 267 quum
360 225 504 266 primum
537 224 699 255 honorem
733 222 865 263 inisset)
897 222 941 255 15
971 221 1048 263 (per
1081 222 1227 252 triduum
1260 226 1341 262 post
1365 222 1431 253 duo
1457 226 1490 252 et

75 279 193 326 vigint}
235 285 372 316 notavit
406 282 506 314 Crev.
545 283 629 313 Post
659 282 765 322 prius
797 292 859 322 per
890 280 1035 312 triduum
1059 280 1223 322 fortasse
1254 282 1384 310 excidit
1408 281 1490 311 fece-

76 348 161 381 runt,
188 344 267 374 Em·
301 340 396 384 324.)
428 340 473 374 18
504 339 570 383 (bis
595 341 675 371 add.
703 341 772 370 lac.
807 338 936 378 Perz'z.)
967 338 1093 375 XXXI,
1122 337 1139 370 1
1167 337 1349 379 (decrevit,
1382 345 1416 369 ut
1449 350 1488 370 eo

75 413 163 434 anno
189 403 282 432 codd.
304 402 414 442 pauci
436 410 536 437 recc.‚
570 400 644 429 edd.
672 402 751 429 vett.
780 399 894 429 Drak.
922 396 966 433 d.‚
1000 402 1044 432 ut,
1077 407 1143 437 quo
1169 407 1209 427 eo
1236 407 1335 427 anno.
1386 398 1488 427 Miri-

70 462 136 502 fice
161 461 208 491 sic
233 462 494 499 interpungunt
517 461 551 488 et
575 460 764 493 enarrant,
798 460 838 486 ut
861 459 1003 486 senatus
1028 466 1097 485 non
1125 455 1291 485 tributum
1319 456 1490 494 imperari

74 520 253 556 decernat,
287 519 349 549 sed
377 518 526 556 simplex
557 516 724 546 tributum
757 517 854 555 exigi
886 515 1004 545 iubeat
1028 525 1063 544 eo
1090 515 1241 551 consilio,
1269 518 1308 543 ut
1332 524 1368 543 eo
1396 525 1488 544 anno

75 579 267 618 imperetur
297 577 436 616 duplex.
470 574 578 605 Ferri
606 574 725 614 aliquo
758 575 856 603 modo
886 577 1020 613 posset:
1051 578 1097 609 ut,
1130 573 1287 613 quoniam
1319 582 1359 602 eo
1387 583 1486 603 anno.

76 636 147 667 Sed
171 639 286 666 tamen
311 645 354 665 ne
379 636 427 665 sic
451 633 585 675 quidem
613 633 650 662 id
674 633 846 662 decretum
874 635 1101 668 narraretur,
1129 633 1222 672 quod
1237 635 1342 671 caput
1358 632 1413 661 rei
1429 635 1488 667 est,

73 695 135 724 sed
157 695 214 731 sic,
242 697 408 734 tanquam
435 692 472 722 id
495 695 617 731 sponte
633 689 770 731 fieret.)
795 689 817 723 3
843 689 936 731 (inde
963 701 1012 721 eae
1039 691 1068 720 J.
1097 691 1210 724 Periz.
1238 690 1271 720 P
1292 690 1370 720 inde
1397 700 1487 721 eaex.

73 753 188 783 Drak.
216 752 294 782 inde
308 749 384 792 sex)
398 749 441 782 12
457 749 586 781 consuli
601 749 657 779 uni
672 749 826 789 rogando
841 749 930 789 (Mg.
951 749 1030 778 Em.
1050 747 1135 790 324)
1160 748 1304 786 XXXII,
1333 748 1345 780 1
1380 748 1488 790 (exer-

74 810 159 841 citus
185 810 303 847 Teani,
330 809 384 840 cui
410 808 532 839 Fabri.
567 809 600 841 P
624 806 788 838 exercitus
815 807 900 837 trani
927 808 997 844 cui,
1034 808 1145 837 Drak.
1179 806 1356 844 exercitus,
1384 805 1451 848 cni)
1482 804 1486 849 1

73 867 237 911 (volones¹
265 868 322 910 qui
347 867 393 898 ibi
421 871 516 897 erant
541 866 616 906 le-
643 866 722 899 Em.
746 868 815 899 324
834 877 866 896 n.
886 866 1045 896 Pevenit
1065 865 1488 905 semproniorvolonesque

74 927 202 958 fierent.
252 927 404 963 Asilites,
437 925 498 966 qui
529 925 637 955 alicui
667 925 840 962 eveniunt,
864 925 953 966 fieri
982 926 1056 954 eius
1081 925 1141 954 vix
1160 928 1248 964 puto
1275 924 1350 954 dici.
1406 923 1488 954 Cor-

73 987 180 1016 rectio
207 989 323 1017 tamen
349 986 493 1016 incerta.
552 983 665 1014 Drak.
694 983 845 1020 volones,
879 983 933 1023 qui
969 981 1100 1022 fierent)
1127 983 1148 1015 9
1174 981 1319 1024 (imperii
1345 982 1487 1012 Romani

73 1044 251 1075 Luchsius.
288 1044 322 1074 P
348 1042 494 1084 imperir.
554 1042 664 1081 Vulgo
697 1042 920 1071 omittebatur
950 1041 1124 1083 Romani.)
1157 1041 1200 1074 16
1233 1041 1487 1084 (Terentianum

74 1102 261 1133 exercitum
300 1102 488 1132 Tarentum
521 1100 607 1130 mitti
640 1101 714 1139 Mg.
750 1100 828 1130 Em.
862 1102 931 1133 324
957 1104 1041 1140 post
1070 1101 1162 1131 Duk.
1189 1100 1394 1130 Edebatur:
1426 1101 1488 1130 Te-

73 1161 261 1192 rentianum
293 1158 351 1201 m.)
383 1159 546 1197 XXXIII,
579 1158 601 1191 2
633 1159 724 1199 quod
756 1159 894 1199 propior
926 1158 1053 1200 (Codd.
1086 1160 1171 1199 aliq.
1206 1169 1286 1189 recc.
1322 1160 1487 1200 Alioquin

73 1219 259 1259 Philippus
282 1230 348 1250 rex
372 1221 600 1258 comparatur
631 1228 705 1247 cum
737 1218 839 1247 certis
869 1216 976 1259 aliis.)
1027 1217 1049 1250 5
1074 1217 1263 1259 (Luceriam
1296 1218 1395 1248 Glar.
1419 1223 1487 1257 pro

73 1276 269 1318 Nuceriam)
303 1277 322 1310 7
354 1276 497 1319 (Praetor
532 1276 620 1306 inter
646 1276 740 1306 codd.
768 1277 853 1316 aliq.
880 1286 962 1307 recc.
1014 1277 1059 1306 ln
1086 1278 1119 1310 P
1142 1278 1270 1306 excidit
1294 1287 1345 1316 pr.
1373 1277 1486 1306 Drak.

70 1333 163 1364 Inter
195 1357 202 1364 .
236 1357 243 1364 .
271 1357 278 1364 .
312 1333 466 1366 Valerius
498 1345 589 1366 nova
627 1345 669 1364 ex
706 1333 989 1376 interpolatione)
1039 1334 1060 1367 8
1110 1334 1335 1375 (demonstrat
1378 1336 1485 1365 Gron.

73 1390 187 1429 Codd.,
225 1387 339 1424 D'rak.
379 1399 639 1435 prosequantur,
680 1417 686 1424 .
724 1417 730 1423 .
765 1417 771 1424 .
806 1393 1049 1424 demonstrent.
1114 1394 1379 1424 Demonstratio
1418 1395 1487 1424 lzaec

70 1459 146 1480 cum
179 1460 259 1481 cura
284 1453 394 1492 zffisius
417 1453 578 1493 praetoris
604 1456 691 1490 erat,
729 1463 797 1483 non
823 1454 946 1482 ducum
974 1451 1137 1494 itineris.)
1190 1452 1232 1485 12
1259 1451 1346 1494 (regi
1378 1454 1484 1483 Gron.

66 1512 134 1548 pro
166 1509 317 1552 regibus)
351 1511 516 1549 XXXIV,
549 1510 570 1543 2
604 1509 715 1552 (Fort.
749 1511 946 1541 firmandum
978 1511 1055 1542 fide.
1112 1512 1190 1542 Em.
1224 1512 1307 1553 325)
1342 1511 1362 1544 4
1396 1512 1484 1542 vinci

70 1572 246 1598 senserunt
283 1569 380 1608 (Lov.
414 1569 451 1612 4)
484 1569 527 1602 11
567 1568 624 1612 (ad
661 1570 743 1600 belli
781 1570 896 1601 munia
940 1569 1055 1601 Weiss.
1092 1581 1109 1600 e
1142 1572 1192 1603 P:
1226 1571 1268 1601 ad
1300 1571 1484 1601 bellumuni

70 1625 276 1657 sustinenda.
334 1628 448 1659 Drak.
482 1628 524 1658 ad
555 1628 637 1658 belli
670 1628 737 1658 vim
770 1627 1014 1670 sustinendam)
1056 1628 1099 1660 12
1131 1629 1177 1659 ita
1210 1640 1328 1669 parum
1365 1634 1485 1669 aptum

69 1683 161 1714 bello
201 1695 218 1714 e
242 1686 325 1717 coni.
365 1684 454 1728 (Mg.
494 1687 572 1717 Em.
612 1689 691 1719 324.
752 1687 885 1717 Saltem
924 1687 1083 1718 idoneum
1122 1689 1284 1728 suppleri
1315 1687 1484 1728 debebat.)

69 1742 216 1781 XXXV,
249 1742 270 1776 3
296 1742 495 1786 (Campanis
528 1769 534 1776 .
563 1770 569 1776 .
599 1770 605 1776 .
640 1745 683 1774 ad
715 1744 845 1775 Hamas
878 1750 957 1776 erat
986 1747 1061 1786 Mg.
1089 1747 1121 1776 P
1145 1751 1178 1776 et
1200 1746 1314 1778 Drak.
1341 1749 1484 1777 verbum

69 1799 149 1843 om.)
198 1801 220 1834 4
246 1803 316 1843 tegi
343 1802 432 1846 (Mg.
466 1803 625 1841 Cumani,
652 1807 693 1833 ut
716 1804 840 1833 Livius
867 1815 939 1834 rem
967 1809 1106 1842 narrat,
1134 1806 1225 1835 nihil
1249 1807 1319 1845 ipsi
1334 1806 1486 1846 fallacis

68 1860 205 1890 consilii
219 1861 405 1906 habebant,
432 1863 525 1902 quod
550 1863 776 1902 tegivellent,
803 1864 866 1893 sed
884 1864 1060 1905 fraudem
1082 1864 1351 1904 Campanorum,
1379 1875 1484 1905 quam

67 1919 205 1949 subesse
229 1920 508 1960 suspicabantur,
531 1921 701 1960 protrahi
725 1925 759 1951 et
782 1923 897 1962 detegi
923 1927 1027 1962 posse
1053 1924 1242 1962 putabant.
1287 1923 1483 1952 Perz'ncom—

67 1977 166 2007 mode
189 1977 246 2008 hic
271 1979 341 2008 iam
367 1979 634 2019 significaretur
666 1980 844 2010 consilium
872 1984 994 2020 postea
1026 1991 1047 2010 a
1078 1982 1234 2011 Graccho
1261 1992 1325 2011 sua
1351 1985 1482 2021 sponte,

67 2045 137 2065 non
173 2046 281 2067 suasu
325 2036 604 2078 Campanorum,
643 2043 790 2078 captum.
843 2041 899 2070 Ne
941 2040 1089 2070 Gracchi
1120 2041 1256 2081 quidem
1289 2041 1481 2076 consilium,

74 2092 333 2134 Campanorum
356 2096 533 2138 fraudem
565 2098 776 2137 occupantis,
806 2099 938 2140 fallax
968 2099 1090 2129 Livius
1121 2100 1368 2139 appellaturus
1394 2103 1480 2130 erat.

72 2150 321 2184 correctionem
354 2159 437 2185 ante
468 2157 594 2186 multos
625 2156 694 2186 iam
729 2167 841 2188 annos
873 2161 1098 2195 annotaram,
1131 2159 1192 2188 sed
1218 2163 1341 2197 pravoe
1367 2160 1485 2188 mendi

67 2210 269 2252 defensioni
286 2212 578 2256 postposueram.)
629 2214 669 2247 11
700 2213 826 2256 (triduo
852 2217 943 2246 Reiz.
969 2221 1035 2259 pro
1062 2214 1222 2258 triduum)
1266 2216 1309 2249 13
1346 2215 1481 2258 (tuticus

67 2267 95 2298 is
122 2278 268 2301 summus
301 2271 416 2301 Fabri
445 2282 462 2302 e
488 2273 541 2306 P:
573 2273 852 2304 tuticuisummus.
910 2275 1024 2304 Drak.
1060 2286 1123 2305 om.
1158 2274 1213 2316 is.)
1270 2275 1313 2307 15
1346 2274 1481 2317 (Verba

67 2326 161 2358 Trid.
189 2338 272 2360 sacr.
301 2329 344 2360 ad
369 2329 498 2361 Hamas
534 2332 670 2362 notavit
694 2331 850 2374 Heerw,)
884 2332 927 2366 19
960 2338 1060 2373 capta
1085 2331 1102 2350 *
1129 2339 1162 2364 et
1189 2334 1287 2374 signa
1311 2334 1360 2374 (Ρ
1382 2340 1481 2374 capta

67 2392 119 2416 est
145 2386 249 2428 signa.
307 2387 535 2428 Captivorum
568 2400 751 2420 numerum
784 2393 952 2422 excidisse
983 2393 1105 2432 suspic.
1147 2392 1275 2430 Weiss„
1307 2393 1372 2434 cfr.
1401 2392 1480 2422 Em.

67 2446 158 2479 326‚·
195 2446 285 2486 capti
323 2447 456 2487 scripsi,
496 2449 586 2489 quod
617 2451 729 2488 plura
767 2451 879 2480 millia
918 2455 1019 2490 capta
1054 2451 1176 2482 Livius
1201 2452 1262 2481 vix
1287 2450 1482 2492 narravit.)

68 2502 226 2541 XXXVI,
253 2503 274 2536 2
301 2515 543 2547 servorumque
574 2505 716 2545 (Alsch.‚
749 2509 823 2549 Mg.
851 2510 928 2540 Em.
957 2512 1025 2542 326
1052 2508 1100 2551 n.)
1151 2509 1325 2546 XXXVII,
1352 2508 1373 2541 2
1399 2509 1480 2550 (tur-

66 2571 135 2592 rem
173 2561 273 2593 aliam
310 2564 385 2604 Mg.
424 2564 502 2596 Em.
542 2566 609 2596 ibd.
646 2566 766 2604 Comi„
806 2568 920 2598 Drak.
960 2568 1058 2598 aliam
1098 2566 1237 2603 turrem)
1278 2567 1317 2600 11
1358 2568 1480 2598 milites

67 2620 192 2658 amisit;
219 2621 317 2662 signa
343 2621 432 2664 (Mg.
459 2624 538 2654 Em.
565 2623 648 2665 325)
683 2624 726 2658 13
752 2624 916 2667 (quinque
944 2626 1049 2656 millia
1075 2627 1190 2656 Alsch.
1219 2627 1252 2656 Γ
1272 2626 1336 2657 uel.
1365 2628 1478 2657 Drak.
