1789 2955
524 73 640 108 Liber
663 72 832 108 XXVII.
881 74 942 117 (A.
969 72 1035 107 Oh.
1060 74 1154 116 208.)
1471 77 1551 114 103

113 200 259 251 Itaque
290 200 324 238 is
356 201 483 250 magis
513 200 784 251 implacabilis
815 203 902 238 erat
933 204 972 238 et
995 201 1097 238 nihil
1129 214 1228 251 opus
1260 214 1344 239 esse
1375 202 1551 239 reconci-
1570 202 1595 238 8

114 272 285 310 liatione
315 272 467 318 aiebat;
500 273 633 310 acrius
665 276 704 309 et
734 272 926 310 intentius
958 273 1093 310 omnia
1131 276 1317 322 gesturos
1345 274 1544 323 timentes,

115 357 164 382 ne
196 344 401 382 crescendi
417 358 466 382 ex
491 357 532 382 se
559 344 721 382 inimico
739 345 903 394 collegae
920 348 1095 394 potestas
1118 345 1243 383 fieret.
1291 345 1406 383 Vicit
1423 349 1553 383 tamen
1573 346 1595 381 9

115 416 334 454 auctoritas
365 419 547 463 senatus,
578 420 643 463 ut,
675 416 820 466 positis
858 416 1154 464 simultatibus,
1186 417 1386 455 communi
1417 417 1549 454 animo

114 488 364 538 consilioque
395 488 725 526 administrarent
755 502 838 525 rem
869 488 1084 538 publicam.
1130 489 1358 527 Provinciae
1389 488 1438 526 iis
1468 501 1548 525 non
1568 488 1618 526 10

112 560 321 610 permixtae
351 561 598 609 regionibus,
644 561 747 598 sicut
777 560 1055 610 superioribus
1087 561 1215 607 annis,
1261 561 1331 598 sed
1378 560 1547 598 diversae

113 632 299 669 extremis
324 631 456 670 Italiae
486 632 645 679 finibus,
676 632 795 670 alteri
825 632 1014 670 adversus
1032 632 1304 671 Hannibalem
1322 632 1478 669 Bruttii
1512 635 1551 669 et

113 703 281 750 Lucani,
312 705 429 742 alteri
447 703 584 742 Gallia
600 704 790 743 adversus
807 704 1117 752 Hasdrubalem,
1145 718 1257 754 quem
1274 706 1352 743 iam
1369 703 1550 754 Alpibus

111 776 436 826 appropinquare
463 778 569 815 fama
600 781 697 823 erat,
731 776 903 814 decreta.
956 776 1193 814 Exercitum
1225 790 1245 814 e
1278 776 1455 823 duobus,
1487 776 1556 826 qui
1575 776 1624 813 11

114 848 157 885 in
191 846 329 887 Gallia
361 849 510 899 quique
542 849 583 886 in
614 849 783 886 Etruria
829 851 950 894 esset,
983 848 1121 886 addito
1167 849 1342 896 urbano,
1373 849 1553 897 eligeret,

117 933 233 970 quem
267 921 416 971 mallet,
451 921 520 970 qui
538 920 714 959 Galliam
746 924 847 959 esset
865 920 1051 967 sortitus3
1085 921 1148 958 cui
1168 921 1322 959 Bruttii
1350 920 1560 971 provincia
1581 921 1630 957 12

112 993 321 1040 evenisset,
351 993 465 1032 novis
496 993 726 1042 legionibus
748 993 913 1030 urbanis
930 993 1105 1042 scriptis,
1136 993 1268 1031 utrius
1299 993 1436 1030 mallet
1461 1006 1551 1030 con-

114 1064 246 1102 sulum
277 1065 426 1115 prioris
473 1066 579 1112 anni,
621 1065 842 1103 exercitum
888 1068 1079 1112 sumeret3
1126 1066 1312 1103 relictum
1344 1080 1366 1103 a
1397 1065 1557 1103 consule
1578 1064 1627 1101 13

111 1136 332 1174 exercitum
364 1136 412 1184 Q.
446 1137 616 1176 Fulvius
661 1138 876 1187 proconsul
914 1139 1126 1187 acciperet,
1158 1138 1274 1187 eique
1320 1139 1361 1175 in
1407 1150 1553 1175 annum

112 1208 325 1258 imperium
357 1212 470 1248 esset.
532 1210 586 1247 Et
617 1210 662 1249 O.
693 1209 895 1256 Hostilio,
943 1211 1005 1247 cui
1037 1223 1110 1260 pro
1142 1210 1309 1247 Etruria
1339 1209 1559 1247 Tarentum
1579 1207 1630 1245 14

112 1284 367 1319 mutaverant
410 1282 661 1332 provinciam
685 1313 693 1328 ,
740 1295 813 1332 pro
845 1281 1020 1319 Tarento
1067 1282 1245 1333 Capuam
1282 1285 1554 1327 mutaverunt3

111 1352 219 1403 legio
250 1366 331 1391 una
361 1354 456 1392 data
487 1357 559 1405 est,
592 1354 658 1392 cui
688 1353 856 1392 Fulvius
887 1354 1070 1404 proximo
1103 1368 1206 1392 anno
1238 1354 1466 1404 praefuerat.

227 1424 293 1463 De
315 1426 587 1465 Hasdrubalis
611 1426 784 1464 adventu
807 1427 847 1464 in
865 1427 1026 1464 Italiam
1052 1440 1147 1464 cura
1171 1427 1211 1463 in
1229 1426 1315 1464 dies
1331 1425 1548 1463 crescebat.
1622 1419 1677 1468 36

112 1497 426 1536 Massiliensium
456 1499 630 1549 primum
676 1499 802 1548 legati
848 1499 1134 1537 nuntiaverant
1179 1512 1268 1536 eum
1299 1499 1341 1536 in
1372 1497 1552 1536 Galliam

112 1573 423 1621 transgressum,
457 1574 688 1621 erectosque
721 1571 897 1609 adventu
922 1571 1019 1617 eius,
1053 1571 1149 1620 quia
1180 1584 1368 1619 magnum
1398 1569 1594 1619 pondus2

114 1642 203 1680 auri
235 1643 418 1681 attulisse
449 1643 653 1680 diceretur
679 1643 730 1680 ad
756 1643 938 1680 mercede
956 1643 1107 1680 auxilia
1124 1641 1396 1687 conducenda,
1415 1640 1552 1678 Gallo-

114 1726 203 1751 rum
235 1715 401 1753 animos.
461 1715 582 1752 Missi
628 1715 775 1752 deinde
820 1729 908 1753 cum
953 1716 1001 1752 iis
1048 1715 1173 1764 legati
1219 1715 1268 1752 ab
1300 1714 1430 1751 Roma
1461 1712 1593 1751 Sex.3

113 1786 318 1824 Antistius
336 1790 374 1824 et
390 1786 446 1826 M.
464 1787 625 1825 Raecius
643 1788 694 1825 ad
711 1800 795 1825 rem
813 1787 1105 1835 inspiciendam
1129 1787 1381 1832 rettulerant,
1399 1784 1554 1822 misisse

113 1871 154 1895 se
186 1871 274 1895 cum
298 1858 622 1897 Massiliensibus
649 1859 828 1905 ducibus,
860 1860 929 1909 qui
956 1873 1026 1909 per
1056 1860 1234 1909 hospites
1266 1871 1413 1904 eorum,
1444 1857 1552 1906 prin-

115 1930 223 1980 cipes
236 1929 458 1979 Gallorum,
483 1932 615 1969 omnia
632 1932 842 1981 explorata
858 1933 1075 1979 referrent3
1092 1945 1164 1982 pro
1183 1934 1386 1981 comperto
1402 1929 1561 1975 habere,
1577 1929 1603 1965 4

111 2002 422 2054 Hasdrubalem,
456 2003 615 2053 ingenti
630 2004 709 2042 iam
728 2008 864 2041 coacto
893 2004 1080 2050 exercitu,
1113 2004 1299 2054 proximo
1313 2016 1407 2041 vere
1423 2002 1553 2051 Alpes

110 2075 386 2122 traiecturum,
416 2089 488 2113 nec
518 2079 604 2113 tum
634 2090 722 2113 eum
755 2077 969 2125 quicquam
1000 2076 1110 2113 aliud
1136 2076 1306 2125 morari,
1337 2075 1414 2112 nisi
1446 2073 1553 2124 quod

111 2146 258 2184 clausae
288 2147 418 2185 hieme
450 2147 580 2197 Alpes
613 2151 757 2186 essent.

223 2219 274 2256 In
319 2219 449 2257 locum
485 2220 539 2258 M.
573 2220 759 2257 Marcelli
798 2219 846 2257 P.
879 2220 1015 2258 AElius
1047 2220 1183 2257 Paetus
1231 2232 1359 2268 augur
1390 2220 1547 2255 creatus
1573 2216 1596 2251 5

109 2291 472 2341 inauguratusque,
519 2295 558 2329 et
598 2292 667 2329 Cn.
709 2291 921 2330 Cornelius
967 2291 1186 2330 Dolabella
1230 2304 1301 2328 rex
1346 2302 1547 2327 sacrorum

110 2361 373 2412 inauguratus
405 2367 465 2401 est
496 2364 536 2401 in
568 2364 700 2401 locum
716 2364 771 2402 M.
788 2364 946 2411 Marcii,
979 2364 1048 2414 qui
1065 2364 1226 2401 biennio
1258 2365 1349 2400 ante
1372 2363 1552 2398 mortuus

108 2438 213 2494 erat,-
251 2434 341 2473 Hoc
374 2436 512 2474 eodem
544 2450 646 2474 anno
679 2439 717 2473 et
748 2436 921 2474 lustrum
953 2436 1160 2474 conditum
1187 2438 1246 2473 est
1277 2448 1299 2472 a
1325 2433 1555 2471 censoribus
1576 2433 1598 2468 6

110 2505 158 2544 P.
192 2505 431 2557 Sempronio
463 2508 668 2546 Tuditano
710 2512 749 2546 et
779 2508 836 2546 M.
868 2508 1055 2546 Cornelio
1089 2507 1280 2555 Cethego.
1342 2505 1471 2543 Censa
1503 2505 1555 2542 ci·
1577 2505 1597 2539 7

107 2578 219 2615 vium
264 2579 397 2628 capita
442 2585 599 2618 centum
643 2581 814 2630 triginta
867 2584 1018 2630 septem
1065 2579 1194 2616 millia
1240 2581 1399 2615 centum
1444 2579 1546 2622 octo,

110 2650 243 2688 minor
273 2651 480 2701 aliquanto
512 2666 713 2699 numerus,
747 2666 865 2702 quam
897 2653 1077 2701 quiante
1116 2650 1264 2687 bellum
1297 2650 1439 2687 fuerat.
1499 2647 1601 2685 Eos
