1768 2943
264 122 321 161 44
685 120 789 151 Liber
814 120 907 150 XXI.
958 119 1012 162 (A.
1040 130 1071 151 u.
1098 131 1126 152 c.
1154 120 1250 162 536.)

265 251 359 286 dam
388 250 530 288 Siciliae
563 262 689 295 oram,
723 251 810 300 ipse
841 251 882 288 in
913 251 1084 288 insulam
1111 251 1305 296 Melitam,
1340 264 1428 300 quae
1460 265 1484 289 a
1513 252 1681 289 Cartha-

224 319 250 359 2
264 320 514 368 giniensibus
537 322 761 365 tenebatur,
788 322 955 358 traiecit.
1003 322 1246 359 Advenienti
1263 322 1468 359 Hamilcar
1485 322 1680 371 Gisgonis

264 390 378 432 filius,
412 390 625 438 praefectus
657 391 845 440 praesidii,
881 404 970 428 cum
1002 392 1124 440 paulo
1157 393 1288 429 minus
1321 393 1481 429 duobus
1508 392 1680 430 millibus

265 460 431 497 militum
464 461 741 510 oppidumque
770 474 860 498 eum
882 462 1014 498 insula
1037 463 1217 498 traditur.
1280 461 1382 498 Inde
1406 467 1501 511 post
1525 474 1682 511 paucos

265 530 353 567 dies
392 531 565 567 reditum
596 531 830 579 Lilybaeum,
871 532 1096 580 captivique
1129 538 1170 568 et
1200 544 1224 567 a
1257 532 1423 568 consule
1455 539 1495 568 et
1526 544 1551 568 a
1581 544 1681 581 prae-

265 608 365 645 tore,
399 606 542 649 praeter
573 601 753 649 insignes
786 602 995 638 nobilitate
1027 603 1146 646 viros,
1181 603 1254 638 sub
1280 613 1434 639 corona
1456 602 1680 639 venierunt.

224 669 484 719 3Postquam
519 671 569 707 ab
603 683 652 706 ea
684 677 798 719 parte
831 672 927 708 satis
959 677 1086 708 tutam
1109 671 1282 708 Siciliam
1307 672 1502 709 censebat
1525 672 1680 717 consul,

266 741 320 777 ad
343 741 494 777 insulas
514 740 699 786 Vulcani,
726 742 819 789 quia
844 741 952 778 fama
973 747 1059 778 erat
1083 747 1188 778 stare
1213 743 1268 778 ibi
1285 743 1479 779 Punicam
1497 743 1679 787 classem,

265 811 438 855 traiecit;
480 824 555 848 nec
595 812 806 859 quisquam
845 812 1019 848 hostium
1054 813 1159 849 circa
1191 824 1261 848 eas
1293 813 1443 849 insulas
1475 813 1681 856 inventus3

223 880 359 918 4nam
393 881 496 917 forte
520 883 825 918 transmiserant
847 882 902 917 ad
926 883 1165 918 vastandam
1190 882 1313 919 Italiae
1338 894 1464 927 oram,
1497 883 1682 931 depopu-

225 950 429 999 5latoque
455 951 697 989 Viboniensi
730 964 843 1001 agro,
877 952 1015 988 urlaem
1041 952 1161 988 etiam
1187 953 1404 995 terrebant.
1466 951 1683 1000 Repetenti

266 1021 439 1058 Siciliam
483 1023 639 1059 consuli
681 1022 867 1059 escensio
910 1021 1085 1058 hostium
1129 1023 1170 1058 in
1209 1034 1348 1070 agrum
1388 1022 1683 1059 Viboniensem

267 1091 374 1128 facta
406 1093 622 1137 nuntiatur,
657 1093 876 1140 litteraeque
909 1093 961 1128 ab
994 1098 1137 1129 senatu
1170 1093 1223 1128 de
1255 1093 1423 1129 transitu
1453 1093 1495 1128 in
1526 1092 1683 1128 Italiam

267 1161 521 1206 Hannibalis,
551 1168 591 1199 et
618 1168 660 1199 ut
687 1163 816 1211 primo
847 1174 1010 1210 quoque
1033 1168 1216 1211 tempore
1242 1163 1408 1211 collegae
1431 1162 1552 1198 ferret
1574 1163 1683 1198 auxi-

225 1229 373 1276 filium,
407 1233 540 1269 missae
574 1233 798 1268 traduntur.
862 1232 997 1269 Multis
1030 1233 1145 1269 simul
1173 1234 1314 1269 anxius
1339 1233 1442 1270 curis
1466 1233 1682 1270 exercitum

267 1303 469 1350 extemplo
502 1303 544 1339 in
575 1314 699 1339 naves
730 1302 963 1350 impositum
997 1303 1219 1339 Ariminum
1252 1303 1350 1338 mari
1383 1315 1529 1352 supero
1561 1303 1681 1347 misit,

267 1372 356 1408 Sex.
390 1372 620 1421 Pomponio
661 1373 796 1421 legato
837 1384 927 1408 cum
966 1372 1103 1421 viginti
1131 1375 1320 1421 'quinque
1351 1374 1483 1422 longis
1516 1374 1684 1410 navibus

267 1442 562 1479 Viboniensem
589 1455 728 1491 agrum
752 1442 1072 1491 maritimamque
1091 1456 1205 1480 oram
1221 1443 1345 1480 Italiae
1363 1444 1557 1480 tuendam
1575 1443 1683 1480 attri-

227 1509 249 1549 7
266 1513 363 1557 buit,
397 1512 453 1549 M.
479 1513 642 1549 AEmilio
671 1513 829 1561 praetori
855 1513 1147 1562 quinquaginta
1171 1515 1332 1550 navium
1356 1515 1526 1551 classem
1551 1514 1685 1562 exple·

266 1583 333 1619 vit.
381 1582 487 1631 Ipse,
517 1583 752 1631 compositis
771 1582 912 1619 Siciliae
930 1584 1062 1627 rebus,
1082 1585 1226 1621 decem
1245 1585 1412 1621 navibus
1431 1596 1543 1620 oram
1561 1584 1683 1621 Italiae

268 1654 408 1701 legens
433 1654 656 1689 Ariminum
679 1653 873 1702 pervenit.
937 1653 1039 1690 Inde
1068 1666 1157 1691 cum
1183 1655 1359 1691 exercitu
1387 1666 1460 1691 suo
1478 1654 1684 1703 profectus

269 1724 322 1759 ad
355 1723 546 1760 Trebiam
579 1724 728 1760 flumen
763 1723 928 1771 collegae
961 1725 1230 1774 coniungitur.

142 1789 203 1833 52
384 1793 469 1829 Iam
495 1794 616 1830 ambo
643 1795 830 1830 consules
855 1800 896 1830 et
920 1794 1112 1843 quicquid
1129 1796 1405 1832 Romanarum
1429 1795 1566 1831 virium
1586 1801 1683 1839 erat,

269 1862 489 1899 Hannibali
515 1864 762 1912 oppositum,
788 1870 857 1900 aut
882 1865 956 1901 illis
982 1866 1109 1914 copiis
1128 1866 1296 1902 defendi
1314 1877 1436 1914 posse
1454 1866 1685 1902 Romanum

228 1931 254 1971 2
269 1933 476 1980 imperium
503 1939 571 1969 aut
596 1946 709 1982 spem
734 1934 883 1970 nullam
907 1935 1024 1970 aliam
1051 1947 1153 1980 esse,
1180 1937 1276 1973 satis
1295 1936 1541 1973 declarabat.
1605 1935 1686 1972 Ta·

269 2015 362 2038 men
395 2004 536 2039 consul
569 2004 682 2048 alter,
715 2005 888 2051 equestri
922 2005 1064 2053 proelio
1097 2016 1179 2041 uno
1213 2010 1253 2041 et
1285 2005 1446 2042 vulnere
1471 2017 1544 2042 suo
1569 2009 1589 2051 †
1613 2006 1685 2041 mi-

269 2078 401 2116 nutus,
431 2074 532 2109 trahi
555 2086 638 2109 rem
662 2074 858 2117 malebat;
892 2075 1065 2112 recentis
1091 2075 1213 2111 animi
1238 2075 1337 2111 alter
1360 2087 1494 2123 eoque
1511 2075 1685 2112 ferocior

229 2141 254 2181 3
269 2143 418 2179 nullam
436 2144 674 2180 dilationem
692 2144 931 2192 patiebatur.
977 2144 1102 2190 Quod
1118 2145 1222 2181 inter
1239 2145 1429 2182 Trebiam
1446 2146 1684 2194 Padumque

269 2213 354 2261 agri
379 2219 452 2257 est,
479 2213 583 2250 Galli
607 2220 690 2250 tum
707 2215 955 2258 incolebant,
981 2215 1020 2251 in
1039 2216 1213 2252 duorum
1229 2216 1539 2264 praepotentium
1555 2227 1685 2264 popu-

271 2283 397 2319 lorum
426 2284 645 2320 certamine
672 2297 743 2332 per
767 2285 998 2333 ambiguum
1025 2285 1204 2322 favorem
1229 2286 1339 2321 haud
1363 2285 1485 2322 dubie
1513 2285 1683 2334 gratiam

229 2352 430 2391 4victoris
464 2359 709 2402 spectantes.
778 2354 825 2390 Id
857 2355 1046 2400 Romani,
1085 2356 1214 2392 modo
1247 2368 1299 2392 ne
1331 2356 1429 2403 quid
1460 2361 1683 2400 moverent,

271 2435 388 2470 aequo
417 2424 527 2468 satis,
561 2424 710 2460 Poenus
737 2425 950 2472 periniquo
981 2426 1117 2462 animo
1148 2425 1316 2470 ferebat,
1349 2426 1400 2461 ab
1425 2425 1551 2463 Gallis
1579 2426 1684 2463 acci—

231 2492 354 2530 5tum
387 2505 430 2529 se
462 2494 620 2530 venisse
653 2495 707 2530 ad
740 2495 972 2531 liberandos
1005 2507 1077 2532 eos
1101 2496 1303 2532 dictitans.
1367 2494 1431 2532 Ob
1455 2508 1546 2532 eam
1569 2496 1683 2540 iram,

273 2562 386 2598 simul
419 2568 461 2598 ut
493 2564 631 2611 praeda
663 2564 826 2600 militem
860 2565 996 2609 aleret,
1028 2566 1111 2602 duo
1144 2566 1265 2602 millia
1297 2566 1478 2614 peditum
1511 2571 1552 2602 et
1577 2566 1684 2602 mille

271 2633 439 2679 equites,
465 2632 663 2670 Numidas
681 2634 910 2682 plerosque,
935 2635 1080 2672 mixtos
1099 2636 1299 2684 quosdam
1318 2642 1358 2672 et
1375 2635 1529 2681 Gallos,
1555 2647 1684 2685 popu-
