1789 2955
282 81 362 119 238
690 76 806 112 Liber
831 76 956 111 XXX.
1005 77 1067 119 (A.
1093 88 1127 110 u.
1153 87 1182 112 c.
1208 78 1303 121 551.)

283 219 361 255 quo
393 205 456 242 die
488 209 642 254 captam
673 205 823 243 hostem
855 204 1041 251 vidisset,
1080 203 1220 242 eodem
1250 205 1504 242 matrimonio
1538 205 1711 242 iunctam

285 278 481 326 acciperet
513 279 551 314 et
581 277 631 313 ad
662 281 825 326 penates
856 276 981 314 hostis
1012 277 1073 313 sui
1098 276 1277 326 nuptiale
1303 290 1456 314 sacrum
1488 275 1710 314 conficeret.

245 350 267 386 3
286 349 340 387 Et
355 362 400 386 eo
418 350 588 386 foediora
605 349 688 386 haec
706 348 949 386 videbantur
966 348 1158 398 Scipioni,
1186 349 1292 398 quod
1311 349 1441 398 ipsum
1459 348 1499 384 in
1513 347 1716 396 Hispania

286 422 466 459 iuvenem
497 422 647 459 nullius
678 421 805 459 forma
835 421 1045 470 pepulerat
1077 421 1256 470 captivae.
1318 420 1416 458 Haec
1444 433 1575 456 secum
1606 418 1715 456 volu-

283 493 387 530 tanti
404 492 556 530 Laelius
589 506 633 531 ac
650 493 868 531 Masinissa
894 497 1223 543 supervenerunt.
1270 493 1380 540 Quos
1412 504 1532 541 quum
1564 490 1716 540 pariter

285 565 399 602 ambo
432 568 472 601 et
488 565 662 612 benigno
678 565 793 602 vultu
811 565 1030 614 excepisset
1054 569 1094 602 et
1110 564 1285 614 egregiis
1304 563 1492 602 laudibus
1516 560 1717 610 frequenti

242 636 470 686 4praetorio
503 637 759 683 celebrasset,
806 637 1024 674 abductum
1071 637 1112 673 in
1144 640 1339 674 secretum
1370 634 1626 673 Masinissam
1657 632 1715 670 sic

285 709 522 758 alloquitur:
558 707 735 758 „Aliqua
765 712 816 754 te,
847 708 1082 756 Masinissa,
1114 708 1299 746 existimo
1331 708 1550 745 intuentem
1583 706 1622 742 in
1653 716 1716 742 me

283 780 388 818 bona
413 784 452 817 et
468 780 670 830 principio
697 781 737 817 in
754 781 956 831 Hispania
987 780 1036 817 ad
1071 780 1313 829 iungendam
1330 792 1482 817 mecum
1498 777 1716 816 amicitiam

285 852 441 890 venisse
487 855 527 889 et
570 856 709 901 postea
754 853 794 888 in
827 853 969 890 Africa
1014 856 1052 889 te
1099 853 1229 901 ipsum
1261 865 1429 902 spesque
1461 863 1595 888 omnes
1626 852 1723 897 tuas

245 924 267 960 5
287 923 326 960 in
357 923 476 961 fidem
507 937 634 961 meam
665 924 922 962 commisisse.
982 924 1112 973 Atqui
1159 925 1269 962 nulla
1315 937 1448 962 earum
1487 923 1615 960 virtus
1649 923 1718 966 est,

292 999 455 1045 propter
500 1009 596 1045 quas
628 996 703 1033 tibi
735 996 983 1046 appetendus
1014 996 1121 1033 visus
1169 996 1262 1043 sim,
1308 1009 1386 1046 qua
1426 1008 1498 1044 ego
1531 1007 1641 1044 aeque
1673 1004 1718 1029 ac

246 1068 268 1104 6
287 1068 554 1117 temperantia
585 1072 624 1105 et
655 1068 903 1105 continentia
935 1068 1148 1105 libidinum
1180 1068 1375 1117 gloriatus
1400 1067 1554 1105 fuerim.
1602 1066 1719 1103 Hanc

286 1143 325 1177 te
356 1153 515 1190 quoque
547 1140 595 1178 ad
627 1143 779 1177 ceteras
810 1144 899 1178 tuas
931 1140 1095 1177 eximias
1131 1140 1322 1186 virtutes,
1353 1139 1582 1184 Masinissa,
1615 1137 1719 1174 adie-

287 1211 387 1248 cisse
418 1211 551 1251 velim.
614 1212 704 1249 Non
736 1215 805 1258 est,
837 1225 917 1249 non
950 1212 1064 1262 (mihi
1097 1212 1230 1260 crede)
1262 1215 1419 1249 tantum
1456 1212 1505 1249 ab
1537 1210 1720 1248 hostibus

287 1284 449 1321 armatis
481 1284 590 1322 aetati
620 1288 766 1321 nostrae
798 1284 983 1334 periculi,
1016 1288 1206 1333 quantum
1238 1285 1288 1321 ab
1321 1283 1569 1321 circumfusis
1603 1281 1718 1319 undi-

248 1351 268 1387 7
290 1368 365 1404 que
395 1357 680 1406 voluptatibus.
728 1356 809 1404 Qui
834 1370 900 1394 eas
916 1356 1183 1405 temperantia
1207 1369 1277 1394 sua
1293 1356 1467 1393 frenavit
1494 1369 1539 1393 ac
1555 1354 1721 1401 domuit,

290 1428 415 1465 multo
446 1428 574 1466 maius
607 1429 727 1467 decus
759 1429 1028 1477 maioremque
1059 1427 1273 1465 victoriam
1300 1427 1375 1465 sibi
1402 1427 1571 1477 peperit,
1605 1439 1722 1476 quam

246 1497 359 1537 8nos
391 1499 572 1549 Syphace
619 1502 724 1538 victo
755 1501 957 1538 habemus.
1020 1499 1118 1547 Quae
1164 1513 1224 1536 me
1270 1499 1433 1536 absente
1473 1503 1632 1536 strenue
1679 1511 1723 1535 ac

290 1571 449 1608 fortiter
480 1572 623 1619 fecisti,
650 1572 824 1610 libenter
847 1577 886 1610 et
910 1572 1215 1610 commemoravi
1246 1575 1286 1608 et
1316 1571 1496 1618 memini3
1528 1575 1659 1608 cetera
1684 1573 1723 1608 te

294 1643 425 1693 ipsum
455 1648 587 1682 tecum
632 1649 818 1694 reputare
865 1657 984 1693 quam
1029 1657 1091 1681 me
1137 1643 1293 1680 dicente
1325 1643 1560 1680 erubescere
1607 1642 1723 1680 malo.

248 1715 270 1751 9
295 1714 458 1765 Syphax
476 1717 617 1766 populi
632 1717 805 1755 Romani
828 1716 1018 1766 auspiciis
1043 1716 1172 1753 victus
1198 1718 1417 1765 captusque
1449 1718 1518 1752 est.
1580 1714 1725 1763 Itaque

295 1787 396 1837 ipse,
427 1788 584 1838 coniux,
617 1802 800 1837 regnum,
833 1802 940 1837 ager,
973 1787 1148 1837 oppida,
1179 1787 1379 1836 homines,
1428 1787 1499 1836 qui
1532 1785 1726 1832 incolunt,

219 1857 272 1895 10
296 1859 488 1909 quicquid
519 1860 691 1911 denique
709 1860 903 1910 Syphacis
934 1861 1022 1906 fuit,
1055 1859 1193 1910 praeda
1224 1859 1364 1909 populi
1379 1858 1552 1896 Romani
1583 1861 1653 1904 est,
1685 1860 1723 1894 et

290 1945 425 1981 regem
457 1933 744 1982 coniugemque
786 1932 882 1979 eius,
930 1932 1089 1970 etiamsi
1126 1944 1205 1969 non
1244 1931 1345 1968 civis
1379 1929 1726 1979 Carthaginiensis

297 2008 411 2051 esset,
429 2005 587 2042 etiamsi
611 2018 690 2043 non
717 2007 871 2055 patrem
895 2004 980 2042 eius
999 2004 1278 2053 imperatorem
1296 2002 1471 2040 hostium
1487 2001 1725 2052 videremus,

295 2076 463 2114 Romam
495 2079 699 2126 oporteret
728 2076 849 2123 mitti,
880 2089 926 2114 ac
957 2078 1118 2113 senatus
1149 2075 1367 2126 populique
1398 2073 1571 2112 Romani
1603 2073 1651 2111 de
1681 2086 1727 2111 ea

296 2148 488 2186 iudicium
519 2151 640 2197 atque
671 2148 883 2186 arbitrium
909 2161 1004 2194 esse,
1037 2160 1125 2197 quae
1150 2160 1282 2197 regern
1309 2147 1459 2185 socium
1490 2145 1606 2184 nobis
1631 2145 1727 2184 alie-

228 2219 273 2256 11
294 2233 408 2259 nasse
454 2223 574 2270 atque
627 2220 669 2257 in
725 2233 835 2258 arma
887 2219 1016 2269 egisse
1061 2219 1307 2269 praecipitem
1355 2218 1524 2257 dicatur.
1599 2217 1727 2255 Vince

295 2292 488 2339 animum3
543 2304 639 2330 cave
695 2291 890 2329 deformes
936 2291 1061 2329 multa
1122 2291 1227 2329 bona
1286 2303 1365 2329 uno
1424 2290 1524 2328 vitio
1577 2294 1614 2327 et
1667 2292 1729 2326 tot

295 2364 529 2402 meritorum
553 2364 723 2414 gratiam
748 2363 897 2401 maiore
923 2363 1051 2412 culpa,
1085 2375 1203 2412 quam
1236 2375 1353 2400 causa
1384 2362 1511 2412 culpae
1543 2364 1612 2408 est,
1643 2373 1727 2398 cor-

295 2436 497 2486 rumpas.'·‘

171 2502 222 2551 15
409 2506 636 2545 Masinissae
682 2507 765 2544 haec
797 2506 976 2544 audienti
1015 2519 1095 2544 non
1136 2506 1260 2543 rubor
1289 2505 1416 2544 solum
1448 2504 1630 2550 suffusus,
1660 2501 1729 2541 sed

300 2578 474 2616 lacrimae
521 2579 643 2617 etiam
683 2579 852 2626 obortae3
900 2581 937 2615 et
984 2590 1105 2627 quum
1151 2591 1192 2615 se
1239 2577 1400 2627 quidem
1445 2577 1485 2613 in
1530 2577 1728 2626 potestate

301 2650 478 2688 futurum
510 2650 767 2700 imperatoris
815 2650 980 2688 dixisset
1027 2653 1258 2698 orassetque
1290 2662 1396 2695 eum,
1427 2651 1491 2695 ut,
1537 2650 1729 2696 quantum
