1789 2955
525 63 640 98 Liber
665 63 789 98 XXX.
838 64 900 107 (A.
928 62 992 96 Oh.
1017 62 1110 105 ⁴203.)
1456 63 1536 100 247

107 203 179 241 per
196 192 351 227 aetatem
369 189 534 238 (etenim
551 202 686 226 omnes
704 190 826 227 ferme
854 190 1017 226 iuvenes
1042 189 1172 236 erant)
1205 187 1383 225 dicerent
1406 187 1541 235 legati,

107 261 398 299 conclamatum
425 273 473 298 ex
511 261 618 298 omni
642 264 756 310 parte
780 261 900 298 curiae
935 264 1006 307 est,
1038 260 1193 297 Punica
1216 258 1357 296 fraude
1381 258 1542 305 electos,
1559 258 1582 294 6

108 332 177 381 qui
206 335 382 369 veterem
414 345 551 381 pacem
582 335 820 381 repeterent,
854 332 967 370 cuius
1013 332 1090 382 ipsi
1136 344 1215 368 non
1256 330 1540 367 meminissent.

105 403 260 441 Emotis
292 403 435 441 deinde
460 403 572 441 curia
590 404 747 453 legatis,
779 404 986 441 sententiae
1013 402 1257 451 interrogari
1283 405 1433 451 coeptae.
1480 400 1537 440 M.
1625 394 1682 443 23

104 474 248 513 Livius
266 475 308 513 C.
331 473 548 513 Servilium
576 475 792 522 consulem,
825 476 893 525 qui
918 476 1082 525 propior
1106 477 1219 520 esset,
1251 473 1542 519 arcessendum,

104 550 148 584 ut
179 559 311 584 coram
343 559 389 583 eo
422 546 471 583 de
502 559 600 596 pace
632 550 828 596 ageretur,
859 547 1062 593 censebat3
1095 558 1215 595 quum
1234 545 1282 582 de
1308 559 1351 582 re
1378 544 1541 591 maiore,
1561 543 1584 579 2

104 631 222 668 quam
254 622 404 667 quanta
435 631 482 655 ea
512 622 631 664 esset,
677 619 919 656 consultatio
951 618 1129 655 incidere
1160 630 1238 654 non
1270 619 1422 666 posset,
1461 629 1540 654 non

104 689 234 727 videri
266 689 346 727 sibi
378 690 541 727 absente
573 690 781 728 consulum
812 690 938 728 altero
970 689 1214 727 ambobusve
1245 702 1328 725 eam
1360 701 1442 725 rem
1475 688 1542 737 agi

105 762 202 799 satis
247 775 293 799 ex
334 761 531 810 dignitate
576 761 717 812 populi
755 761 930 799 Romani
976 775 1070 798 esse.
1132 761 1180 808 Q.
1214 760 1422 809 Metellus,
1471 757 1584 809 qui3

104 833 279 871 triennio
312 836 404 870 ante
436 834 574 870 consul
606 833 860 883 dictatorque
892 833 1038 870 fuerat:
1071 846 1192 882 quum
1225 832 1271 869 P.
1295 830 1436 881 Scipio
1468 844 1538 869 cae-

105 904 235 943 dendo
268 904 478 951 exercitus,
510 917 628 953 agros
658 905 886 954 populando
920 905 960 941 in
986 918 1068 941 eam
1096 904 1375 941 necessitatem
1407 904 1540 941 hostes

105 977 373 1026 compulisset,
404 979 448 1013 ut
479 976 683 1026 supplices
714 989 850 1026 pacem
890 979 1095 1026 peterent5
1135 980 1174 1013 et
1211 989 1324 1013 nemo
1363 972 1584 1013 omnium4

105 1048 238 1086 verius
270 1047 500 1086 existimare
531 1052 678 1098 posset,
712 1061 790 1097 qua
821 1051 951 1085 mente
983 1061 1029 1085 ea
1061 1060 1139 1097 pax
1170 1050 1386 1097 peteretur,
1420 1059 1539 1096 quam

105 1120 175 1170 qui
207 1122 298 1157 ante
329 1122 465 1169 portas
498 1119 756 1168 Carthaginis
786 1120 935 1157 bellum
967 1122 1142 1167 gereret,
1182 1118 1335 1156 nullius
1374 1118 1539 1156 alterius

103 1191 272 1229 consilio
298 1203 416 1240 quam
434 1190 638 1241 Scipionis
656 1191 930 1241 accipiendam
958 1190 1258 1228 abnuendamve
1282 1203 1418 1240 pacem
1444 1202 1539 1227 esse.

105 1263 159 1301 M.
200 1262 392 1301 Valerius
423 1261 635 1310 Laevinus,
681 1263 751 1312 qui
792 1262 853 1300 bis
886 1263 1023 1300 consul
1069 1263 1213 1312 fuerat,
1260 1260 1585 1311 speculatores,5

104 1348 183 1372 non
215 1335 367 1384 legatos
398 1333 555 1371 venisse
586 1335 792 1382 arguebat,
825 1334 1102 1384 iubendosque
1126 1334 1248 1371 Italia
1280 1332 1471 1371 excedere
1503 1335 1542 1370 et

105 1405 289 1444 custodes
321 1419 409 1443 cum
442 1405 493 1443 iis
517 1418 644 1455 usque
671 1405 721 1443 ad
746 1419 866 1444 naves
891 1405 1117 1452 mittendos,
1150 1404 1413 1455 Scipionique
1444 1405 1540 1442 scri-

105 1477 291 1525 bendum,
323 1491 372 1514 ne
403 1476 557 1515 bellum
587 1478 819 1516 remitteret.
865 1477 1013 1515 Laelius
1030 1478 1280 1527 Fulviusque
1297 1478 1543 1523 adiecerunt,
1561 1476 1583 1513 6

106 1552 148 1586 et
165 1548 393 1599 Scipionem
424 1550 465 1587 in
497 1562 544 1587 eo
576 1550 747 1600 positam
772 1550 959 1587 habuisse
986 1563 1096 1599 spem
1128 1550 1250 1599 pacis,
1281 1549 1316 1586 si
1332 1547 1542 1586 Hannibal

107 1624 148 1659 et
163 1621 284 1670 Mago
302 1633 352 1658 ex
368 1621 491 1658 Italia
506 1634 586 1658 non
602 1625 903 1667 revocarentur3
935 1625 1108 1658 ceterum
1135 1621 1268 1657 omnia
1284 1620 1546 1657 simulaturos
1566 1620 1587 1655 7

111 1692 477 1742 Carthaginienses,
510 1692 630 1730 duces
662 1706 728 1731 eos
760 1693 1037 1742 exercitusque
1068 1695 1367 1743 exspectantes3
1401 1690 1544 1728 deinde

109 1764 290 1815 quamvis
306 1765 526 1802 recentium
544 1764 738 1802 foederum
762 1769 802 1802 et
825 1765 988 1802 deorum
1014 1765 1190 1802 omnium
1217 1763 1366 1801 oblitos
1395 1762 1545 1800 bellum

111 1841 306 1886 gesturos.
351 1837 411 1875 Eo
443 1837 571 1885 magis
604 1837 646 1874 in
678 1836 832 1874 Laevini
864 1837 1101 1873 sententiam
1128 1836 1356 1874 discessum.
1403 1834 1590 1883 Legatiss

112 1922 211 1959 pace
243 1909 389 1947 infecta
420 1921 464 1946 ac
494 1921 620 1958 prope
651 1908 736 1945 sine
768 1921 957 1958 responso
989 1908 1158 1945 dimissi.

224 1980 304 2018 Per
335 1993 402 2019 eos
434 1980 519 2017 dies
559 1979 629 2017 Cn.
662 1979 857 2018 Servilius
889 1980 1046 2026 consul,
1091 1979 1200 2017 haud
1234 1979 1403 2025 dubius,
1450 1978 1547 2027 quin
1635 1974 1695 2023 24

110 2055 264 2103 pacatae
291 2053 425 2091 Italiae
442 2065 563 2102 penes
588 2065 627 2090 se
645 2052 774 2101 gloria
799 2055 915 2099 esset,
946 2052 1059 2090 velut
1074 2051 1235 2102 pulsum
1258 2051 1307 2089 ab
1332 2064 1372 2089 se
1388 2049 1545 2088 Hanni-

112 2124 242 2162 balem
274 2137 531 2175 persequens,
563 2124 606 2161 in
637 2122 832 2171 Siciliam,
865 2124 957 2162 inde
999 2124 1041 2161 in
1073 2123 1255 2162 Africam
1292 2122 1546 2168 transiturus,

111 2196 283 2234 traiecit.
345 2196 464 2244 Quod
494 2196 566 2234 ubi
598 2195 737 2233 Romae
768 2196 975 2245 vulgatum
1018 2199 1097 2245 est,
1140 2195 1269 2245 primo
1310 2194 1588 2231 censuerant2

112 2271 260 2318 patres,
289 2271 335 2306 ut
365 2272 513 2318 praetor
544 2267 738 2306 scriberet
768 2268 934 2315 consuli,
976 2271 1157 2306 senatum
1189 2279 1343 2316 aequum
1375 2278 1546 2315 censere,

112 2340 153 2377 in
184 2340 346 2378 Italiam
377 2340 526 2378 reverti
557 2353 664 2386 eum;
696 2339 809 2387 dein,
841 2353 961 2390 quum
994 2343 1142 2390 praetor
1188 2341 1414 2388 spreturum
1462 2350 1549 2375 eum
1569 2338 1592 2374 3

113 2411 270 2451 litteras
288 2425 380 2450 suas
405 2412 568 2462 diceret,
602 2412 777 2449 dictator
803 2412 853 2449 ad
881 2412 921 2448 id
947 2412 1076 2462 ipsum
1104 2414 1258 2448 creatus
1278 2409 1324 2447 P.
1347 2408 1548 2458 Sulpicius

114 2495 188 2532 pro
220 2484 306 2521 iure
337 2484 499 2522 maioris
520 2484 680 2534 imperii
705 2483 905 2521 consulem
932 2484 972 2520 in
990 2482 1154 2520 Italiam
1175 2482 1392 2519 revocavit.
1439 2480 1548 2518 Reli·
1568 2481 1593 2517 4

116 2568 238 2605 quum
269 2556 364 2594 anni
394 2569 483 2593 cum
516 2555 572 2593 M.
603 2554 774 2593 Servilio
805 2556 998 2604 magistro
1038 2553 1215 2604 equitum
1252 2552 1549 2590 circumeundis
