1789 2955
235 95 318 136 152
653 94 758 124 Liber
779 93 906 124 xxm.
941 92 995 136 (A.
1020 104 1050 125 u.
1071 104 1100 125 e.
1121 93 1218 136 539.)

193 222 407 273 7populos
439 224 494 260 ad
519 225 731 260 Romanos
764 224 976 261 defecisse.
1039 225 1177 270 Erant,
1211 227 1278 274 qui
1302 226 1525 275 Magonem
1557 239 1647 264 cum

232 295 361 331 classe
394 306 442 331 ea
475 294 697 343 copiisque,
731 294 881 330 omissa
911 293 1037 339 Italia,
1071 296 1112 332 in
1136 295 1375 345 Hispaniam
1408 302 1646 341 averterent,

192 362 216 403 8
232 376 354 412 quum
373 365 568 401 Sardiniae
593 364 837 413 recipiendae
863 365 1074 413 repentina
1099 377 1192 413 spes
1218 366 1383 403 affulsit:
1410 379 1576 415 parvum
1593 367 1647 402 ibi

233 435 449 472 exercitum
473 436 702 471 Romanum
727 446 838 479 esse;
863 441 1037 471 veterem
1061 441 1274 484 praetorem
1299 437 1396 472 inde
1420 437 1468 472 A.
1495 435 1648 472 Corne-

191 503 216 543 9
232 506 325 541 lium
351 505 567 554 provinciae
593 505 764 553 peritum
789 505 1006 550 decedere,
1036 517 1185 542 novum
1210 507 1455 555 exspectari;
1490 507 1544 543 ad
1569 507 1647 544 hoc

232 576 364 613 fessos
387 577 468 612 iam
494 575 652 613 animos
670 575 888 611 Sardorum
907 587 996 611 esse
1015 576 1274 612 diuturnitate
1291 577 1444 625 imperii
1461 577 1647 621 Romani,

233 654 272 682 et
295 646 479 695 proximo
503 646 550 682 iis
575 658 685 682 anno
712 646 858 682 acerbe
883 651 1003 693 atque
1028 657 1147 682 avare
1170 646 1429 695 imperatum;
1455 647 1565 695 gravi
1583 648 1649 683 tri-

232 716 330 752 buto
355 721 395 752 et
419 716 637 753 collatione
661 716 798 764 iniqua
823 715 1011 752 frumenti
1037 727 1221 763 pressos;
1248 717 1345 753 nihil
1369 718 1515 754 deesse
1540 718 1649 753 aliud

165 784 219 825 lO
233 798 354 833 quam
371 791 592 830 auctorem,
618 787 673 823 ad
690 798 809 834 quem
828 786 1061 823 deficerent.
1110 785 1208 823 Haec
1227 787 1482 824 clandestina
1498 788 1648 836 legatio

232 868 304 904 per
326 857 529 905 principes
553 857 675 893 missa
699 862 796 900 erat,
826 856 999 892 maxime
1024 868 1114 892 eam
1137 868 1221 892 rem
1244 857 1436 894 moliente
1460 857 1650 907 Hampsi—

234 938 342 971 cora,
383 928 449 975 qui
489 933 572 964 tum
610 927 849 964 auctoritate
881 931 1002 974 atque
1036 926 1181 975 opibus
1213 927 1336 975 longe
1368 928 1517 976 primus
1550 934 1647 965 erat.

166 997 214 1036 11
234 996 307 1033 His
339 997 488 1034 nuntiis
520 1010 648 1047 prope
682 1010 763 1034 uno
796 1003 980 1045 tempore
1013 996 1159 1033 turbati
1191 997 1395 1045 erectique
1426 998 1649 1047 Magonem

165 1066 219 1107 12
234 1079 323 1103 cum
348 1068 476 1105 classe
501 1081 574 1105 sua
599 1069 807 1117 copiisque
831 1068 873 1104 in
896 1066 1137 1116 Hispaniam
1161 1068 1334 1112 mittunt,
1362 1068 1404 1104 in
1421 1068 1649 1105 Sardiniam

233 1137 533 1175 Hasdrubalem
551 1139 733 1188 deligunt
750 1139 897 1174 ducem
915 1143 954 1174 et
971 1142 1127 1174 tantum
1144 1138 1269 1174 ferme
1284 1139 1504 1187 copiarum,
1524 1151 1651 1187 quan-

233 1213 317 1244 tum
348 1208 532 1257 Magoni,
567 1210 805 1246 decernunt.

167 1278 220 1318 13
352 1278 404 1315 Et
420 1279 562 1316 Romae
581 1282 781 1326 consules,
809 1279 1020 1315 transactis
1038 1279 1170 1324 rebus,
1197 1291 1285 1327 quae
1302 1279 1344 1315 in
1362 1280 1458 1316 urbe
1477 1281 1649 1328 agendae

166 1349 220 1389 14
234 1354 361 1393 erant,
390 1351 611 1388 movebant
633 1352 713 1388 iam
737 1362 827 1389 sese
851 1350 906 1386 ad
931 1349 1091 1387 bellum.
1145 1350 1207 1386 Ti.
1234 1350 1495 1398 Sempronius
1521 1350 1650 1386 militi-

234 1420 308 1456 bus
340 1420 572 1457 Sinuessam
605 1420 714 1457 diem
746 1421 800 1456 ad
833 1421 1161 1457 conveniendum
1179 1420 1315 1465 edixit,
1350 1426 1389 1456 et
1413 1420 1463 1466 Q.
1488 1420 1651 1464 Fabius,

235 1491 421 1527 consulto
463 1492 572 1540 prius
613 1497 770 1535 senatu,
814 1496 856 1526 ut
899 1490 1098 1527 frumenta
1142 1503 1285 1527 omnes
1324 1504 1372 1527 ex
1411 1491 1516 1539 agris
1557 1496 1651 1527 ante

167 1560 220 1601 15
236 1561 430 1598 calendas
447 1561 582 1598 Iunias
607 1562 756 1610 primas
773 1562 814 1597 in
833 1562 950 1597 urbes
968 1561 1143 1597 munitas
1162 1561 1455 1606 conveherent;
1482 1561 1549 1609 qui
1567 1573 1652 1597 non

234 1631 464 1676 invexisset,
514 1632 598 1668 eius
637 1644 681 1669 se
720 1644 860 1680 agrum
900 1632 1198 1683 populaturum,
1248 1643 1385 1668 servos
1424 1632 1496 1668 sub
1537 1631 1653 1668 hasta

235 1702 502 1747 venditurum,
536 1703 646 1739 villas
676 1703 948 1740 incensurum.
1007 1702 1068 1738 Ne
1101 1703 1339 1751 praetoribus
1373 1702 1550 1750 quidem,
1585 1702 1652 1750 qui

235 1772 290 1808 ad
313 1773 374 1809 ius
400 1773 620 1811 dicendum
647 1774 769 1810 creati
793 1781 919 1818 erant,
949 1774 1106 1810 vacatio
1134 1786 1157 1809 a
1182 1773 1274 1809 belli
1298 1773 1652 1809 administratione

168 1843 220 1883 16
237 1843 334 1879 data
361 1849 434 1880 est.
489 1843 694 1880 Valerium
721 1849 935 1892 praetorem
960 1844 1001 1880 in
1028 1843 1214 1892 Apuliam
1243 1844 1299 1879 ire
1327 1843 1478 1892 placuit
1504 1843 1559 1879 ad
1586 1855 1653 1878 ex-

236 1914 402 1950 ercitum
435 1926 459 1950 a
491 1914 684 1950 Terentio
717 1914 1020 1963 accipiendum:
1070 1925 1191 1961 quum
1224 1926 1273 1949 ex
1305 1913 1437 1950 Sicilia
1469 1913 1652 1961 legiones

237 1983 454 2028 venissent,
472 1984 519 2020 iis
537 1984 791 2032 potissimum
808 1985 863 2021 uti
881 1985 936 2020 ad
948 1984 1125 2033 regionis
1139 1984 1223 2020 eius
1235 1984 1479 2032 praesidium,
1499 1983 1653 2020 Teren—

170 2053 219 2094 17
237 2053 389 2089 tianum
413 2055 628 2090 exercitum
650 2055 864 2091 Tarentum
890 2055 990 2091 mitti
1009 2067 1099 2091 cum
1116 2055 1251 2102 aliquo
1269 2054 1513 2103 legatorum;
1542 2060 1583 2090 et
1598 2054 1653 2089 vi-

235 2124 336 2172 ginti
354 2124 530 2172 quinque
548 2137 672 2161 naves
690 2126 809 2169 datae,
829 2126 972 2173 quibus
991 2137 1103 2162 oram
1115 2125 1355 2162 maritimam
1366 2125 1470 2161 inter
1481 2124 1654 2161 Brundi-

169 2194 222 2235 18
238 2192 339 2229 sium
354 2206 401 2231 ac
415 2194 636 2232 Tarentum
649 2197 765 2232 tutari
781 2202 934 2245 posset.
980 2197 1056 2233 Par
1070 2196 1232 2232 navium
1244 2207 1433 2232 numerus
1448 2195 1498 2241 Q.
1512 2195 1653 2231 Fulvio

171 2264 396 2312 19praet0ri
439 2265 595 2302 urbano
629 2267 815 2303 decretus
848 2267 902 2303 ad
935 2267 1166 2304 suburbana
1198 2266 1315 2302 litora
1347 2267 1531 2302 tutanda.
1605 2263 1652 2301 C.

238 2333 433 2372 Terentio
457 2337 691 2385 proconsuli
714 2337 923 2385 negotium
949 2338 1102 2381 datum,
1129 2344 1172 2373 ut
1194 2337 1236 2373 in
1252 2337 1403 2373 Piceno
1431 2348 1528 2384 agro
1555 2348 1653 2373 con-

168 2405 224 2446 20
238 2404 496 2452 quisitionem
523 2406 690 2442 militum
716 2407 884 2443 haberet
910 2407 1092 2455 locisque
1118 2407 1179 2444 his
1206 2407 1396 2455 praesidio
1424 2412 1546 2443 esset.
1602 2406 1654 2442 Et

239 2474 288 2512 T.
322 2475 517 2514 Otacilius
551 2476 732 2521 Crassus,
773 2482 991 2525 postquam
1030 2478 1161 2514 aedem
1193 2477 1343 2514 Mentis
1374 2477 1416 2513 in
1449 2476 1652 2526 Capitolio

239 2547 456 2591 dedicavit,
484 2547 526 2584 in
543 2547 716 2584 Siciliam
734 2559 824 2584 cum
841 2547 1025 2596 imperio,
1045 2548 1111 2595 qui
1129 2548 1245 2584 classi
1263 2553 1467 2596 praeesset,
1494 2547 1652 2584 missus.

113 2612 175 2658 33
355 2617 402 2654 In
427 2617 531 2655 hanc
549 2617 854 2655 dimicationem
871 2618 1043 2654 duorum
1062 2618 1459 2666 opulentissimorum
1475 2618 1517 2653 in
1541 2617 1654 2653 terris
