1768 2943
517 91 620 122 Liber
646 90 738 121 XXI.
789 90 845 131 (A.
874 89 936 122 ch.
963 90 1058 133 218.)
1434 93 1491 133 45

74 221 144 258 lari
163 224 325 258 omnem
343 220 539 269 deinceps
557 233 696 269 agrum
715 233 842 269 usque
861 222 914 256 ad
932 221 1033 257 Padi
1051 221 1158 270 ripas
1183 222 1308 259 iussit.
1358 223 1493 272 Egen-
1507 225 1532 264 [3

73 297 134 329 tes
162 304 241 340 ope
270 290 388 336 Galli,
422 304 543 340 quum
573 292 627 327 ad
653 291 696 326 id
724 290 872 327 dubios
897 297 1126 327 servassent
1155 292 1327 335 animos,
1362 295 1493 331 coacti

74 363 125 399 ab
149 361 378 399 auctoribus
403 361 554 398 iniuriae
578 362 632 397 ad
649 360 830 397 vindices
850 360 1003 398 futuros
1022 361 1241 406 declinant,
1269 363 1492 412 legatisque

76 434 131 469 ad
163 432 351 470 consules
383 432 526 476 missis,
561 431 748 467 auxilium
781 431 1059 467 Romanorum
1093 437 1207 469 terrae
1240 434 1294 469 ob
1330 434 1491 470 nimiam

75 504 270 540 cultorum
302 502 424 539 fidem
456 502 496 538 in
519 502 730 538 Romanos
764 501 964 537 laboranti
997 507 1128 539 orant.
1193 502 1384 541 Cornelio
1417 505 1530 544 nec?

75 585 198 611 causa
228 585 302 610 nec
331 577 490 621 tempus
519 572 693 620 agendae
722 571 777 608 rei
807 572 1008 620 placebat,
1039 577 1309 621 suspectaque
1333 574 1369 610 ei
1393 587 1494 622 gens

74 648 159 681 erat
199 655 320 691 quum
353 643 407 679 ob
439 642 565 679 infida
596 642 719 678 multa
753 642 947 685 facinora,
982 647 1078 686 tum,
1112 648 1155 679 ut
1187 644 1264 680 alia
1296 650 1494 681 vetustate

74 713 383 757 obsolevissent‚
417 713 470 749 ob
503 718 707 749 recentem
741 711 934 748 Boiorum
965 712 1198 760 perfidiam;
1233 714 1534 764 SemproniusS

75 789 217 821 contra
245 783 504 820 continendis
532 783 572 819 in
596 783 676 819 fide
700 782 820 819 sociis
843 783 1059 819 maximum
1082 784 1282 820 vinculum
1305 797 1395 821 esse
1417 786 1495 834 pri-

74 866 176 899 mos,
196 854 262 902 qui
280 854 487 903 eguissent
504 865 596 902 ope,
617 852 812 889 defensos
831 853 1038 889 censebat.
1078 853 1247 902 Collega
1266 860 1494 899 cunctante,
1511 856 1536 895 9

75 924 297 973 equitatum
324 936 451 968 suum,
476 924 582 960 mille
600 923 795 972 peditum,
821 923 1108 960 iaculatoribus
1127 924 1266 968 ferme,
1292 925 1495 969 admixtis,

76 996 130 1031 ad
159 995 467 1031 defendendum
486 993 684 1031 Gallicum
703 1005 842 1042 agrum
860 999 969 1031 trans
988 994 1179 1031 Trebiam
1197 995 1328 1031 mittit.
1378 996 1496 1044 Spar-
1516 996 1568 1036 10

76 1077 144 1102 sos
177 1070 218 1101 et
248 1064 557 1113 incompositos,
592 1065 646 1100 ad
678 1064 756 1101 hoc
788 1076 932 1112 graves
964 1066 1103 1113 praeda
1136 1065 1352 1113 plerosque
1376 1077 1495 1114 quum

74 1135 288 1184 inopinato
312 1135 567 1179 invasissent,
595 1135 804 1183 ingentem
828 1141 1020 1171 terrorem
1040 1136 1277 1183 caedemque
1295 1147 1342 1172 ac
1361 1135 1497 1184 fugam

76 1217 203 1254 usque
220 1206 276 1242 ad
293 1210 423 1242 castra
441 1205 719 1253 stationesque
737 1205 912 1242 hostium
932 1205 1084 1250 fecere;
1115 1207 1225 1242 unde
1243 1205 1499 1242 multitudine

77 1275 205 1313 effusa
228 1275 331 1324 pulsi
353 1287 486 1312 rursus
511 1275 695 1312 subsidio
720 1288 882 1312 suorum
901 1276 1083 1325 proelium
1101 1277 1325 1313 restituere.
1373 1275 1499 1312 Varia
1517 1278 1564 1317 11

77 1346 173 1383 inde
196 1359 334 1395 pugna
357 1352 574 1394 sequentes
598 1347 849 1394 cedentesque
874 1359 995 1395 quum
1021 1348 1076 1383 ad
1100 1352 1321 1383 extremum
1347 1359 1498 1394 aequas-

78 1421 169 1453 sent
199 1421 416 1460 certamen,
450 1416 579 1453 maior
611 1422 746 1453 tamen
780 1417 955 1454 hostium
988 1419 1119 1461 caedes,
1145 1424 1265 1464 penes
1288 1417 1500 1453 Romanos

79 1486 187 1523 fama
213 1487 387 1524 victoriae
412 1487 496 1524 fuit.
547 1487 734 1524 Ceterum
760 1488 911 1525 nemini
937 1488 1116 1524 omnium
1135 1488 1264 1524 maior
1280 1487 1502 1535 iustiorque
1565 1485 1628 1530 '53

80 1569 200 1606 quam
232 1557 308 1606 ipsi
332 1557 488 1595 consuli
511 1558 656 1601 videri;
689 1558 843 1607 gaudio
868 1558 1011 1602 efferri,
1046 1571 1126 1607 qua
1150 1563 1265 1607 parte
1294 1558 1501 1607 copiarum

80 1628 179 1664 alter
210 1628 352 1665 consul
384 1627 509 1664 victus
538 1628 654 1673 foret,
689 1641 738 1664 ea
762 1640 805 1665 se
829 1628 990 1665 vicisse:
1025 1629 1232 1665 restitutos
1254 1640 1302 1665 ac
1324 1628 1501 1665 refectos
1516 1629 1543 1668 2

79 1698 268 1734 militibus
300 1698 472 1742 animos,
507 1710 582 1734 nec
615 1710 859 1746 quemquam
893 1711 983 1735 esse
1015 1703 1160 1747 praeter
1188 1699 1400 1747 collegam,
1435 1699 1502 1747 qui

82 1768 247 1805 dilatam
271 1768 575 1805 dimicationem
592 1769 731 1812 vellet;
757 1780 862 1812 eum,
888 1769 1025 1805 animo
1043 1769 1172 1817 magis
1191 1781 1312 1817 quam
1330 1780 1502 1817 corpore

81 1851 244 1888 aegrum„
277 1839 473 1876 memoria
504 1839 677 1876 vulneris
709 1838 838 1875 aciem
871 1851 919 1876 ac
951 1840 1031 1875 tela
1064 1840 1240 1876 horrere.
1304 1839 1385 1876 Sed
1419 1839 1544 1879 non3

82 1921 172 1947 esse
204 1921 295 1947 cum
327 1921 436 1959 aegro
467 1910 780 1947 senescendum.
845 1909 956 1956 Quid
988 1909 1095 1946 enim
1128 1910 1229 1945 ultra
1261 1909 1411 1945 differri
1436 1914 1505 1945 aut

83 1981 155 2017 teri
185 1978 370 2030 tempus?
403 1992 523 2028 quem
553 1979 711 2016 tertium
736 1981 958 2024 consulem,
993 1992 1114 2028 quem
1139 1979 1260 2016 alium
1287 1979 1503 2016 exercitum

83 2049 333 2100 exspectari?
381 2049 524 2087 Castra
556 2049 952 2099 Carthaginiensium
990 2051 1031 2087 in
1063 2050 1178 2086 Italia
1222 2062 1270 2087 ac
1302 2062 1431 2098 prope
1465 2049 1547 2090 in4

84 2125 307 2170 conspectu
346 2120 454 2157 urbis
492 2132 596 2157 esse.
673 2120 767 2157 Non
808 2120 982 2158 Siciliam
1024 2133 1072 2157 ac
1106 2120 1348 2163 Sardiniam,
1392 2120 1505 2156 victis

84 2192 312 2240 ademptas,
346 2202 421 2228 nec
449 2191 506 2227 cis
531 2190 729 2227 Hiberum
755 2190 996 2240 Hispaniam
1022 2191 1118 2241 peti,
1153 2191 1227 2227 sed
1256 2191 1345 2227 solo
1373 2190 1504 2238 patrio

85 2267 284 2310 terraque,
308 2261 349 2298 in
374 2273 454 2310 qua
476 2261 602 2310 geniti
626 2261 772 2305 forent,
798 2261 891 2310 pelli
908 2262 1133 2298 Romanos.
1189 2261 1421 2306 «Quantum
1444 2260 1504 2297 in·
1520 2259 1546 2298 5

86 2332 335 2381 gemiscant»
363 2332 492 2381 inquit
514 2336 672 2381 «patres
690 2331 830 2375 nostri,
857 2332 962 2368 circa
979 2331 1131 2368 moenia
1149 2330 1404 2379 Carthaginis
1423 2330 1505 2365 bel-

87 2403 169 2440 lare
201 2402 320 2448 soliti,
360 2402 393 2439 si
423 2402 589 2439 videant
620 2413 710 2445 nos,
744 2402 982 2450 progeniem
1016 2414 1143 2446 suam,
1178 2402 1284 2438 duos
1317 2400 1505 2436 consules

88 2474 402 2522 consularesque
426 2472 637 2517 exercitus,
665 2472 705 2508 in
729 2472 864 2508 media
881 2472 995 2508 Italia
1019 2477 1214 2520 paventes
1238 2472 1341 2507 intra
1359 2475 1503 2513 castra,

86 2544 269 2588 Poenum,
288 2544 400 2592 quod
416 2543 520 2580 inter
537 2544 660 2592 Alpes
673 2542 1042 2592 Appenninumque
1059 2542 1144 2591 agri
1157 2542 1218 2585 sit,
1238 2553 1319 2577 suae
1333 2540 1505 2577 dicionis

91 2612 284 2651 fecisse?›
321 2613 421 2651 Haec
446 2613 632 2650 assidens
659 2624 767 2661 aegro
796 2613 976 2661 collegae,
1002 2613 1087 2649 haec
1112 2612 1152 2648 in
1170 2611 1358 2659 praetorio
1377 2623 1504 2661 prope
1520 2610 1545 2651 6
