1789 2955
507 74 622 109 Liber
646 74 792 110 XXIX.
844 75 903 119 (A.
931 75 997 110 Oh.
1019 76 1116 120 205.)
1441 77 1518 115 183

93 206 189 250 erat,
218 203 378 240 tertiam
401 202 594 240 decimam
618 203 816 252 legionem
848 216 894 240 ex
919 202 1111 240 subsidiis
1138 203 1180 240 in
1206 203 1375 253 primam
1400 203 1523 240 aciem

92 273 384 312 firmamentum
416 274 537 322 ducit⁷
569 278 778 325 postquam
827 277 983 324 aequata
1014 275 1071 312 ibi
1102 289 1237 324 pugna
1282 278 1363 321 est,
1396 274 1445 312 ad
1476 274 1521 312 L.
1546 273 1594 310 lO

93 345 290 384 Manlium
321 346 426 383 inter
457 347 586 396 prima
611 347 724 396 signa
738 347 963 384 hortantem
989 360 1032 384 ac
1060 347 1253 394 subsidia,
1285 347 1430 397 quibus
1460 359 1523 384 res

94 418 337 468 postulabat,
369 418 465 456 locis
490 419 744 457 inducentem
760 418 892 465 venit;
923 418 1087 466 indicat,
1105 422 1192 456 tuta
1219 419 1268 456 ab
1285 419 1384 456 laevo
1402 431 1525 455 cornu

96 503 199 537 esse3
232 491 312 528 iam
341 490 503 529 missum
535 491 584 528 ab
617 505 657 529 se
695 491 925 530 Cornelium
966 491 1143 540 procella
1183 490 1360 540 equestri
1397 490 1529 528 hostes
1549 491 1594 526 11

98 561 442 600 circumfusurum.
517 563 599 601 Vix
653 562 737 601 haec
791 563 900 600 dicta
952 563 1139 613 dederat,
1186 576 1306 612 quum
1351 562 1524 600 Romani
1544 562 1593 598 12

93 633 250 683 equites
280 634 322 672 in
352 635 502 672 medios
533 635 680 673 invecti
710 636 844 673 hostes
875 635 994 673 simul
1016 635 1222 684 pedestres
1254 635 1357 672 acies
1388 635 1522 672 turba-

94 709 200 755 runt,
248 706 367 744 simul
414 707 619 757 equitibus
664 707 936 757 Hispanorum
980 708 1086 745 viam
1118 706 1357 744 immittendi
1403 720 1524 756 equos

91 777 332 816 clauserunt.
406 779 550 829 Itaque
604 780 749 817 omissa
794 791 929 828 pugna
968 779 1142 829 equestri
1189 779 1238 816 ad
1284 779 1405 829 pedes
1450 778 1524 816 Hi—
1544 777 1594 814 13

98 849 216 900 spani
248 849 551 890 descenderunt,
597 851 770 890 Romani
794 851 1055 900 imperatores
1082 853 1126 888 ut
1148 851 1329 888 turbatos
1352 851 1524 888 hostium

92 922 254 960 ordines
286 926 326 960 et
355 924 667 973 trepidationem
698 937 966 974 pavoremque
1005 926 1042 960 et
1074 923 1308 960 fluctuantia
1337 923 1525 960 viderunt

91 994 219 1043 signa,
249 994 485 1044 hortantur,
532 999 646 1033 orant
691 996 856 1042 milites,
903 998 947 1032 ut
991 996 1194 1045 perculsos
1226 994 1418 1033 invadant
1449 1008 1525 1032 neu

93 1066 254 1104 restitui
299 1068 423 1105 aciem
470 1069 688 1118 patiantur.
751 1068 841 1106 Non
887 1068 1166 1105 sustinuissent
1208 1070 1290 1104 tam
1336 1066 1524 1103 infestum
1544 1065 1595 1102 14

94 1137 286 1188 impetum
318 1139 495 1187 barbari,
526 1141 567 1177 ni
597 1140 759 1189 regulus
791 1140 875 1190 ipse
905 1139 1097 1177 Indibilis
1122 1153 1210 1176 cuin
1242 1138 1442 1188 equitibus
1473 1138 1523 1175 ad

91 1211 215 1260 pedes
247 1211 440 1261 degressis
472 1215 564 1249 ante
594 1212 723 1262 prima
755 1212 869 1261 signa
899 1211 1079 1261 peditum
1110 1225 1151 1249 se
1183 1211 1405 1249 obiecisset.
1459 1210 1525 1247 Ibi
1545 1211 1594 1247 15

92 1283 344 1333 aliquamdiu
376 1287 491 1322 atrox
515 1297 650 1334 pugna
673 1285 803 1330 stetit3
834 1284 1005 1331 tandem,
1037 1287 1247 1334 postquam
1271 1283 1311 1330 ii,
1330 1283 1399 1333 qui
1418 1282 1525 1320 circa

95 1368 228 1404 regem
262 1356 496 1394 seminecem
519 1358 745 1404 restantem,
777 1356 920 1394 deinde
937 1356 1021 1406 pilo
1047 1359 1164 1393 terrae
1187 1355 1345 1393 affixum
1371 1368 1523 1405 pugna-

93 1427 202 1474 bant,
233 1427 367 1465 obruti
382 1428 476 1465 telis
494 1428 776 1476 occubuerunt,
806 1433 890 1466 tum
910 1429 1005 1478 fuga
1028 1429 1176 1479 passim
1195 1431 1334 1478 coepta.
1381 1427 1526 1465 Plures
1547 1426 1595 1462 16

93 1500 195 1547 caesi,
227 1500 323 1550 quia
354 1514 476 1550 equos
509 1501 803 1539 conscendendi
836 1501 1037 1550 equitibus
1069 1502 1240 1551 spatium
1272 1513 1351 1537 non
1381 1500 1523 1545 fuerat,

90 1575 132 1609 et
162 1572 259 1621 quia
284 1573 478 1622 perculsis
506 1573 652 1611 acriter
677 1574 910 1611 institerunt
924 1573 1118 1619 Romani3
1149 1585 1222 1609 nec
1246 1576 1337 1610 ante
1368 1571 1522 1609 absces-

90 1657 178 1682 sum
211 1648 280 1692 est,
314 1658 432 1694 quam
465 1646 607 1683 castris
639 1659 796 1695 quoque
828 1648 1024 1682 exuerunt
1054 1645 1217 1682 hostem.
1262 1643 1413 1681 Decem
1445 1643 1524 1681 tria
1544 1643 1594 1679 17

92 1715 224 1754 millia
254 1716 528 1766 Hispanorum
560 1731 657 1756 caesa
690 1731 733 1756 eo
767 1717 843 1764 die,
874 1717 984 1754 mille
1009 1716 1232 1766 octingenti
1257 1715 1379 1753 ferme
1396 1715 1523 1764 capti;

91 1787 362 1826 Romanorum
394 1790 670 1839 sociorumque
701 1791 819 1840 paulo
851 1789 1021 1839 amplius
1060 1788 1242 1835 ducenti,
1281 1788 1450 1825 maxime
1482 1787 1522 1824 in

90 1861 192 1898 laevo
225 1874 359 1908 cornu,
400 1862 640 1900 ceciderunt.
701 1862 816 1900 Pulsi
862 1861 1003 1900 castris
1032 1860 1207 1911 Hispani
1251 1863 1321 1898 aut
1366 1861 1434 1910 qui
1480 1873 1526 1897 ex
1546 1858 1597 1896 18

90 1933 234 1982 proelio
273 1934 511 1984 effugerant,
557 1935 685 1984 sparsi
726 1935 853 1985 primo
899 1947 971 1984 per
1002 1947 1131 1983 agrOS‚
1178 1932 1321 1970 deinde
1362 1933 1403 1969 in
1434 1945 1523 1970 suas

90 2005 262 2056 quisque
309 2007 494 2044 civitates
537 2006 755 2044 redierunt.
815 2006 917 2044 Tum
962 2020 984 2042 a
1013 2005 1234 2043 Mandonio
1281 2005 1434 2044 evocati
1480 2004 1521 2041 in
1609 2000 1635 2049 3

92 2078 307 2116 concilium
340 2079 628 2129 conquestique
659 2079 718 2116 ibi
749 2078 882 2117 clades
913 2091 1015 2125 suas,
1047 2077 1259 2128 increpitis
1291 2076 1523 2115 auctoribus

93 2149 200 2197 belli,
225 2151 379 2201 legatos
404 2151 618 2189 mittendos
645 2151 694 2188 ad
721 2164 831 2188 arma
854 2150 1049 2188 tradenda
1077 2149 1401 2199 deditionemque
1426 2148 1522 2186 faci-

92 2221 236 2260 endam
267 2236 464 2262 censuere.
510 2223 666 2271 Quibus
698 2223 856 2273 culpam
887 2222 929 2259 in
961 2225 1162 2260 auctorem
1192 2222 1289 2260 belli
1306 2221 1563 2259 Indibilem?

91 2297 324 2345 ceterosque
341 2296 556 2346 principes,
584 2308 751 2345 quorum
769 2294 952 2345 plerique
976 2295 1017 2332 in
1043 2295 1127 2332 acie
1153 2294 1401 2340 cecidissent,
1433 2306 1522 2330 con-

91 2366 311 2406 ferentibus
342 2368 675 2418 tradentibusque
706 2381 815 2405 arma
842 2370 882 2405 et
906 2367 1143 2404 dedentibus
1175 2380 1260 2405 sese
1290 2379 1522 2416 responsum

91 2442 164 2487 est,
195 2440 237 2477 in
268 2440 514 2479 deditionem
545 2441 602 2478 ita
632 2440 761 2490 accipi
801 2453 887 2487 eos,
933 2440 968 2477 si
999 2439 1262 2477 Mandonium
1294 2441 1525 2487 ceterosque
1545 2438 1567 2474 3

94 2511 194 2550 belli
226 2513 449 2552 concitores
480 2512 742 2551 tradidissent
764 2511 894 2558 vivos;
927 2512 961 2549 si
985 2511 1127 2556 minus,
1159 2511 1379 2548 exercitum
1410 2523 1450 2547 se
1481 2509 1522 2547 in

92 2597 233 2633 agrum
259 2585 479 2636 Ilergetum
499 2585 878 2634 Ausetanorumque
910 2587 949 2621 et
979 2583 1166 2633 deinceps
1197 2583 1364 2621 aliorum
1396 2595 1519 2632 popu-

93 2656 221 2694 lorum
240 2657 484 2696 inducturos.
513 2657 611 2695 Haec
631 2657 740 2694 dicta
755 2655 900 2705 legatis
915 2655 1223 2705 renuntiataque
1240 2655 1281 2692 in
1301 2654 1524 2693 concilium.
1544 2653 1568 2690 4
