1768 2943
946 89 1061 120 XXIV

298 202 300 245 l
329 202 496 244 (recipere
525 204 621 235 Crev.
655 204 759 236 Codd.
798 216 838 236 eo
866 206 1026 246 recipere.
1074 207 1188 238 Drak.
1228 218 1344 238 eorum
1371 209 1534 251 recipere)
1575 209 1615 242 14
1654 208 1704 253 (se

295 261 422 292 Locros
462 261 612 294 Wesenb.
646 262 768 301 Codd.,
804 265 917 294 Drak.
951 274 985 295 se
1018 264 1052 295 in
1078 264 1223 307 Locros)
1252 265 1294 298 15
1320 266 1385 297 iam
1411 267 1476 298 hoc
1501 267 1595 309 (Mg.
1624 269 1702 300 Em.

291 319 375 360 334)
404 318 407 362 Ι
437 321 697 361 impetraverant
724 322 766 353 ab
780 321 870 364 (Mg.
887 324 953 353 z‘bd.
975 323 1088 354 Drak.
1117 323 1137 354 i.
1164 329 1197 354 et
1224 322 1280 366 ab)
1308 325 1364 363 IV,
1393 324 1410 357 1
1439 325 1506 357 et2
1530 325 1701 367 (laturum.

292 413 373 444 Eam
406 419 554 451 oetatem,
589 415 621 445 id
648 415 819 456 ingenium
846 421 972 447 tutores
998 416 1070 457 Mg.
1099 416 1177 446 Em.
1205 419 1273 450 334
1305 428 1322 447 e
1346 422 1430 448 vest.
1458 419 1506 449 l':
1544 388 1702 457 agettgsin

291 473 417 503 lz'tterae
441 475 686 513 superscripta?
703 485 724 504 a
739 476 858 514 prima
885 479 949 505 aut
971 476 1086 505 altera
1112 485 1229 505 manu.
1257 476 1301 505 In
1321 477 1409 506 idem
1437 478 1610 508 inciderat
1632 479 1702 509 iam

289 532 331 561 A.
363 532 403 562 G.
432 532 576 562 Ernesti
605 533 714 563 Gloss.
742 533 819 564 Lc'v.
846 544 871 564 s.
899 544 930 567 v.
958 533 1063 564 Laete.
1092 533 1204 563 Drak.
1233 534 1384 564 laturum.
1433 536 1524 566 Laete
1550 536 1584 566 id
1611 536 1702 577 inge-

290 590 379 620 nium
406 589 593 631 tutoresY3
621 591 761 621 Lacuna
788 593 835 622 sic
860 593 1038 632 expletur:
1064 592 1330 622 Adranodorum
1365 596 1399 622 et
1423 594 1610 634 Zoippum,
1643 597 1704 636 qui

291 649 587 689 Syracusanorum
613 648 848 688 (Testamenta
875 655 1007 681 tutores
1032 650 1334 681 constituebantur
1356 656 1446 682 certo
1473 654 1606 691 ordine,
1633 664 1701 684 non

288 707 347 748 qui
370 718 387 737 e
415 708 649 748 Syracusanis
675 710 892 740 excellerent.
919 710 1057 740 Rectius
1093 710 1206 740 Valla.
1234 710 1462 747 Adranodori,
1489 722 1558 742 non
1572 711 1701 742 Andra-

289 766 420 804 nodori,
448 770 486 796 ut
512 768 548 797 in
573 768 666 797 codd.
694 771 728 797 et
751 769 849 808 apud
873 769 986 798 Drak.
1021 768 1202 805 scribitur,
1236 779 1360 799 nomen
1382 769 1502 812 fuisse
1535 770 1702 801 Benseler

287 824 426 866 docuit.)
451 824 471 857 4
498 824 534 866 (a
558 827 638 857 add.
669 826 816 869 Stroth.)
842 826 863 859 Γ)
889 825 1026 869 (vellent
1057 832 1090 857 et
1123 826 1310 866 disciplinae
1343 827 1416 868 Mg.
1451 829 1528 859 Em.
1565 831 1632 862 334
1666 840 1699 859 n.

290 882 391 913 Codd.
419 894 483 914 om.
509 889 552 921 et,
580 884 693 916 Drak.
721 883 993 927 disciplinaeque)
1022 883 1025 927 l
1056 883 1212 926 (eductus
1235 889 1301 924 pro
1328 886 1470 917 edoctus
1490 887 1573 917 Tan.
1597 886 1698 929 Fab.)
1751 903 1755 908 ·

287 940 306 973 7
332 941 526 972 timentibus
553 954 678 974 munus
702 945 903 984 suscipiunt.
937 943 1021 974 Tum
1054 944 1155 973 funus
1191 941 1384 984 (Lacunam
1416 946 1552 975 notavit
1580 945 1697 976 Weiss.

284 1000 471 1031 Edebatur
497 1013 536 1032 ea
563 1003 754 1033 occultata:
781 1003 986 1041 timentibus,
1015 1000 1128 1043 funus)
1153 1000 1175 1034 8
1200 1000 1362 1043 (celebre.
1390 1002 1486 1033 Brevi
1509 1003 1584 1033 eP:
1613 1003 1698 1034 cele-

284 1059 376 1089 brevi
410 1058 509 1094 Crev,
536 1061 649 1090 Drak.
677 1071 742 1091 om.
768 1061 884 1102 Brevi)
910 1061 951 1099 V,
980 1061 997 1092 1
1026 1061 1091 1090 Vix
1119 1060 1255 1100 quidem
1283 1060 1339 1091 ulli
1366 1059 1456 1102 (Mg.
1473 1062 1550 1092 Em.
1567 1061 1652 1103 334)
1676 1062 1698 1095 3

283 1115 328 1159 (ei
355 1128 473 1158 consp.
501 1130 517 1148 e
544 1119 586 1149 P:
614 1126 647 1150 et
674 1130 792 1160 consp.
830 1121 953 1157 Weiss;
981 1119 1093 1149 Drak.
1123 1119 1257 1160 consp.)
1283 1118 1303 1151 9
1329 1119 1522 1161 (Callonem
1552 1125 1620 1160 pro
1646 1131 1697 1151 ca-

283 1176 396 1207 lonem
429 1176 464 1207 C.
492 1177 530 1207 F.
558 1178 732 1220 Matthia)
761 1176 763 1221 Ι
792 1178 878 1220 (Pro
903 1185 1073 1209 assuetum
1100 1188 1165 1209 scr.
1200 1182 1264 1208 aut
1296 1188 1372 1209 cum
1405 1179 1612 1209 Ruhnkenz'o
1645 1189 1696 1210 as-

283 1242 450 1275 sumptum
478 1240 542 1266 aut
566 1247 641 1267 cum
676 1238 832 1268 Walclzz'o
858 1236 1054 1277 adscitum.)
1080 1235 1124 1268 12
1151 1237 1251 1266 addit
1281 1238 1469 1268 nonnullos
1499 1236 1695 1278 (Lacunam

282 1298 350 1324 not.
379 1296 585 1330 [faetta-hem·
610 1297 717 1326 aliter
733 1297 980 1336 supplevimus.
1016 1294 1132 1332 Codd.,
1160 1295 1272 1325 Drak.
1301 1294 1527 1336 (Thrasonem
1549 1320 1554 1326 .
1576 1321 1582 1327 .
1604 1320 1611 1327 .
1639 1306 1695 1326 au-

281 1352 394 1394 suros)
428 1354 470 1384 ab
497 1353 618 1396 latere)
651 1355 708 1392 VI,
737 1354 756 1387 7
781 1354 899 1396 (pacta
925 1355 1116 1385 faciendum
1143 1354 1216 1394 Alg.
1245 1354 1323 1384 Em.
1351 1357 1429 1387 335.
1447 1355 1480 1385 P
1502 1355 1692 1385 faciendum

281 1417 380 1452 pacta
406 1413 574 1443 convenit.
602 1413 799 1444 Edebatur:
828 1424 903 1444 cum
930 1414 973 1444 H.
1000 1413 1201 1444 faciendum.
1229 1413 1332 1443 Paeto
1359 1412 1544 1455 convenit.)
1570 1413 1645 1450 VII,
1672 1412 1694 1445 2

280 1469 365 1511 (erat
393 1481 461 1501 uon
486 1471 618 1501 iniuria
643 1476 839 1512 suspectum
874 1473 1024 1503 Wesenb.
1046 1477 1115 1512 pro
1142 1478 1241 1509 esset,
1274 1473 1365 1513 quod
1389 1473 1471 1502 olim
1499 1471 1694 1513 edebatur.)

279 1527 300 1560 4
352 1529 468 1560 structi
516 1528 622 1570 (Edd.
661 1535 753 1569 vett.,
792 1532 870 1561 Em.
909 1534 977 1564 335
1015 1529 1064 1570 n.)
1108 1530 1128 1563 9
1167 1529 1222 1572 (ad
1272 1530 1455 1571 provinciae
1501 1534 1569 1570 pro
1619 1540 1693 1570 pro-

280 1587 422 1618 vinciam
465 1588 626 1631 Pighius)
678 1589 775 1627 VIII¹
828 1589 846 1621 1
897 1588 969 1631 (aut
1020 1589 1054 1619 id
1100 1588 1225 1619 bellum
1269 1594 1339 1629 pro
1389 1594 1445 1619 aut
1483 1588 1607 1619 bellum
1652 1589 1690 1619 G.

283 1646 430 1684 Becker,
482 1657 628 1688 eumque
672 1654 741 1688 pro
793 1658 935 1689 cumque
982 1648 1088 1678 Gron.
1133 1647 1246 1678 Drak.
1299 1657 1374 1677 cum
1425 1658 1467 1678 eo
1510 1645 1622 1689 hoste)
1672 1647 1693 1680 5

279 1703 444 1747 (Eandem
483 1716 618 1737 causam
656 1707 748 1737 Duk.
794 1706 911 1744 Codd.,
951 1706 1064 1736 Drak.
1092 1706 1136 1736 ol)
1162 1706 1303 1737 eandem
1341 1704 1492 1748 eausam)
1527 1705 1571 1739 10
1604 1704 1690 1747 (Ex-

277 1768 408 1804 spectes
426 1770 482 1795 aut
501 1765 600 1796 deum
619 1773 674 1796 aut
693 1764 798 1808 belli.)
826 1765 869 1798 15
895 1776 935 1795 ea
961 1765 1060 1795 etiam
1086 1775 1115 1795 v.
1144 1776 1176 1805 p.
1204 1775 1258 1802 1n.‚
1283 1765 1404 1806 quibus
1418 1769 1504 1805 opus
1518 1774 1587 1794 non
1601 1767 1690 1802 erat,

278 1822 321 1853 H.
350 1822 397 1864 (P
419 1823 612 1855 obtinentes
637 1825 736 1855 etiam
762 1825 851 1855 velut
877 1823 1013 1863 placato
1041 1823 1121 1853 mari
1159 1824 1248 1864 quib.
1277 1822 1461 1854 hannibali.
1501 1822 1595 1852 Fort.
1623 1832 1689 1852 scr.

277 1881 450 1912 obtinente
477 1892 569 1922 saepe
597 1882 662 1913 iam
690 1894 718 1913 v.
747 1894 778 1923 p.
807 1893 848 1912 m.
878 1882 999 1922 quibus
1025 1887 1097 1912 erat
1123 1892 1208 1923 opus
1234 1881 1429 1918 Hannibali,
1460 1885 1531 1918 cet„
1559 1885 1599 1911 ut
1614 1891 1690 1912 ocu-

277 1941 332 1970 lus
357 1941 393 1970 in
411 1941 538 1971 litteris
555 1952 593 1971 us
611 1940 820 1982 aberrarit.)
847 1940 890 1973 16
918 1939 1143 1983 (opponamus
1160 1941 1368 1971 Salmasius.
1387 1940 1420 1973 P
1434 1939 1688 1980 oppugnabant.

275 1999 474 2029 Edebatur:
502 2005 688 2040 opponant.
717 2000 811 2030 Fort.
834 2000 945 2039 plura
973 1999 1206 2041 exciderunt.)
1233 1999 1277 2032 18
1304 1999 1430 2029 suadeo
1454 2007 1584 2038 oroque
1611 1995 1686 2039 (oro

276 2058 356 2088 add.
384 2058 558 2088 Hertzz'us.
593 2057 697 2088 Codd.
725 2058 929 2098 suadeoque.
959 2058 1157 2088 Edebatur:
1186 2056 1325 2097 suadeo)
1353 2056 1398 2090 ‘20
1431 2056 1475 2086 ad
1500 2065 1689 2096 praecaven-

276 2116 336 2147 das
368 2117 493 2147 similes
524 2116 622 2147 utilia
654 2117 771 2147 clades
797 2117 1003 2146 documento
1029 2115 1077 2157 (P
1106 2116 1149 2146 ad
1182 2115 1404 2156 praecavenda
1436 2114 1560 2145 similes
1593 2113 1688 2144 utiles

275 2174 490 2205 documento.
518 2175 683 2206 Fortasse
709 2175 802 2205 nihil
815 2175 899 2217 fuit
923 2174 993 2205 nisi
1017 2175 1059 2204 ad
1084 2174 1322 2215 praecavendas
1349 2173 1475 2204 similes
1500 2172 1614 2204 clades
1628 2172 1688 2203 do-

276 2240 432 2264 eumento
459 2239 546 2270 sunt,
574 2237 614 2263 ut
639 2235 724 2264 coni.
753 2231 887 2274 Fabri.)
914 2233 974 2270 IX,
1002 2234 1022 2265 9
1049 2232 1125 2275 (ipsi
1153 2243 1240 2263 com.
1267 2233 1405 2263 habenti
1431 2232 1569 2262 Rinkes.
1597 2231 1686 2262 Ede-

275 2294 396 2323 batur:
424 2293 498 2333 ipso
525 2316 532 2323 .
560 2316 566 2323 .
596 2316 602 2322 .
629 2290 805 2333 habente.)
833 2290 876 2324 10
901 2297 957 2322 aut
984 2292 1018 2322 in
1045 2302 1081 2322 eo
1108 2291 1297 2332 exemplum
1324 2302 1341 2321 e
1367 2292 1453 2321 coni.
1492 2287 1580 2331 (Mg.
1608 2288 1684 2320 Em.

276 2354 355 2389 336,
386 2351 499 2388 Codd.,
526 2351 639 2381 Drak.
667 2355 722 2380 aut
750 2350 784 2380 in
809 2349 1017 2391 exemplum)
1045 2349 1086 2382 11
1113 2350 1170 2391 (ex
1197 2360 1236 2380 ea
1263 2360 1297 2380 re
1325 2350 1450 2380 Duker
1470 2353 1538 2389 pro
1565 2358 1607 2379 ex
1633 2357 1684 2385 re;

273 2410 352 2440 Em.
380 2413 448 2443 336
475 2407 523 2450 n.)
549 2409 591 2446 X,
618 2408 638 2441 4
665 2407 741 2450 (pro
768 2409 969 2449 praetoribus
997 2408 1145 2439 Forchh.
1173 2408 1205 2438 P
1227 2414 1259 2438 et
1286 2409 1335 2448 ‘pin
1363 2407 1486 2447 prioris
1518 2407 1596 2437 anni
1622 2416 1685 2446 pro

274 2469 322 2508 ffr.
351 2468 464 2498 Drak.
492 2477 532 2498 ex
559 2467 760 2507 praetoribus
787 2466 907 2507 prioris
934 2467 1012 2497 anni
1039 2476 1100 2507 pro
1123 2464 1473 2507 praet01·e)8(impetu
1492 2465 1600 2496 Gron.
1615 2469 1683 2504 pro

274 2526 434 2567 impetus)
471 2526 492 2558 9
531 2535 642 2556 arcem
685 2535 702 2554 e
739 2525 825 2555 coni.
853 2526 948 2565 apud
992 2525 1129 2555 Vallam
1170 2523 1259 2565 (Mg.
1291 2526 1389 2557 1886.
1421 2523 1522 2554 Codd.
1553 2532 1681 2560 vocem,

278 2584 388 2614 Drak.
420 2594 550 2614 nucem.
585 2583 808 2624 Perspicuum
843 2587 908 2620 est,
941 2587 1022 2613 ante
1054 2581 1294 2623 publicamque
1329 2581 1416 2612 viam
1443 2580 1582 2622 requiri
1605 2581 1681 2618 loci,

275 2642 414 2685 (edificii
454 2643 548 2672 reive
586 2651 705 2680 sacroe,
744 2651 848 2682 quam
886 2642 927 2671 de
969 2642 1048 2672 caelo
1087 2644 1218 2672 tactam
1257 2650 1329 2670 esse
1368 2640 1520 2669 notabile
1547 2639 1680 2682 fuerit,
