1789 2955
256 70 335 110 104
642 63 755 98 hiber
780 62 946 98 XXVII.
996 64 1057 108 (A.
1085 76 1119 98 u.
1147 75 1177 99 c.
1203 65 1298 108 547.)

252 207 354 230 anno
386 192 572 242 primum,
605 204 653 228 ex
685 203 762 240 quo
780 190 991 229 Hannibal
1014 192 1054 228 in
1079 191 1240 229 Italiam
1266 193 1454 239 venisset,
1484 192 1688 229 comitium

253 268 400 302 tectum
434 277 517 301 esse
548 263 747 300 memoriae
779 262 982 312 proditum
1015 267 1085 310 est,
1117 267 1156 301 et
1187 263 1302 302 ludos
1334 264 1536 301 Roma-nos
1568 263 1689 301 semel

253 337 494 374 instauratos
526 336 575 373 ab
607 334 796 372 aedilibus
829 335 1034 372 curulibus
1066 335 1113 382 Q.
1146 335 1314 373 Metello
1356 339 1395 373 et
1426 335 1469 374 C.
1503 334 1687 372 Servilio.

213 408 309 446 9Et
338 408 509 458 plebeiis
546 406 654 444 ludis
699 406 865 443 biduum
898 407 1163 444 instauratum
1210 402 1232 444 a
1264 406 1306 446 O.
1340 407 1518 444 Mamilio
1565 411 1603 443 et
1633 406 1687 443 M.

253 480 416 518 Caecilio
433 479 599 516 Metello
617 477 803 515 aedilibus
819 478 972 527 plebis;
1005 482 1044 516 et
1072 479 1152 515 tria
1183 478 1298 528 signa
1315 478 1365 515 ad
1384 478 1541 516 Cereris
1559 477 1682 515 iidem

255 552 475 597 dederunt3
508 554 547 588 et
578 550 687 588 Iovis
719 551 881 599 epulum
912 550 987 587 fuit
1019 550 1205 588 ludorum
1237 564 1365 587 causa.

180 623 230 660 10
365 623 628 661 Consulatum
647 621 740 659 inde
762 622 901 659 ineunt
919 621 960 659 C.
979 621 1172 659 Claudius
1190 622 1297 660 Nero
1321 626 1361 659 et
1377 621 1431 658 M.
1450 621 1589 659 Livius
1618 620 1689 657 ite-

60 678 172 740 Quin?
182 681 247 742 3377
259 709 358 733 rum.
390 695 470 742 Qui
495 695 590 744 quia
615 694 693 731 iam
716 693 917 742 designati
940 694 1171 743 provincias
1196 694 1329 732 sortiti
1354 697 1479 740 erant,
1500 696 1690 743 praetores

183 766 230 804 ll
251 767 388 805 sortiri
409 767 624 805 iusserunt.
659 765 700 803 C.
720 766 898 803 Hostilio
917 765 1144 803 iurisdictio
1161 767 1315 804 urbana
1328 767 1475 812 evenit;
1497 764 1635 803 addita
1652 767 1690 801 et

255 836 481 885 peregrina,
512 839 558 873 ut
587 841 669 875 tres
700 838 741 874 in
782 837 1013 887 provincias
1053 838 1161 875 exire
1192 842 1365 888 possent.
1427 837 1479 875 A.
1512 835 1691 874 Hostilio

186 911 236 948 12
255 907 460 955 Sardinia,
493 908 535 948 C.
551 910 737 947 Mamilio
757 908 909 956 Sicilia,
933 909 978 946 L.
998 909 1144 947 Porcio
1173 908 1309 948 Gallia
1340 910 1484 949 evenit.
1530 907 1692 946 Summa

253 981 456 1030 legionum
487 983 609 1019 trium
641 985 679 1020 et
709 981 856 1030 viginti
887 981 944 1018 ita
975 994 1047 1030 per
1077 982 1306 1031 provincias
1338 981 1480 1028 divisa,
1510 983 1556 1018 ut
1585 980 1690 1018 binae

253 1054 460 1091 consulum
492 1058 634 1101 essent,
667 1057 858 1104 quattuor
888 1053 1092 1102 Hispania
1123 1054 1299 1100 haberet,
1330 1054 1446 1092 binas
1477 1057 1559 1090 tres
1590 1064 1689 1102 prae-

189 1127 377 1174 l3tores,
410 1126 451 1163 in
484 1125 629 1164 Sicilia
661 1129 701 1163 et
733 1125 921 1163 Sardinia
953 1129 992 1162 et
1023 1124 1170 1172 Gallia,
1202 1125 1299 1164 duas
1333 1125 1376 1166 C.
1404 1125 1618 1162 Terentius
1651 1124 1691 1160 in

253 1197 430 1245 Etruria,
462 1197 560 1236 duas
592 1199 640 1246 Q.
671 1197 839 1235 Fulvius
872 1197 913 1233 in
946 1196 1134 1246 Bruttiis,
1167 1196 1266 1235 duas
1284 1196 1330 1243 Q.
1360 1197 1553 1235 Claudius
1586 1196 1690 1233 circa

252 1269 471 1307 Tarentum
502 1273 541 1308 et
572 1269 832 1316 Sallentinos,
863 1282 981 1306 unam
1015 1269 1058 1309 C.
1091 1269 1295 1307 Hostilius
1318 1269 1500 1306 Tubulus
1525 1268 1692 1318 Capuae3

186 1343 235 1379 14
254 1341 341 1378 duae
386 1342 551 1379 urbanae
596 1345 642 1378 ut
687 1341 972 1379 scriberentur.
1033 1341 1182 1379 Primis
1228 1345 1418 1391 quattuor
1464 1339 1692 1390 legionibus

255 1413 429 1463 populus
459 1414 644 1452 tribunos
677 1414 844 1459 creavit-3
885 1413 927 1450 in
958 1417 1109 1450 ceteras
1141 1414 1324 1451 consules
1355 1414 1560 1450 miseruut.

115 1480 166 1531 37
369 1485 612 1534 Priusquam
650 1486 831 1523 consules
862 1485 1233 1534 proficiscerentur,
1266 1485 1503 1523 novendiale
1534 1497 1691 1522 sacrum

213 1560 235 1595 2
256 1557 343 1604 fuit,
377 1558 471 1607 quia
503 1557 618 1595 Veiis
650 1557 699 1595 de
731 1557 827 1594 caelo
851 1557 1115 1606 lapidaverat.
1163 1556 1246 1595 Sub
1279 1558 1397 1594 unius
1427 1556 1617 1607 prodigii,
1648 1560 1692 1592 ut

254 1629 311 1676 fit,
345 1630 587 1667 mentionem
617 1629 698 1666 alia
736 1642 895 1679 quoque
933 1629 1136 1667 nuntiata:
1177 1629 1396 1666 Minturnis
1428 1628 1550 1666 aedem
1582 1627 1690 1665 Iovis

255 1705 294 1738 et
324 1702 456 1739 lucum
487 1701 674 1748 Maricae,
721 1701 817 1739 item
847 1700 995 1739 Atellae
1041 1714 1197 1738 murum
1243 1705 1282 1738 et
1325 1705 1480 1751 portam
1514 1701 1563 1737 de
1593 1700 1691 1737 oaelo

209 1771 375 1825 3Jtacta3
400 1773 714 1820 Minturnenses,
730 1774 952 1811 terribilius
969 1773 1076 1823 quod
1093 1777 1207 1819 esset,
1219 1773 1467 1810 adiiciebant
1483 1772 1691 1822 sanguinis

254 1845 384 1883 rivum
431 1846 473 1883 in
514 1848 630 1896 porta
668 1845 852 1891 fluxisse3
899 1849 938 1883 et
970 1844 1117 1895 Capuae
1148 1845 1266 1895 lupus
1297 1849 1413 1883 nocte
1443 1849 1599 1895 portam
1632 1845 1691 1881 in—

210 1918 412 1966 4gressus
442 1917 607 1966 vigilem
638 1918 876 1955 laniaverat.
922 1917 1021 1955 Haec
1053 1921 1269 1968 procurata
1298 1917 1440 1954 hostiis
1472 1916 1690 1954 maioribus

257 1989 458 2040 prodigia,
492 1992 529 2026 et
546 1990 788 2039 supplicatio
816 1989 921 2026 diem
952 2003 1074 2026 unum
1098 1990 1177 2026 fuit
1201 2003 1247 2027 ex
1267 1990 1426 2027 decreto
1445 1987 1689 2039 pontificum.

255 2060 358 2098 Inde
389 2062 533 2098 iterum
564 2062 804 2099 novendiale
822 2061 1100 2108 instaurat-um,
1132 2061 1241 2111 quod
1265 2062 1304 2098 in
1319 2061 1565 2100 Armilustro
1591 2060 1692 2110 lapi-

216 2133 238 2170 5
257 2133 374 2170 dibus
390 2132 521 2170 visum
539 2133 690 2182 pluere.
738 2133 950 2171 Liberatas
974 2134 1172 2182 religione
1195 2136 1346 2170 mentes
1362 2133 1543 2171 turbavit
1558 2145 1693 2169 rursus

259 2205 498 2251 nuntiatum,
515 2204 740 2242 Frusinone
754 2208 891 2242 natum
908 2219 991 2242 esse
1009 2205 1202 2243 infantem
1219 2205 1431 2255 quadrimo
1447 2218 1595 2255 parem,
1621 2217 1693 2241 neo

260 2276 538 2325 magnitudine
554 2279 636 2313 tam
653 2276 891 2325 mirandum,
911 2289 1029 2325 quam
1047 2277 1154 2326 quod
1180 2277 1212 2314 is
1230 2290 1401 2327 quoque,
1432 2281 1478 2314 ut
1496 2275 1693 2314 Sinuessae

216 2349 238 2384 6
258 2348 419 2386 biennio
452 2351 556 2395 ante,
587 2348 776 2393 incertus,
807 2360 889 2384 mas
921 2361 972 2384 an
1010 2348 1158 2385 femina
1190 2353 1311 2396 esset,
1341 2352 1458 2387 natus
1489 2352 1585 2386 erat.
1645 2347 1695 2385 Id

262 2433 356 2458 vero
386 2419 617 2470 haruspices
649 2434 696 2457 ex
727 2419 894 2457 Etruria
925 2419 1045 2456 acciti
1076 2420 1222 2457 foedum
1254 2433 1299 2458 ac
1322 2423 1440 2470 turpe
1466 2419 1695 2470 prodigium

265 2491 412 2529 dicere:
460 2495 618 2529 extorre
665 2505 761 2540 agro
792 2491 995 2538 Romano,
1041 2493 1182 2540 procul
1228 2496 1344 2529 terrae
1377 2477 1694 2538 contactu‚'alto

260 2563 530 2612 mergendum.
593 2563 743 2601 Vivum
788 2563 829 2600 in
874 2575 1007 2600 arcam
1053 2563 1270 2600 condidere
1309 2567 1622 2613 provectumque
1654 2564 1694 2600 in

218 2635 365 2672 7mare
398 2636 664 2685 proiecerunt.
712 2635 939 2672 Decrevere
970 2635 1064 2671 item
1096 2635 1319 2684 pontifices,
1351 2638 1395 2672 ut
1425 2635 1604 2684 virgines
1635 2639 1696 2672 ter
