1789 2955
262 80 340 119 156
642 78 753 113 hiber
778 78 966 114 XXVIII.
1015 80 1076 123 (A.
1102 92 1138 114 u.
1165 91 1195 115 c.
1220 81 1315 124 548.)

259 217 334 254 que
367 205 459 242 caesi
490 209 530 242 et
559 206 690 243 securi
720 207 911 255 percussi,
951 207 1049 244 adeo
1080 207 1335 256 torpentibus
1367 210 1485 253 metu,
1522 207 1593 256 qui
1623 207 1690 244 ad-

259 281 383 323 erant,
414 280 460 313 ut
490 290 568 314 non
600 278 718 314 modo
750 278 923 315 ferocior
953 291 1029 316 vox
1061 278 1252 315 adversus
1276 279 1528 316 atrocitatem
1552 291 1691 328 poenae,

189 349 237 385 12
257 348 327 385 sed
367 362 416 385 ne
457 349 629 397 gemitus
661 349 823 398 quidem
857 349 1127 387 exaudiretur.
1188 350 1326 387 Tracti
1357 350 1450 387 inde
1481 350 1529 387 de
1559 350 1691 388 medio

259 432 406 465 omnes,
447 424 699 470 purgatoque
741 421 838 467 loco,
876 422 989 458 citati
1027 421 1176 458 milites
1214 421 1450 459 nominatim
1481 421 1588 471 apud
1620 421 1691 458 tri·

256 492 385 529 bunos
416 492 589 529 militum
623 492 662 529 in
693 492 815 530 verba
841 493 886 530 P.
911 492 1111 542 Scipionis
1143 492 1336 539 iurarunt,
1367 493 1692 542 stipendiumque

257 563 307 600 ad
349 576 490 600 nomen
532 564 701 612 singulis
738 564 984 614 persolutum
1025 567 1094 600 est.
1162 564 1283 601 Hunc
1313 564 1430 602 finem
1461 565 1691 614 exitumque

257 635 402 672 seditio
433 635 605 673 militum
641 639 770 685 coepta
801 636 907 686 apud
940 635 1157 673 Sucronem
1189 636 1342 674 habuit.

111 701 167 749 30
370 707 450 743 Per
490 707 596 744 idem
635 711 792 757 tempus
831 709 880 745 ad
915 707 1058 744 Baetim
1097 708 1260 745 fiuvium
1293 708 1439 745 Hanno
1481 708 1692 757 praefectus

257 778 454 826 Magonis,
471 780 613 816 missus
638 793 660 817 a
678 778 862 817 Gadibus
888 793 975 817 cum
1000 793 1124 829 parva
1148 793 1267 817 manu
1285 780 1489 825 Afrorum,
1507 779 1690 816 mercede

214 851 237 886 2
257 849 462 899 Hispanos
486 851 743 888 sollicitando
770 852 820 889 ad
839 855 1028 901 quattuor
1047 852 1174 889 millia
1191 851 1379 889 iuvenum
1396 852 1578 889 armavit.
1618 851 1690 888 Ca-

256 922 350 958 stris
376 922 519 959 deinde
544 926 687 960 exutus
713 924 762 960 ab
788 924 834 961 L.
860 924 1026 969 Marcio,
1052 923 1222 960 maxima
1248 927 1362 972 parte
1389 923 1561 960 militum
1588 923 1692 960 inter

256 995 472 1031 tumultum
497 998 703 1044 captorum
729 998 961 1041 castrorum,
985 995 1224 1044 quibusdam
1251 995 1369 1032 etiam
1394 995 1432 1031 in
1457 996 1552 1043 fuga
1575 994 1690 1032 amis-

256 1066 324 1111 sis,
357 1066 513 1115 palatos
545 1072 811 1116 persequente
844 1067 991 1115 equite,
1024 1079 1112 1103 cum
1143 1068 1282 1117 paucis
1314 1067 1399 1117 ipse
1431 1067 1580 1115 effugit.

213 1137 237 1173 3
370 1138 479 1174 Dum
518 1139 601 1175 haec
642 1139 691 1175 ad
723 1139 869 1175 Baetim
901 1139 1065 1176 fluvium
1098 1142 1302 1187 geruntur,
1348 1138 1501 1176 Laelius
1532 1139 1691 1176 interim

257 1209 357 1246 freto
390 1210 429 1246 in
456 1209 656 1247 Oceanum
691 1213 848 1247 evectus
881 1211 931 1248 ad
956 1210 1158 1248 Carteiam
1190 1211 1314 1248 classe
1345 1211 1521 1248 accessit.
1581 1210 1692 1248 Urbs

257 1294 300 1317 ea
341 1281 381 1317 in
421 1294 490 1318 ora
523 1280 673 1319 Oceani
715 1282 794 1319 sita
824 1286 895 1328 est,
940 1283 1011 1319 ubi
1043 1282 1215 1331 primum
1248 1295 1269 1320 e
1300 1283 1481 1320 faucibus
1513 1283 1692 1331 angustis

213 1352 446 1401 4panditur
477 1367 595 1390 mare.
657 1353 789 1391 Gades
820 1353 905 1391 sine
937 1355 1154 1391 certamine
1185 1368 1257 1404 per
1288 1354 1557 1404 proditionem
1592 1355 1689 1391 reci-

254 1424 405 1474 piendi,
444 1425 563 1471 ultro,
603 1426 674 1475 qui
705 1439 791 1463 eam
822 1439 903 1463 rem
935 1426 1236 1475 pollicerentur,
1277 1426 1315 1462 in
1350 1430 1479 1464 castra
1510 1426 1692 1464 Romana

255 1496 524 1536 venientibus.
558 1510 658 1546 spes,
683 1498 785 1534 sicut
810 1502 899 1534 ante
924 1497 1073 1534 dictum
1099 1502 1169 1544 est,
1195 1499 1335 1534 fuerat.
1389 1497 1468 1535 Sed
1493 1498 1691 1548 patefacta

258 1569 468 1606 immatura
499 1568 675 1618 proditio
708 1571 777 1616 est,
809 1582 1140 1618 comprensosque
1166 1583 1299 1607 omnes
1323 1569 1444 1619 Mago
1463 1569 1691 1607 Adherbali

215 1639 236 1675 5
255 1641 418 1688 praetori
445 1640 727 1689 Carthaginem
755 1640 1008 1678 devehendos
1034 1641 1170 1679 tradit.
1218 1641 1440 1687 Adherbal,
1474 1642 1691 1679 coniuratis

255 1711 295 1747 in
320 1712 647 1762 quinqueremem
672 1712 870 1762 impositis
895 1713 1179 1762 praemissaque
1203 1727 1259 1758 ea,
1283 1713 1378 1762 quia
1401 1713 1556 1751 tardior
1572 1726 1689 1763 quam

253 1783 428 1821 triremis
475 1788 571 1830 erat,
617 1785 703 1834 ipse
749 1798 835 1821 cum
875 1788 963 1821 octo
1004 1785 1235 1822 triremibus
1276 1785 1433 1822 modico
1475 1786 1688 1823 intervallo

209 1855 232 1890 6
251 1856 442 1904 sequitur.
491 1856 575 1893 lam
608 1858 754 1893 fretum
788 1857 965 1894 intrabat
988 1857 1299 1906 quinqueremis,
1325 1870 1446 1906 quum
1471 1857 1622 1894 Laelius
1650 1861 1690 1894 et

254 1927 337 1975 ipse
379 1928 418 1963 in
461 1929 736 1978 quinqueremi
779 1942 826 1965 ex
867 1931 986 1977 portu
1027 1928 1207 1975 Carteiae,
1246 1928 1507 1978 sequentibus
1538 1932 1688 1978 septem

253 1999 496 2046 triremibus,
543 2003 700 2036 evectus
748 2000 787 2036 in
834 1999 1110 2037 Adherbalem
1155 2014 1200 2038 ac
1245 2001 1426 2038 triremes
1473 2000 1689 2047 invehitur,

254 2070 577 2120 quinqueremem
625 2072 721 2109 satis
769 2071 933 2109 credens
973 2071 1207 2121 deprensam
1247 2072 1389 2121 rapido
1429 2073 1469 2109 in
1508 2073 1609 2109 freto
1647 2072 1687 2109 in

211 2141 232 2176 7
253 2142 461 2179 adversum
495 2147 632 2180 aestum
664 2144 905 2193 reciprocari
937 2157 1015 2181 non
1046 2157 1170 2193 posse.
1224 2142 1373 2180 Poenus
1404 2144 1445 2181 in
1476 2157 1520 2181 re
1552 2144 1687 2182 subita

252 2227 467 2263 parumper
493 2215 669 2252 incertus
693 2216 923 2264 trepidavit,
946 2219 1077 2252 utrum
1104 2215 1431 2265 quinqueremem
1455 2219 1688 2265 sequeretur

210 2283 302 2322 San
335 2287 374 2322 in
406 2286 538 2324 hostes
577 2291 706 2324 rostra
745 2290 1005 2325 converteret.
1071 2286 1168 2336 Ipsa
1206 2288 1408 2324 cunctatio
1454 2287 1686 2324 facultatem

253 2357 521 2394 detrectandae
553 2371 697 2408 pugnae
729 2359 896 2403 ademit:
930 2358 1008 2394 iam
1041 2359 1145 2395 enim
1178 2360 1250 2396 sub
1284 2359 1367 2396 ictu
1389 2359 1463 2396 teli
1487 2363 1613 2408 erant,
1647 2362 1687 2395 et

252 2429 429 2478 undique
454 2429 656 2467 instabant
680 2431 823 2467 hostes.
869 2430 1008 2466 AEstus
1032 2443 1190 2479 quoque
1214 2431 1424 2467 arbitrium
1450 2430 1683 2467 moderandi

252 2512 372 2537 naves
404 2501 624 2548 ademerat3
655 2514 783 2551 neque
814 2505 900 2538 erat
930 2501 1065 2538 navali
1090 2515 1226 2551 pugna
1251 2501 1407 2546 similis,
1437 2501 1586 2551 quippe
1616 2501 1687 2538 ubi

208 2569 230 2605 9
249 2572 350 2607 nihil
381 2573 664 2622 voluntarium,
699 2573 802 2610 nihil
835 2573 933 2609 artis
964 2577 1034 2610 aut
1064 2573 1221 2610 consilii
1255 2576 1370 2611 esset.
1418 2572 1511 2610 Una
1542 2576 1686 2610 natura

251 2643 345 2679 freti
377 2648 576 2693 aestusque
607 2646 731 2682 totius
763 2644 992 2682 certaminis
1022 2648 1163 2694 potens
1194 2645 1285 2690 suis,
1332 2644 1476 2682 alienis
1514 2643 1684 2681 navibus
