1789 2955
513 78 628 113 Liber
652 77 841 112 xxvm.
891 78 952 122 (A.
980 78 1044 113 ch.
1070 80 1164 123 206.)
1472 83 1549 120 157

118 206 385 256 nequicquam
425 205 592 254 remigio
634 206 675 243 in
714 205 957 243 contrarium
994 205 1202 242 tendentes
1234 205 1466 253 invehebat,
1512 210 1552 243 et

117 278 335 326 fugientem
367 290 506 315 navem
538 277 710 324 videres,
755 277 905 314 vertice
936 280 1042 314 retro
1080 277 1282 323 intortam,
1329 278 1551 315 victoribus

118 349 286 395 illatam,
305 352 345 386 et
369 352 610 398 sequentem,
629 349 662 386 si
686 349 727 386 in
744 348 985 386 contrarium
1002 352 1175 386 tractum
1192 349 1401 386 incidisset
1419 351 1550 396 maris,

116 420 309 470 fugientis
334 420 451 459 modo
476 433 560 458 sese
586 423 841 459 avertentem.
887 420 972 456 Iam
999 420 1039 456 in
1064 420 1150 469 ipsa
1166 433 1301 470 pugna
1317 421 1411 466 haec,
1431 434 1552 470 quum
1575 422 1625 459 10

117 492 262 530 infesto
289 494 419 530 rostro
444 495 600 541 peteret
621 492 795 529 hostium
822 505 972 538 navem,
1005 491 1168 541 obliqua
1195 492 1283 541 ipsa
1306 492 1428 530 ictum
1454 493 1548 529 alte-

115 564 200 601 rius
225 564 347 601 rostri
371 564 618 613 accipiebat;
651 564 733 609 illa,
765 576 885 612 quum
908 567 1137 601 transversa
1162 564 1410 601 obiiceretur
1432 564 1551 610 hosti,

113 639 276 685 repente
316 635 465 673 intorta
508 636 548 673 in
587 649 746 685 proram
779 635 1134 684 circumagebatur.
1182 635 1313 682 Quum
1347 635 1452 672 inter
1483 636 1555 673 tri-
1575 638 1622 674 11

116 721 240 744 remes
264 707 424 744 fortuna
441 712 605 756 regente
622 720 766 757 anceps
782 707 967 756 proelium
984 706 1229 752 misceretur,
1248 706 1549 756 quinqueremis

115 778 297 816 Romana
329 792 398 816 seu
429 779 604 828 pondere
634 779 826 826 tenacior,
858 792 927 816 seu
959 779 1144 828 pluribus
1175 791 1373 815 remorum
1400 779 1549 815 ordini-

114 850 188 888 bus
205 850 481 888 scindentibus
498 851 671 889 vertices
688 864 808 900 quum
825 851 984 888 facilius
1001 854 1221 899 regeretur,
1249 849 1347 887 duas
1364 850 1549 887 triremes

113 922 348 971 suppressit,
393 922 513 959 unius
551 923 719 971 praelata
761 922 911 972 impetu
951 923 1089 959 lateris
1121 922 1289 959 alterius
1320 934 1450 958 remos
1484 922 1548 959 de-

112 993 249 1039 tersit3
281 996 525 1043 ceterasque,
551 1007 649 1043 quas
681 994 846 1043 indepta
877 998 991 1041 esset,
1023 994 1249 1039 mulcasset,
1281 993 1323 1030 ni
1347 1006 1433 1030 cum
1461 993 1553 1030 reli·
1573 994 1623 1031 12

114 1064 204 1114 quis
229 1064 406 1114 quinque
430 1065 602 1102 navibus
626 1064 838 1103 Adherbal
860 1066 960 1104 velis
984 1066 1024 1103 in
1050 1066 1229 1103 Africam
1253 1065 1550 1104 transmisisset.

226 1136 377 1174 Laelius
407 1137 539 1174 victor
571 1137 772 1174 Carteiam
803 1141 998 1186 revectus,
1032 1137 1190 1182 auditis,
1229 1150 1317 1185 quae
1349 1141 1438 1174 acta
1471 1137 1548 1175 Ga-
1639 1134 1687 1181 31

114 1207 232 1245 dibus
278 1212 410 1254 erant,
455 1209 694 1258 patefactam
739 1209 1007 1258 proditionem
1054 1209 1362 1258 coniuratosque
1407 1210 1548 1247 missos

113 1278 410 1328 Carthaginem,
441 1293 552 1330 spem
583 1281 633 1318 ad
664 1280 823 1318 irritum
854 1281 1070 1329 redactam,
1104 1294 1182 1329 qua
1208 1281 1423 1327 venissent,
1453 1295 1552 1318 nun·
1571 1282 1594 1317 2

110 1351 181 1389 tiis
213 1352 264 1390 ad
294 1352 340 1390 L.
373 1352 572 1390 Marcium
602 1352 746 1399 missis,
786 1352 862 1389 nisi
901 1352 933 1389 si
963 1356 1091 1389 terere
1123 1352 1271 1389 frustra
1302 1355 1457 1402 tempus
1490 1367 1547 1390 se-

111 1422 242 1461 dendo
287 1423 339 1461 ad
377 1423 511 1462 Gades
549 1425 713 1470 vellent,
758 1424 1005 1461 redeundum
1045 1424 1096 1461 ad
1134 1425 1413 1473 imperatorem
1454 1438 1549 1471 esse,

109 1495 350 1533 assentiente
382 1496 548 1545 Marcio,
582 1509 730 1545 paucos
762 1499 852 1545 post
883 1496 970 1533 dies
995 1496 1109 1532 ambo
1138 1495 1420 1544 Carthaginem
1445 1496 1548 1533 redi-

110 1579 186 1604 ere.
231 1567 301 1605 Ad
332 1581 502 1617 quorum
535 1568 753 1606 discessum
779 1580 857 1604 non
882 1568 1096 1616 respiravit
1119 1567 1236 1604 modo
1264 1567 1397 1615 Mago,
1429 1580 1550 1616 quum
1568 1566 1592 1603 3

109 1641 218 1676 terra
249 1639 431 1689 marique
462 1639 630 1689 ancipiti
661 1642 769 1677 metu
800 1643 1022 1688 urgeretur,
1053 1640 1123 1676 sed
1155 1639 1286 1685 etiam,
1318 1639 1458 1676 audita
1488 1653 1547 1676 re-

109 1710 284 1748 bellione
308 1711 537 1760 Ilergetum,
570 1724 681 1760 spem
712 1711 994 1760 recuperandae
1020 1711 1229 1760 Hispaniae
1257 1714 1423 1748 nanctus
1449 1724 1547 1747 nun-

107 1783 186 1820 tios
226 1782 512 1832 Carthaginem
554 1783 603 1820 ad
643 1786 823 1820 senatum
864 1783 1000 1829 mittit,
1048 1783 1117 1831 qui
1156 1782 1271 1819 simul
1312 1781 1594 1819 seditionem4

109 1854 269 1892 civilem
307 1855 347 1891 in
388 1855 528 1892 castris
559 1854 762 1901 Romanis,
808 1854 928 1892 simul
970 1854 1231 1891 defectionem
1270 1854 1467 1891 sociorum
1507 1854 1547 1890 in

109 1926 238 1964 maius
282 1926 417 1965 verbis
462 1926 699 1963 extollentes
740 1926 1008 1972 hortarentur,
1054 1930 1099 1963 ut
1140 1925 1292 1963 auxilia
1333 1926 1549 1972 mitterent,

109 1997 258 2047 quibus
287 1998 483 2036 traditum
514 2011 536 2034 a
566 1998 749 2047 patribus
774 1997 986 2047 imperium
1012 1997 1222 2046 Hispaniae
1246 1997 1376 2047 repeti
1401 2001 1547 2046 posset.

223 2069 465 2107 Mandonius
497 2073 536 2107 et
565 2069 760 2107 Indibilis
794 2070 834 2105 in
865 2068 964 2107 fines
995 2069 1169 2117 regressi
1198 2070 1415 2119 paulisper,
1447 2068 1593 2116 dum,5

110 2141 300 2191 quidnam
326 2141 374 2179 de
401 2141 597 2179 seditione
621 2144 878 2187 statueretur,
902 2141 1060 2188 scirent,
1087 2142 1270 2190 suspensi
1297 2142 1547 2191 quieverunt,

109 2213 142 2250 si
173 2213 320 2250 civium
352 2213 479 2251 errori
511 2213 796 2262 ignosceretur,
827 2226 907 2250 non
938 2213 1169 2251 diffidentes
1201 2213 1279 2250 sibi
1305 2226 1464 2262 quoque
1488 2212 1545 2261 ig-

107 2285 218 2322 nosci
249 2298 374 2334 posse.
435 2284 656 2333 Postquam
687 2285 851 2333 vulgata
883 2288 943 2322 est
973 2285 1165 2322 atrocitas
1196 2285 1398 2334 supplicii,
1437 2297 1547 2320 suam
1567 2284 1590 2320 6

109 2368 267 2405 quoque
298 2369 441 2393 noxam
474 2356 564 2405 pari
595 2369 713 2405 poena
745 2356 979 2393 aestimatam
1010 2356 1103 2403 rati,
1142 2356 1295 2394 vocatis
1325 2368 1462 2393 rursus
1494 2355 1544 2392 ad

108 2440 218 2464 arma
248 2428 511 2477 popularibus
543 2427 852 2477 contractisque,
880 2441 967 2477 quae
992 2433 1082 2465 ante
1105 2428 1339 2474 habuerant,
1370 2427 1549 2472 auxiliis,
1569 2427 1590 2462 7

108 2498 149 2535 in
167 2496 409 2536 Sedetanum
434 2512 586 2548 agrum,
617 2499 688 2536 ubi
715 2499 919 2548 principio
953 2500 1189 2537 defectionis
1221 2499 1368 2536 stativa
1397 2498 1544 2536 habue-

108 2573 210 2616 rant,
241 2583 328 2606 cum
359 2570 507 2619 viginti
537 2570 716 2608 millibus
747 2570 940 2620 peditum,
972 2570 1126 2608 duobus
1159 2571 1337 2608 millibus
1364 2570 1544 2620 equitum

109 2644 149 2678 et
164 2641 394 2690 quingentis
410 2642 755 2680 transcenderunt.
794 2641 945 2691 Scipio,
965 2655 1086 2691 quum
1104 2642 1181 2680 fide
1199 2642 1380 2679 solvendi
1396 2642 1550 2691 pariter
1637 2637 1692 2685 32
