1789 2955
931 104 987 138 VI

240 220 295 254 est
305 218 462 254 alterius
475 218 612 253 erroris
626 229 670 253 ex
683 218 798 253 altero
814 217 942 263 origo.)
968 219 988 252 6
1005 221 1086 252 erat
1100 218 1138 239 *ss
1151 216 1320 251 discursu
1334 215 1402 258 XI,
1418 216 1460 250 10
1472 216 1670 261 populatio

239 276 251 319 (
260 275 481 319 Woelfflinus
495 274 695 310 Antiochos
709 285 778 310 von
792 274 957 320 Syraku's
976 273 1053 309 uncl
1068 273 1199 309 Caelius
1216 273 1415 317 Antipater
1420 285 1459 318 p.
1475 274 1520 308 64
1532 274 1598 317 sq.)
1625 274 1670 308 12

239 332 337 366 tanti
350 330 453 366 ducis
468 331 639 375 tantique
660 331 843 366 exercitus
857 330 957 374 (Vicl.
972 330 1020 365 acl
1033 341 1060 365 c.
1074 331 1108 372 7,
1123 331 1154 364 6.
1187 329 1308 365 Ducis
1320 329 1425 364 nulla
1431 330 1549 374 facile
1562 329 1667 365 vesti-

237 388 303 432 9ia
326 387 369 422 in
394 387 462 423 tali
485 398 524 422 re
549 398 622 423 esse
641 389 826 432 poterant.
851 388 970 431 1863.)
1009 386 1098 428 XII,
1127 387 1148 420 2
1165 397 1234 431 per
1260 386 1452 421 Samnium
1477 386 1670 431 Apuliam·

240 455 307 489 que
331 446 352 478 8
378 444 622 479 deseruerant
644 446 684 478 11
707 444 863 488 (Lenior
880 445 984 488 fluat
1007 444 1136 481 oratio,
1161 443 1194 478 si
1215 453 1297 478 cum
1315 443 1508 488 Doerinyio
1534 443 1668 487 quibus

240 500 360 536 deleas
367 512 378 546 ;
403 500 464 536 secl
484 500 573 536 alibi
598 511 736 546 quoque
755 501 870 536 simili
891 500 1109 535 anacolutho
1124 500 1254 535 Livius
1274 511 1361 535 usus
1381 502 1455 541 est.)
1500 502 1504 543 Ι
1549 500 1670 534 solum

245 558 286 592 17
312 558 433 592 fassus
458 557 498 591 id
525 559 566 592 18
591 559 761 602 prolatae,
789 560 826 592 et
849 557 968 599 XIII,
997 560 1017 592 9
1043 557 1263 592 execrabilis
1289 557 1600 602 inexpiabilisque
1627 557 1671 591 15

239 614 278 648 in
303 625 491 649 carcerem
517 614 656 648 condar
681 618 746 649 aut
771 614 819 650 ad
843 615 970 659 palum
996 614 1080 658 XV,
1107 617 1126 650 3
1151 614 1311 649 nominis
1338 613 1668 659 [municipiorum],

239 673 278 704 et
301 670 410 714 XVI,
435 672 456 704 2
481 671 758 706 vociferabatur
784 671 954 714 (Harant
972 671 1258 707 Emendationes
1283 673 1318 706 et
1341 671 1596 706 adnotationes
1621 670 1671 705 ad

242 727 365 762 Titum
401 727 560 770 Livium,
598 727 760 763 Parisiis
795 728 899 763 1880.
935 728 971 763 P
1001 727 1241 770 vociferatur)
1278 727 1406 771 XVII,
1443 729 1464 762 5
1501 727 1668 772 (insedit.

239 783 467 827 Hasdrubal,
501 795 614 828 quum
646 785 761 829 suppl.
795 785 918 820 Weiss.
969 785 1039 820 Sed
1063 785 1167 830 lonye
1190 785 1302 830 plura
1326 785 1548 820 exciderunt.
1598 784 1670 820 Ne-

239 851 305 885 que
331 841 428 875 enim
450 841 532 876 sola
556 843 592 876 et
606 841 735 886 prima
771 842 923 876 illarum
952 842 1129 887 faucium
1163 842 1363 877 insessione
1389 842 1605 878 Hasdrubal
1629 853 1670 877 eo

237 897 408 932 redactus
445 899 512 941 est,
536 899 580 932 ut
609 898 804 943 Hispania
838 909 874 933 se
911 910 1098 934 cessurum
1118 899 1360 943 promitteret.
1386 900 1504 943 1863.)
1544 901 1586 933 13
1622 910 1669 933 ne

239 981 246 989 .
270 981 278 988 .
301 982 309 990 .
335 955 445 989 fraus.
472 966 555 989 cum
581 958 680 989 esset
706 955 795 990 data
821 982 827 989 .
848 983 855 990 .
879 983 885 990 .
913 956 997 999 diei,
1031 956 1218 1000 extemplo
1246 956 1433 999 (Harant;
1465 956 1671 1000 extemplo-

238 1022 310 1055 que
335 1011 385 1056 P)
410 1011 516 1055 XIX,
560 1014 580 1046 6
605 1023 695 1055 mos,
721 1024 824 1057 quem
849 1040 856 1047 .
884 1041 890 1047 .
918 1040 925 1047 .
953 1013 1126 1048 servabat
1151 1013 1286 1056 (Alsch.
1314 1013 1574 1058 Imperfectum
1594 1023 1670 1047 non

238 1068 332 1104 satis
377 1071 522 1114 aptum,·
570 1080 614 1103 ea:
663 1072 881 1104 servatuseu
921 1072 1071 1115 factum
1114 1074 1321 1112 servatseu,
1363 1073 1437 1105 tum
1485 1070 1670 1106 servabat.

237 1126 358 1170 1863.)
419 1127 440 1160 8
487 1125 545 1160 his
582 1126 769 1160 miraculis
809 1128 848 1161 11
899 1128 942 1162 ab
987 1128 1092 1162 ostiis
1130 1126 1266 1170 XXII,
1301 1128 1322 1160 2
1368 1129 1403 1162 et
1447 1129 1466 1161 7
1515 1127 1670 1161 Veturia
1737 1133 1746 1141 ·

239 1184 275 1217 et
305 1182 505 1216 Veturiam
538 1182 695 1225 (Eadem
732 1184 893 1219 nominis
917 1186 1048 1229 forma
1080 1185 1138 1220 hic
1171 1187 1204 1219 et
1233 1185 1257 1230 ,ξ
1281 1185 1327 1219 10
1351 1187 1386 1220 et
1419 1186 1462 1219 11
1500 1183 1672 1227 tenenda3

241 1237 406 1273 Voturia
433 1239 679 1283 confirmatur
703 1240 899 1285 lapidibus,
936 1243 972 1276 et
995 1241 1110 1285 facile
1142 1241 1382 1276 aberrabatur
1406 1241 1454 1276 acl
1478 1243 1604 1276 notum
1628 1241 1671 1275 in

244 1294 453 1330 hominibus
489 1306 619 1331 nomen
655 1297 901 1333 Veturiorum.
939 1299 1058 1342 1863.)
1107 1300 1128 1333 8
1161 1309 1291 1332 scansa
1332 1299 1407 1332 sint
1443 1298 1555 1343 (Olim
1591 1297 1668 1333 ecle-

241 1352 350 1386 batur
375 1352 608 1394 adsederint;
635 1365 759 1389 verum
789 1355 953 1390 nondum
985 1357 1168 1400 repertum
1200 1357 1261 1390 est.
1319 1355 1572 1401 Alschefskius
1596 1367 1613 1390 e
1638 1355 1675 1390 P

241 1409 412 1443 arserint.
479 1408 620 1444 Scansa
645 1411 721 1445 sint
745 1423 858 1457 neque
881 1424 945 1453 per
969 1424 1004 1447 se
1035 1412 1169 1447 usitate
1194 1412 1333 1447 dieitur
1359 1423 1471 1457 neque
1497 1412 1544 1447 acl
1569 1412 1668 1447 abla-

234 1465 349 1500 tivum
387 1469 513 1511 aptum
548 1467 626 1511 est.)
664 1467 810 1512 XXIV,
837 1471 858 1503 6
896 1469 972 1513 (De
1010 1470 1176 1514 iurisque
1214 1481 1256 1503 ac
1294 1469 1452 1504 dicionis
1490 1469 1560 1504 vicl.
1587 1469 1667 1504 Em.

232 1522 302 1556 377
326 1523 378 1567 n.)
430 1524 469 1556 15
495 1522 728 1568 Zacynthum
757 1547 799 1551 -—
825 1538 942 1571 parva
968 1553 975 1560 .
1002 1553 1009 1560 .
1036 1556 1042 1563 .
1082 1527 1229 1561 nomine
1264 1527 1379 1561 habet-
1402 1547 1457 1568 -,
1485 1538 1566 1561 eam
1593 1554 1599 1560 .
1627 1553 1633 1560 .
1659 1554 1668 1561 .

235 1579 335 1624 cepit
361 1583 398 1614 et
424 1579 596 1625 (Inter-p.)
642 1582 647 1621 Ι
692 1582 928 1628 Nassumque
953 1583 1078 1626 XXV,
1113 1586 1136 1618 4
1169 1586 1203 1619 et
1234 1585 1254 1617 5
1287 1583 1496 1625 descendit,
1533 1584 1596 1618 ubi
1622 1583 1670 1618 ad

235 1637 277 1669 13
303 1635 633 1681 adscriberentque
659 1638 805 1681 XXVI,
843 1642 863 1674 6
897 1641 1051 1675 crimina
1085 1642 1264 1676 ementita
1294 1639 1462 1683 XXVII,
1500 1641 1521 1674 5
1558 1643 1668 1674 nocte

233 1704 276 1728 ac
326 1693 385 1727 die
433 1694 631 1739 (Wesenb.;
669 1697 740 1740 cfr.
784 1697 865 1732 Em.
908 1699 980 1732 487
1023 1700 1072 1740 n.)
1123 1701 1143 1733 6
1193 1696 1423 1738 incendium,
1471 1697 1668 1741 profitere-

231 1753 293 1784 tur
331 1751 370 1784 11
409 1750 623 1785 inimicitias
664 1756 701 1786 et
749 1753 977 1797 (Inimicitiae
1020 1755 1176 1789 hostiles
1225 1755 1300 1790 clici
1346 1754 1533 1796 videntur,
1585 1765 1668 1798 quo-

232 1807 336 1841 moclo
387 1807 477 1842 alibi
527 1808 654 1843 odium
703 1809 858 1855 hostile,
914 1812 1009 1857 quod
1057 1813 1100 1847 in
1151 1812 1227 1847 solo
1276 1812 1558 1846 inimicitiarum
1606 1822 1668 1846 no·

232 1864 329 1899 mine
353 1864 478 1900 nullus
493 1866 784 1902 estasimultate
801 1868 849 1903 acl
873 1869 993 1904 maius
1008 1869 1220 1914 aclseensus,·
1244 1869 1431 1903 hostilitas
1446 1868 1545 1914 apud
1559 1868 1668 1903 bonos

232 1921 431 1965 scriptores
445 1932 520 1956 non
534 1923 747 1968 reperitur.)
787 1926 829 1959 12
843 1936 918 1969 eOS,
939 1926 1035 1973 quia,
1057 1928 1086 1960 si
1101 1927 1185 1971 (My.
1201 1927 1304 1969 1882,
1319 1926 1528 1961 coniectura
1541 1925 1670 1969 dubia;

231 1977 292 2012 secl
307 1978 394 2021 quia
416 2005 422 2012 .
447 2007 454 2014 .
476 2004 483 2011 .
505 1980 632 2024 vagari
639 1980 841 2025 ferendum
854 1994 929 2017 non
942 1983 1117 2027 videtur.)
1146 1985 1187 2017 16
1201 1982 1370 2027 Romam,
1400 1983 1552 2028 speciem
1575 1994 1668 2028 prae-

231 2034 314 2068 buit
339 2035 630 2070 clarissimarum
654 2038 803 2072 urbium
825 2040 970 2074 excidio
994 2040 1243 2075 celeberrimis
1267 2040 1446 2084 (Harant,
1474 2039 1549 2075 nisi
1573 2038 1669 2084 quocl

230 2091 263 2126 is
293 2093 463 2135 questuri
479 2103 552 2136 pro
578 2095 797 2138 querentis.)
837 2095 1025 2138 XXVIII,
1059 2098 1075 2131 1
1104 2097 1180 2140 (De
1205 2098 1362 2142 egisset,
1393 2097 1487 2142 quod
1512 2097 1603 2132 1863
1627 2096 1669 2130 in

231 2149 475 2193 suspicionem
498 2161 719 2194 vocaveram,
748 2154 815 2197 cfr.
847 2152 959 2195 VIII,
985 2155 1040 2192 37.
1069 2156 1090 2189 6
1115 2156 1151 2189 et
1172 2154 1340 2197 XXVII,
1365 2156 1399 2198 4,
1421 2156 1472 2198 2.)
1519 2152 1665 2196 XXIX,

232 2207 276 2240 10
299 2208 387 2250 post
412 2206 696 2243 adversissimas
728 2209 895 2244 secundae
921 2209 1050 2254 XXX,
1090 2213 1132 2245 10
1162 2223 1207 2247 ne
1239 2211 1340 2246 nudo
1375 2213 1417 2246 12
1453 2211 1664 2253 habeamus,

233 2262 316 2296 duae
342 2261 490 2305 XXXI,
515 2264 536 2296 2
561 2265 665 2298 venit
689 2286 733 2289 —
759 2278 844 2300 nam
883 2268 1067 2312 quidquid
1100 2270 1120 2302 3
1145 2268 1337 2311 Romano,
1375 2269 1520 2313 legatos
1544 2269 1567 2301 4
1590 2278 1666 2302 rem

230 2319 423 2354 crederem
439 2321 460 2354 8
474 2320 571 2363 (Uss.
580 2320 688 2356 malit
707 2323 933 2358 acciderunt.
951 2326 1069 2369 1863.)
1083 2325 1251 2370 XXXII,
1271 2327 1292 2360 8
1306 2326 1545 2370 proiecerunt
1559 2335 1668 2358 oran-

232 2379 281 2411 tes
302 2379 339 2410 et
365 2376 605 2412 obsecrantes
633 2378 746 2421 (codd.
762 2391 849 2415 rece.
887 2382 938 2415 Et
962 2393 1006 2416 ea:
1031 2386 1047 2416 t
1071 2384 1199 2417 natum
1207 2394 1218 2427 ,·
1254 2382 1322 2428 cfr.
1360 2382 1402 2417 cle
1426 2381 1541 2416 simili
1565 2380 1668 2416 (lubi-

232 2433 369 2470 tatione
412 2433 459 2467 acl
505 2444 533 2469 c.
570 2435 610 2478 7,
659 2435 708 2479 6.)
771 2436 968 2481 XXXIII,
1018 2441 1039 2473 8
1078 2440 1253 2474 Paculam
1300 2441 1342 2474 10
1389 2440 1574 2483 sciretque
1624 2440 1667 2472 13

232 2501 397 2533 quosque
435 2502 509 2525 una
551 2501 676 2525 secum
716 2492 895 2528 dedidere
927 2496 1006 2530 sine
1044 2497 1149 2531 uncis
1174 2496 1375 2540 XXXVII,
1403 2497 1419 2530 1
1447 2496 1548 2530 aliud
1572 2499 1664 2530 tem·

229 2558 298 2591 pus
344 2548 348 2591 Ι
395 2547 576 2582 immixtis
603 2547 683 2590 (Vel
710 2552 865 2594 propter
896 2553 1039 2596 pariter
1069 2553 1319 2589 nominativus
1350 2553 1576 2588 necessarius
1600 2554 1662 2589 est.

227 2603 347 2646 1863.)
397 2603 628 2648 XXXVIII,
668 2607 688 2638 7
727 2611 943 2651 cunctatus,
983 2611 1020 2642 et
1061 2612 1140 2644 tum
1198 2611 1203 2654 Ι
1266 2609 1490 2655 appellabat.
1529 2613 1567 2644 at
1601 2609 1663 2645 ille
