1789 2955
533 66 647 100 Liber
672 65 839 101 XXVII.
896 67 958 111 (A.
986 67 1049 100 Oh.
1075 69 1167 109 209.)
1512 72 1564 109 85

133 194 307 232 hostium
339 193 503 244 potitus,
537 207 657 243 quum
688 197 834 243 praeter
874 194 1003 231 libera
1044 195 1177 244 capita
1208 209 1360 233 omnem
1392 196 1568 246 praedam

134 266 333 305 militibus
365 266 635 312 concessisset,
681 266 723 302 in
768 266 1021 303 recensendis
1062 267 1229 316 captivis
1275 267 1409 304 decem
1441 268 1569 305 millia

134 337 325 387 peditum,
358 338 435 375 duo
467 337 594 375 millia
626 337 803 386 equitum
836 337 1002 376 invenit.
1071 338 1130 374 Ex
1170 339 1220 375 iis
1251 338 1454 388 Hispanos
1486 340 1569 376 sine

132 410 264 460 pret-io
297 423 431 447 omnes
464 410 623 446 domum
641 408 802 455 dimisit,
833 408 957 446 Afros
982 410 1154 447 vendere
1180 414 1414 459 quaestorem
1443 411 1570 448 iussit.

134 481 387 519 Circumfusa
417 481 508 518 inde
539 479 751 518 multitudo
777 480 1049 529 Hispanorum
1084 484 1123 518 et
1154 484 1243 518 ante
1275 482 1501 520 dedit-orum
1534 487 1570 519 et
1591 486 1613 520 3

132 553 268 603 pridie
286 556 492 603 captorum
515 565 649 601 regem
674 565 762 588 eum
780 551 935 599 ingenti
962 566 1155 590 consensu
1182 554 1418 603 appellavit.
1466 554 1567 591 Tum
1586 557 1609 590 4

133 624 290 676 Scipioff,
321 624 482 662 silentio
514 637 586 673 per
615 636 836 672 praeconem
877 624 995 670 facto,
1042 625 1119 661 sibi
1165 626 1379 662 maximum
1427 639 1570 663 nomen

133 697 386 747 imperatoris
405 709 488 734 esse
506 696 622 742 dixit,
654 709 731 744 quo
764 709 803 732 se
830 695 979 733 milites
1005 697 1064 733 sui
1090 697 1380 746 appellassent,
1412 699 1570 747 regium

131 782 276 807 nomen
320 768 419 806 alibi
464 781 672 816 magnum,
716 767 855 805 Romae
900 768 1155 805 intolerabile
1202 782 1296 807 esse.
1371 770 1606 818 Regalem5

130 841 307 877 animum
339 841 380 877 in
412 853 452 877 se
484 853 585 886 esse,
632 839 665 876 si
697 839 737 875 id
770 840 813 876 in
858 840 1029 876 hominis
1076 840 1238 888 ingenio
1278 842 1566 891 amplissimum

132 910 343 959 ducerent,
389 911 510 948 tacite
558 911 806 957 iudicarent3
844 911 953 949 vocis
1000 912 1258 961 usurpatione
1305 914 1566 951 abstinerent.

130 980 300 1020 Sensere
331 983 452 1021 etiam
483 982 649 1020 barbari
679 983 998 1031 magnitudinem
1031 983 1170 1030 animi,
1218 985 1329 1021 cuius
1375 986 1568 1023 miraculo
1588 987 1609 1022 6

129 1055 301 1092 nominis
348 1055 418 1092 alii
463 1055 651 1092 mortales
698 1058 923 1104 stuperent,
970 1054 1013 1091 id
1060 1069 1106 1092 ex
1152 1058 1234 1092 tam
1280 1057 1361 1094 alto
1407 1058 1568 1106 fastigio

131 1127 396 1175 aspernantis.
445 1126 565 1164 Dona
603 1126 696 1163 inde
736 1127 887 1175 regulis
927 1127 1258 1177 principibusque
1296 1129 1571 1178 Hispanorum
1593 1131 1613 1165 7

130 1198 275 1245 divisa,
308 1201 348 1236 et
377 1212 425 1236 ex
457 1212 602 1248 magna
632 1198 749 1247 copia
781 1202 988 1247 captorum
1015 1212 1206 1249 equorum
1234 1203 1445 1247 trecentos,
1470 1215 1568 1250 quos

129 1270 264 1318 vellet,
295 1271 445 1320 eligere
476 1270 696 1307 Indibilem
728 1270 855 1307 iussit.
921 1270 1050 1317 Quum
1078 1271 1202 1309 Afros
1234 1272 1427 1309 venderet
1460 1273 1610 1310 iussu&

128 1342 381 1391 imperatoris
413 1345 598 1392 quaestor,
630 1354 797 1391 puerum
824 1341 1004 1379 adultum
1030 1344 1134 1380 inter
1158 1357 1223 1380 eos
1247 1344 1375 1382 forma
1406 1344 1568 1392 insigni,

130 1427 252 1463 quum
283 1414 462 1452 audisset
492 1414 596 1462 regii
628 1414 784 1462 generis
816 1427 912 1460 esse,
946 1414 995 1451 ad
1014 1413 1245 1464 Scipionem
1277 1416 1394 1453 misit.
1443 1416 1571 1463 Quem
1591 1417 1612 1453 9

129 1499 252 1535 quum
283 1469 586 1535 percontaretur
606 1483 755 1535 Scipio,
788 1486 877 1534 quis
910 1488 948 1523 et
980 1487 1088 1523 cuias
1120 1490 1159 1523 et
1190 1500 1259 1523 cur
1290 1488 1331 1524 id
1364 1488 1494 1525 aetatis
1526 1489 1567 1525 in

130 1558 272 1595 castris
290 1559 441 1604 fuisset,
450 1557 666 1596 Numidam
685 1570 768 1594 esse
787 1571 827 1595 se
845 1558 918 1603 ait3
939 1558 1155 1595 Massivam
1173 1559 1385 1608 populares
1404 1573 1565 1605 vocare,

128 1629 269 1666 orbum
293 1643 316 1667 a
341 1631 455 1678 patre
483 1630 677 1676 relictum,
709 1629 816 1679 apud
850 1633 1070 1667 maternum
1102 1643 1217 1667 avum
1245 1630 1401 1678 Galam,
1432 1645 1565 1680 regem

128 1700 405 1751 Numidarum,
439 1701 635 1751 eductum,
683 1714 770 1738 cum
817 1702 1011 1739 avunculo
1043 1702 1279 1749 Masinissa,
1326 1703 1395 1752 qui
1440 1716 1567 1752 nuper

127 1786 217 1810 cum
235 1773 418 1822 equitatu
435 1773 616 1811 subsidio
635 1773 1034 1822 Carthaginiensibus
1053 1774 1239 1821 venisset,
1263 1775 1303 1810 in
1320 1774 1561 1824 Hispaniam

126 1845 347 1893 traiecisse3
377 1845 628 1895 prohibitum
660 1848 824 1894 propter
856 1848 1011 1882 aetatem
1053 1859 1075 1882 a
1106 1845 1324 1883 Masinissa
1364 1860 1567 1896 nunquam
1586 1848 1637 1885 10

127 1920 220 1954 ante
250 1917 439 1967 proelium
471 1918 608 1964 inisse,
655 1930 700 1954 eo
733 1918 819 1964 die,
865 1930 943 1966 quo
984 1920 1206 1968 pugnatum
1252 1931 1339 1955 cum
1371 1918 1565 1956 Romanis

127 1992 243 2037 esset,
273 1990 400 2027 inscio
431 1990 640 2037 avunculo,
673 1989 775 2027 clam
807 1990 927 2027 armis
959 2003 1142 2039 equoque
1174 1993 1332 2039 sumpto
1366 1990 1407 2027 in
1439 1990 1562 2027 aciem

127 2061 278 2108 exisse3
308 2061 377 2108 ibi,
411 2062 600 2111 prolapso
633 2075 733 2111 equo
757 2061 922 2098 effusum
946 2061 987 2098 in
1017 2075 1207 2111 praeceps,
1240 2064 1399 2111 captum
1418 2062 1466 2098 ab
1483 2062 1562 2099 Ro-

127 2132 256 2170 manis
287 2146 382 2170 esse.
442 2132 577 2184 Scipio
610 2147 731 2182 quum
769 2133 966 2170 asservari
998 2133 1213 2171 Numidam
1245 2133 1436 2180 iussisset,
1470 2147 1557 2182 quae
1582 2135 1626 2171 11

125 2217 200 2254 pro
232 2204 428 2242 tribunali
459 2205 613 2254 agenda
645 2208 769 2252 erant,
800 2205 973 2254 peragit3
1019 2206 1113 2242 inde
1159 2218 1281 2254 quum
1320 2219 1360 2242 se
1393 2206 1434 2241 in
1465 2218 1563 2255 prae-

125 2276 275 2313 ‘corium
306 2277 535 2327 recepisset,
564 2280 748 2314 vocatum
780 2290 867 2314 eum
900 2277 1136 2326 interrogat,
1167 2278 1341 2315 velletne
1373 2276 1423 2313 ad
1441 2276 1562 2314 Masi-

124 2348 273 2386 nissam
303 2350 464 2389 reverti.
527 2349 676 2396 Quum,
708 2348 841 2387 effusis
878 2349 1025 2398 gaudio
1068 2349 1261 2396 lacrimis,
1296 2362 1439 2398 cupere
1470 2363 1563 2386 vero
1589 2351 1638 2387 12

125 2419 288 2468 diceret,
319 2424 405 2458 tum
437 2435 560 2471 puero
592 2421 753 2459 anulum
785 2434 970 2468 aureum,
1006 2422 1184 2459 tunicam
1217 2422 1298 2459 lato
1331 2421 1442 2458 clavo
1475 2435 1561 2458 cum

126 2492 311 2542 Hispano
355 2493 496 2542 sagulo
543 2496 582 2531 et
612 2506 733 2530 aurea
770 2493 895 2531 fibula
942 2506 1164 2542 equumque
1211 2496 1395 2530 ornatum
1429 2494 1562 2540 donat,

126 2564 326 2614 iussisque
360 2565 564 2614 prosequi,
596 2565 728 2615 quoad
759 2565 892 2612 vellet,
926 2565 1140 2614 equitibus,
1180 2565 1342 2602 dimisit.

241 2635 306 2673 De
323 2636 432 2673 bello
451 2635 545 2673 inde
564 2636 769 2674 consilium
789 2636 969 2674 habitum
987 2650 993 2681 ;
1011 2639 1050 2673 et
1067 2636 1298 2673 auctoribus
1312 2636 1562 2685 quibusdam,
1632 2634 1688 2682 20
