1768 2943
755 107 804 138 IX

72 225 298 254 Mommsenz'i
325 222 492 266 (Prorsus
525 224 755 264 improbabile
786 227 846 261 est,
883 224 939 254 hic
970 225 1115 254 eundem
1146 225 1345 266 significari
1375 227 1484 257 locum

71 287 174 324 atque
205 293 230 314 c.
263 283 376 320 XLV,
409 281 458 324 3.)
485 282 530 316 lO
560 281 820 325 (Interp.'Enz.
854 284 924 315 280
955 281 1004 324 n.)
1054 282 1177 320 LVIlI,
1214 283 1230 315 1
1266 283 1374 325 (longi
1406 285 1484 316 inde

72 341 234 383 temporis
263 342 372 372 Gron.
398 341 431 371 P
459 344 493 371 et
515 341 629 371 Drak.
661 341 774 381 longis
801 340 878 371 inde
905 338 1130 382 temporibus)
1162 341 1252 379 LIX,
1285 341 1306 374 4
1334 341 1485 384 (exspec-

71 405 142 431 tare
167 400 374 438 Fleckeisen,
408 399 481 440 Mg.
509 399 587 430 Em.
615 402 684 434 280
711 404 780 441 pro
815 397 981 441 spectare)
1021 398 1040 431 7
1073 399 1181 440 magis
1213 400 1281 431 ulla
1313 411 1403 432 saeva
1429 408 1484 433 aut

71 458 244 500 utriusque
268 458 316 500 (P
338 458 448 489 ullaae
472 458 712 500 aututriusque.
766 460 874 490 Scrz'b.
909 458 1067 489 videtur.-
1106 459 1214 499 magis
1242 459 1309 489 ulla
1335 470 1425 490 sceva
1452 466 1484 491 et
1500 456 1512 469 '

71 522 128 548 aut
153 517 289 548 alterius
314 522 370 548 aut
397 517 567 558 utriusque
592 518 706 558 partis
746 517 824 547 Em.
843 519 922 551 281.
958 516 1196 559 W'oelsflz'nus:
1226 517 1293 548 ulla
1318 528 1416 559 aequa
1435 525 1482 555 et;

70 577 132 606 sed
162 586 247 606 raro
279 577 460 617 aequiorem
492 577 646 607 Martem
676 577 849 619 futurum
873 576 993 618 fuisse
1025 577 1126 606 nulla
1159 580 1239 607 erat
1269 578 1487 608 coniectandi

70 645 188 675 causa,
219 635 282 666 sed
304 635 424 674 potius
454 646 561 677 usque
591 637 640 666 ad
669 639 799 665 certum
831 639 990 665 eventum
1018 639 1179 675 pugnam
1200 636 1485 679 perventuram.)

70 693 143 731 Lx,
181 692 204 725 2
234 692 426 735 (Emporias
458 695 582 724 Luclzs.
620 694 721 724 Codd.
762 694 844 724 boni
879 694 1051 734 temporis,
1091 694 1204 724 Drak.
1240 694 1426 735 Emporiis)
1464 694 1484 727 3

70 750 252 796 (Laeetanis
285 752 339 782 hic
363 756 399 783 et
421 763 445 783 c.
473 753 570 790 LXI,
603 755 625 786 8
650 753 818 783 Huebner
844 753 966 783 Herm.
995 754 1017 783 l
1035 758 1071 792 p.
1099 755 1178 786 340.
1222 753 1335 790 Codd.,
1369 753 1483 784 Drak.

70 809 262 853 Lacetanis)
309 810 332 844 4
380 811 558 842 conciliata
595 811 786 842 clementi-ae
825 812 1029 852 iustitiaeque
1069 812 1156 842 fama
1195 822 1212 841 e
1243 813 1325 841 coni.
1367 812 1483 843 Weiss.

69 869 188 912 (Codd.
204 871 284 912 aliq.
313 881 393 901 recc.
420 871 453 901 P
474 870 743 912 clementiaeque)
775 868 776 895 i
806 869 916 912 (parta
938 875 1005 910 pro
1032 875 1149 911 parata
1174 872 1241 900 duo
1268 872 1360 900 codd.
1389 881 1484 908 recca,

69 929 111 959 A.
132 926 256 970 Periz.)
283 928 303 961 7
327 928 448 970 (Cissis
466 930 583 960 Alsch.
612 930 643 960 Ρ
666 933 700 959 et
725 929 835 960 Drak.
864 929 996 966 Scissis,
1023 930 1085 960 sed
1109 940 1133 959 c.
1152 929 1248 966 LXI,
1266 932 1283 961 1
1300 929 1331 959 Ρ
1347 928 1484 972 Cissim)

69 987 177 1024 LXII,
204 987 225 1020 3
251 987 298 1029 (in
325 989 405 1018 add.
433 989 500 1018 duo
527 989 620 1018 codd.
648 987 746 1029 recc.)
771 987 792 1020 4
819 988 1012 1029 pulvinario
1029 987 1128 1029 (Lov.
1148 990 1180 1025 3,
1208 988 1282 1027 Mg.
1303 988 1381 1018 Em.
1401 988 1486 1029 281)

70 1046 92 1078 5
123 1045 220 1087 (Non
256 1047 536 1086 improbabiliter
567 1048 775 1087 Rupertius:
815 1047 989 1077 hominum
1023 1048 1154 1088 species
1186 1046 1275 1077 visas
1311 1071 1317 1077 .
1346 1070 1352 1076 .
1381 1070 1387 1077 .
1421 1057 1484 1077 noc

70 1104 300 1146 congressas.)
326 1104 346 1138 7
372 1105 437 1136 iam
462 1106 606 1147 primum
632 1106 722 1147 (Mg.
751 1106 828 1136 Em.
859 1106 941 1147 283)
979 1105 1000 1138 8
1026 1106 1232 1147 (Lanuvium
1262 1106 1382 1136 Iunoni
1409 1107 1482 1136 edd.

68 1167 149 1194 vett.
178 1164 210 1193 P
232 1164 269 1194 L.
303 1169 336 1195 et
362 1164 492 1195 Iunoni.
533 1165 645 1196 Drak.
673 1165 712 1196 L.
747 1165 789 1196 ad
816 1164 968 1206 Iunonis)
1003 1165 1023 1196 9
1050 1164 1215 1195 Iuventati
1242 1164 1361 1205 (Codd.
1391 1175 1483 1202 recu,

68 1222 143 1263 Mg.
171 1222 249 1253 Em.
277 1222 362 1264 282)
394 1223 519 1261 LXIII,
554 1223 575 1256 3
609 1224 771 1254 adversus
803 1230 954 1255 senatum
987 1222 1133 1264 (Gran.)
1169 1225 1170 1252 i
1206 1222 1318 1265 (cuive
1351 1230 1486 1254 senator

69 1281 235 1312 Roellius.
262 1281 296 1312 Ρ
325 1282 426 1322 quive
458 1288 604 1320 senator,
639 1283 752 1313 Drak.
779 1283 879 1324 quive
906 1281 1087 1323 senatoris)
1126 1281 1169 1315 14
1203 1281 1251 1323 (in
1278 1286 1360 1312 ante
1386 1293 1484 1312 omen

70 1349 139 1370 non
167 1341 301 1370 iniuria
327 1345 519 1381 suspectum
552 1340 684 1384 Gran.)

188 1399 263 1430 Lib.
290 1399 390 1430 XXII
453 1399 536 1441 Cap.
564 1401 590 1438 1,
619 1400 636 1433 1
665 1399 879 1442 (appetebat3
917 1401 1030 1441 itaque
1058 1401 1232 1431 Hannibal
1265 1400 1416 1443 VVoelffl.
1456 1402 1488 1434 J>

70 1458 320 1499 adpetebatque
346 1459 458 1489 Hann.
510 1460 624 1490 Drak.
652 1459 846 1501 adpetebat,
876 1470 976 1500 quum
1009 1459 1070 1500 H.)
1108 1458 1129 1491 2
1160 1458 1292 1500 (videre
1332 1459 1482 1502 l'VoelJss-

72 1517 100 1547 C
120 1528 163 1548 m.
190 1520 222 1555 2,
255 1517 288 1548 Ρ
310 1517 474 1555 viderent,
507 1529 588 1549 recc.
615 1522 650 1549 et
672 1519 785 1549 Drak.
813 1519 977 1549 viderunt.
1006 1518 1083 1548 Em.
1111 1518 1196 1558 246)
1231 1517 1269 1550 11
1300 1518 1397 1559 (Non
1424 1519 1484 1548 im-

67 1578 300 1616 probabiliter
317 1577 532 1608 Flecss‘ez'sen:
558 1583 665 1608 sortes
679 1583 867 1609 attenuatas
885 1588 1055 1617 unamque
1075 1587 1134 1607 sua
1154 1582 1273 1617 sponte
1293 1577 1485 1618 excidisse.)

71 1634 114 1668 16
144 1635 247 1677 (divis
279 1646 297 1666 e
329 1636 532 1666 carminibus
565 1637 638 1676 Jlg.
667 1637 745 1667 Em.
773 1639 852 1670 283.
892 1637 922 1666 Ρ
951 1636 1075 1666 divinis
1109 1636 1333 1673 carminibus;
1369 1637 1482 1667 Drak.

70 1695 137 1725 divi
171 1693 392 1736 carminibus)
433 1692 435 1726 Ι
476 1695 697 1735 praefarentur
728 1694 873 1736 (Gran.)
906 1694 948 1727 17
981 1695 1029 1735 (et
1062 1696 1141 1725 add.
1182 1695 1352 1737 Vl¹⁷oelffl.;
1394 1697 1481 1725 idem

71 1753 194 1784 donum
223 1753 364 1784 inclusit
384 1753 646 1795 probabiliter.)
673 1754 716 1787 18
742 1754 852 1795 (fieret
879 1759 911 1784 et
938 1760 971 1784 ut
1002 1753 1086 1783 Cm.
1112 1756 1143 1790 2,
1170 1754 1254 1784 Lov.
1287 1758 1318 1787 5,
1347 1755 1378 1784 Ρ
1394 1754 1483 1785 lecti-

69 1812 298 1853 sterniumque
310 1812 471 1853 fieretque
496 1817 529 1843 et
549 1817 594 1849 ut,
622 1814 713 1842 male
738 1813 885 1852 repetita
906 1814 1099 1852 particula.
1134 1813 1246 1843 Drak.
1267 1812 1376 1850 fieret;
1404 1814 1483 1854 quin

69 1876 102 1902 et
127 1869 203 1912 lib.)
235 1870 279 1904 19
305 1876 338 1902 et
362 1871 437 1901 sine
463 1872 560 1902 uncis
584 1870 730 1912 (Gron.)
769 1871 810 1909 II,
840 1871 857 1903 1
885 1870 953 1912 (dis
979 1871 1207 1912 habendoque
1235 1872 1308 1901 edd.
1337 1875 1416 1902 vett.
1457 1873 1488 1902 Ρ

69 1929 366 1970 distrahendoque,
401 1929 515 1960 Drak.
548 1930 612 1960 diis
645 1929 896 1971 trahendoque)
932 1929 954 1962 ‘2
988 1930 1142 1972 (paludes
1181 1929 1332 1972 Woelffl.
1360 1930 1482 1961 Herm.

82 1989 175 2020 VIII
199 1993 236 2030 p.
263 1991 333 2023 363
359 1999 376 2018 e
407 1992 491 2022 vest,
525 1989 563 2020 Ρ.
591 1989 704 2022 Drak.
737 1988 912 2029 paludem)
943 1989 964 2022 6
989 1989 1068 2031 (nec
1096 1994 1152 2020 aut
1178 1990 1219 2019 A.
1248 1989 1358 2020 Periz.
1398 1990 1428 2019 Ρ
1453 1993 1485 2019 et

69 2046 182 2078 Drak.
209 2046 281 2088 aut)
311 2046 333 2081 8
357 2046 407 2089 (in
433 2057 522 2088 aqua
547 2048 743 2085 Finckhius,
778 2048 856 2078 Em.
884 2050 962 2081 283.
1001 2048 1034 2078 Ρ
1057 2051 1091 2078 et
1115 2047 1228 2078 Drak.
1256 2048 1289 2079 in
1317 2047 1438 2089 aquas)
1464 2048 1484 2080 9

0 2112 6 2116 '
69 2105 327 2146 (incumbebant
353 2111 409 2137 aut
434 2106 657 2137 iumentorum
684 2107 758 2147 x’llg.
778 2107 857 2138 Em.
884 2107 952 2137 ibd.
983 2106 1097 2144 Codd.,
1125 2107 1238 2137 Drak.
1267 2117 1320 2137 om
1357 2106 1441 2147 aut.)
1463 2113 1464 2149 ἢ

70 2162 229 2206 (exstaret
254 2175 294 2196 ex
321 2174 409 2206 aqua
447 2164 598 2196 Wesenb.
630 2166 872 2205 probabiliter.
930 2165 1081 2196 Obstant
1105 2169 1221 2196 tamen
1254 2165 1341 2196 Hor.
1370 2166 1482 2205 Epod.

39 2225 102 2268 (5⁵
129 2225 174 2257 35
200 2226 234 2254 et
262 2221 362 2254 Ovid.
395 2224 499 2255 Trz'st.
537 2224 573 2262 V,
602 2227 644 2257 11
671 2223 753 2265 14),
780 2224 840 2261 III,
869 2224 885 2256 1
914 2224 1165 2265 (probabiliter
1187 2224 1484 2266 Hsoels‘fl.e1)alu-

0 2294 6 2299 ·
71 2281 197 2323 dibus.)
222 2281 243 2315 9
274 2281 524 2323 (proposuisset
557 2283 734 2323 supplevit
763 2284 901 2314 Heerw.
936 2284 1101 2314 Fortasse
1126 2284 1237 2323 plura
1271 2283 1482 2313 exciderunt.

70 2340 149 2371 Em.
176 2343 245 2374 285
272 2351 304 2371 n.
353 2341 464 2382 Vulgo
490 2343 675 2372 edebatur:
712 2352 903 2383 pugnaeque
934 2342 1119 2383 proposuit.
1173 2342 1262 2381 Quin
1289 2342 1408 2382 immo)
1441 2342 1483 2375 13

71 2398 306 2440 obtorpuerint
331 2398 422 2441 (Mg.
450 2400 529 2431 Em.
556 2403 635 2434 284.
680 2400 784 2431 Codd.
812 2399 1037 2443 obtorpuerit)
1064 2401 1121 2439 IV,
1149 2400 1170 2434 :2
1189 2400 1381 2443 (insurgunt
1407 2401 1481 2441 Mg.

74 2456 175 2488 Codd.
201 2458 433 2499 adinsurgunt,
460 2459 573 2489 Drak.
601 2458 803 2500 adsurgunt)
828 2458 849 2492 4
876 2460 967 2490 haud
986 2460 1147 2501 dispectae
1166 2471 1183 2490 e
1200 2461 1285 2491 coni.
1306 2460 1351 2489 N.
1371 2460 1485 2489 Hellii

69 2515 164 2557 (Em.
191 2515 276 2558 285)
301 2518 341 2555 V,
380 2516 401 2550 3
426 2516 577 2558 (ordines
602 2523 635 2548 et
660 2518 772 2548 locum
799 2524 976 2549 noscerent
1003 2519 1077 2559 Jllg.
1101 2519 1179 2549 Em.
1198 2521 1277 2555 286,
1306 2524 1480 2548 noscerent

71 2575 148 2606 Pal.
169 2578 188 2608 1
215 2578 249 2606 et
263 2576 344 2607 Ald.
377 2576 411 2606 Ρ
430 2576 584 2607 ordinem
603 2577 662 2608 sed
680 2578 791 2608 locum
811 2583 977 2608 nosceret.
1017 2577 1129 2607 Drak.
1149 2577 1300 2607 ordinem
1320 2582 1352 2607 et
1371 2576 1481 2607 locum

71 2638 226 2664 nosceret
244 2632 353 2676 miles)
369 2633 390 2666 4
409 2633 569 2676 (gemitus
590 2636 837 2667 vulneratorum
857 2637 1014 2676 Rupert.‚
1046 2634 1197 2666 lVesenb.
1225 2634 1340 2672 Codd.,
1369 2635 1481 2669 Drok.

1226 2690 1243 2707 θ
