1789 2955
235 82 316 119 262
645 77 759 113 Liber
784 76 908 114 XXX.
957 79 1018 121 (A.
1050 90 1084 113 u.
1111 91 1141 114 e.
1167 79 1260 123 552.)

234 207 345 245 aliud
375 218 608 256 responsum
640 205 796 251 datum,
843 219 962 255 quam
1000 210 1043 243 ut
1074 205 1268 254 Tynetem
1299 206 1504 251 venirent3
1551 219 1595 244 eo
1627 219 1667 244 se

233 282 431 316 moturum
465 281 605 316 castra.
651 277 745 326 Ipse
778 276 827 314 ad
859 277 1208 327 contemplandum
1241 277 1498 326 Carthaginis
1531 277 1665 323 situm,

232 363 308 387 non
339 352 421 387 tam
453 349 644 387 noscendi
679 349 720 386 in
751 350 966 398 praesentia
1005 362 1122 399 quam
1159 349 1339 386 terrendi
1379 349 1504 386 hostis
1536 361 1664 395 causa,

191 422 213 457 7
224 425 447 469 provectus
478 420 658 466 Uticam,
692 419 828 458 eodem
861 424 899 458 et
931 420 1099 458 Octavio
1130 424 1338 467 revocato,
1369 419 1503 458 rediit.
1563 419 1665 457 Inde

231 493 540 544 procedentibus
564 492 616 530 ad
632 491 825 540 Tynetem
849 493 1013 529 nuntius
1037 493 1192 539 allatus,
1218 492 1450 530 Verminam
1468 490 1664 541 Syphacis

230 564 358 602 filium
392 578 479 602 cum
510 564 715 614 equitibus
746 564 931 613 pluribus
963 577 1081 614 quam
1106 564 1310 614 peditibus
1337 563 1472 601 venire
1497 562 1664 601 Cartha·

187 636 477 687 8giniensibus
523 636 688 674 auxilio.
763 635 866 673 Pars
921 636 1120 673 exercitus
1175 649 1263 673 cum
1318 635 1425 673 omni
1471 635 1664 684 equitatu,

228 709 520 747 maturantibus
551 707 703 757 primis,
736 720 878 756 agmen
909 721 1101 757 aggressa
1126 707 1394 745 Numidarum
1426 707 1505 744 levi
1537 710 1663 745 certa-

229 782 335 819 mine
366 780 480 818 fudit.
526 779 651 816 Exitu
683 792 840 829 quoque
857 779 961 828 fugae
994 779 1224 818 intercluso.
1258 793 1280 817 a
1311 782 1425 829 parte
1451 779 1559 816 omni
1586 778 1662 816 cir-

229 852 425 891 cumdatis
452 851 670 900 equitibus,
702 851 932 900 quindecim
957 851 1089 889 millia
1111 852 1317 888 hominum
1342 864 1454 897 caesa,
1488 850 1598 887 mille
1625 852 1664 887 et

229 924 392 962 ducenti
437 923 521 961 vivi
561 923 689 972 capti,
736 926 774 960 et
820 923 914 972 equi
945 923 1151 961 Numidici
1198 922 1307 960 mille
1355 925 1394 960 et
1437 922 1663 971 quingenti,

227 998 342 1047 signa
372 995 565 1033 militaria
596 994 674 1032 duo
707 998 745 1031 et
777 995 1051 1045 septuaginta;
1085 994 1247 1043 regulus
1273 994 1359 1044 ipse
1385 994 1488 1032 inter
1518 994 1662 1031 tumul·

183 1068 206 1105 9
226 1073 309 1107 tum
341 1081 429 1105 cum
460 1067 600 1117 paucis
632 1066 782 1115 effugit.
829 1067 932 1104 Tum
956 1068 1007 1105 ad
1033 1067 1224 1116 Tynetem
1251 1067 1402 1113 eodem,
1430 1079 1508 1116 quo
1535 1068 1662 1111 antea,

227 1141 313 1179 loco
331 1143 463 1178 castra
479 1139 623 1189 posita,
639 1138 841 1188 legatique
858 1139 1026 1188 triginta
1043 1139 1093 1176 ab
1109 1137 1354 1187 Carthagine
1370 1138 1419 1175 ad
1436 1136 1663 1188 Scipionem

226 1214 433 1251 venerunt.
479 1210 534 1247 Et
566 1211 627 1247 illi
655 1210 816 1260 quidem
840 1211 966 1248 multo
989 1210 1256 1248 miserabilius
1282 1224 1401 1260 quam
1429 1212 1557 1256 antea,
1585 1222 1662 1258 quo

226 1285 352 1334 magis
384 1283 552 1332 cogebat
582 1283 764 1329 fortuna,
805 1286 993 1331 egerunt;
1034 1282 1104 1320 sed
1146 1282 1352 1331 aliquanto
1391 1282 1544 1319 minore
1576 1294 1663 1318 cum

156 1359 206 1396 10
223 1352 497 1396 misericordia
535 1355 583 1392 ab
624 1354 776 1392 recenti
815 1354 1005 1392 memoria
1042 1353 1223 1403 perfidiae
1263 1354 1392 1392 auditi
1441 1356 1543 1391 sunt.
1612 1352 1662 1390 In

226 1429 393 1468 consilio
425 1440 651 1478 quanquam
698 1427 803 1464 iusta
843 1426 903 1463 ira
935 1439 1069 1463 omnes
1108 1426 1158 1463 ad
1190 1426 1399 1463 delendam
1432 1424 1664 1462 stimulabat

229 1500 528 1549 Carthaginem,
558 1502 692 1536 tamen
723 1511 857 1547 quum,
889 1501 928 1535 et
945 1501 1094 1547 quanta
1120 1511 1182 1535 res
1207 1501 1309 1535 esset
1341 1501 1379 1535 et
1406 1510 1522 1546 quam
1549 1496 1662 1545 longi

226 1572 419 1622 temporis
447 1571 605 1609 obsidio
629 1574 711 1607 tam
737 1570 899 1607 munitae
926 1573 965 1607 et
987 1572 1069 1606 tam
1096 1570 1239 1608 validae
1264 1570 1388 1616 urbis,
1418 1570 1664 1617 reputarent,

163 1647 209 1684 11
231 1649 270 1683 et
300 1645 431 1695 ipsum
463 1642 691 1693 Scipionem
723 1641 970 1692 exspectatio
1002 1641 1241 1679 successoris
1276 1641 1435 1678 venturi
1467 1639 1515 1678 ad
1547 1652 1661 1689 para-

225 1722 305 1755 tam
341 1716 506 1754 alterius
538 1715 675 1752 labore
707 1728 752 1752 ac
784 1714 962 1764 periculo
988 1713 1092 1751 finiti
1114 1713 1211 1750 belli
1238 1713 1382 1750 famam
1410 1711 1662 1756 sollicitaret,

89 1785 140 1834 37
228 1789 277 1828 ad
308 1801 448 1839 pacem
480 1787 653 1825 omnium
687 1786 809 1823 animi
850 1786 955 1824 versi
986 1789 1090 1822 sunt.
1151 1785 1317 1822 Postero
1359 1783 1426 1821 die
1466 1783 1662 1820 revocatis

226 1861 369 1911 legatis
401 1864 439 1898 et
478 1873 565 1897 cuin
607 1858 733 1895 multa
775 1858 1038 1907 castigatione
1083 1857 1260 1907 perfidiae
1299 1856 1483 1902 monitis,
1528 1858 1571 1891 ut
1603 1857 1663 1892 tot

228 1933 411 1971 cladibus
444 1931 575 1970 edocti
605 1931 767 1968 tandem
800 1929 894 1968 deos
927 1933 964 1967 et
997 1929 1057 1966 ius
1088 1928 1298 1966 iurandum
1328 1941 1412 1966 esse
1445 1927 1664 1973 crederent,

184 2007 207 2042 2
230 2005 487 2044 condiciones
513 2003 622 2052 pacis
650 2002 779 2048 dictae,
810 2005 854 2038 ut
887 2001 1007 2038 liberi
1028 2001 1182 2049 legibus
1214 2001 1296 2038 suis
1328 2000 1526 2045 viverent,
1564 2011 1662 2047 quas

229 2077 348 2116 urbes
365 2088 544 2126 quosque
570 2087 685 2123 agros
713 2074 939 2123 quibusque
965 2072 1112 2109 finibus
1137 2076 1229 2110 ante
1257 2073 1403 2110 bellum
1430 2070 1661 2115 tenuissent,

186 2149 425 2193 3tenerent,
471 2145 772 2197 populandique
803 2144 922 2182 finem
953 2158 997 2182 eo
1031 2144 1095 2181 die
1126 2144 1330 2182 Romanus
1362 2144 1530 2188 faceret;
1572 2155 1661 2191 per-

227 2222 342 2270 fugas
362 2205 645 2268 vfugitivosque
678 2221 717 2254 et
747 2217 927 2266 captivos
958 2229 1090 2253 omnes
1132 2215 1349 2252 redderent
1380 2214 1593 2260 Romanis,
1625 2217 1664 2250 et

230 2306 349 2330 naves
381 2293 575 2329 rostratas
607 2293 752 2339 praeter
783 2287 918 2325 decem
949 2288 1133 2325 triremes
1171 2286 1377 2324 traderent
1408 2285 1661 2335 elephantos-

183 2365 314 2415 4que‚
345 2377 444 2413 quos
475 2363 668 2400 haberent
699 2360 887 2406 domitos,
926 2372 1054 2408 neque
1098 2358 1306 2396 domarent
1343 2357 1466 2404 alios,
1514 2356 1664 2394 bellum

230 2448 328 2473 neve
360 2435 404 2471 in
434 2433 578 2471 Africa
619 2446 718 2471 neve
763 2435 878 2469 extra
909 2430 1092 2468 Africam
1136 2430 1288 2467 iniussu
1319 2428 1460 2479 populi
1492 2427 1665 2465 Romani

232 2510 436 2556 gererent;
470 2505 691 2543 Masinissae
716 2517 778 2541 res
803 2503 1016 2540 redderent
1041 2501 1249 2551 foedusque
1281 2514 1369 2538 cum
1395 2513 1439 2537 eo
1471 2501 1663 2545 facerent;

191 2579 473 2616 5frumentu1n
514 2575 838 2626 stipendiumque
883 2573 1066 2619 auxiliis,
1113 2573 1239 2610 donec
1287 2572 1335 2609 ab
1367 2571 1493 2608 Roma
1542 2571 1665 2620 legati

230 2650 438 2695 redissent,
454 2651 708 2698 praestarent;
734 2646 870 2684 decem
896 2645 1022 2683 millia
1049 2644 1245 2683 talentum
1263 2643 1431 2692 argenti,
1460 2642 1661 2692 descripta
