1768 2943
240 92 294 133 72
659 89 763 120 Liber
788 89 899 120 XXII.
931 88 987 130 (A.
1015 99 1046 120 u.
1074 99 1102 120 c.
1130 88 1226 131 537.)

239 223 517 258 Romanorum
560 221 789 265 multitudo,
833 225 872 256 et
911 221 966 256 ad
1004 232 1120 257 aures
1153 233 1316 270 quoque
1348 221 1514 257 militum
1547 221 1656 258 dicta

240 291 392 328 ferocia
424 291 731 335 evolvebantur;
765 303 813 327 ac
838 291 870 327 si
900 291 1078 327 militaris
1104 291 1280 340 suffragii
1304 304 1366 329 res
1395 298 1514 336 esset,
1548 293 1658 328 haud

239 362 362 398 dubie
395 361 592 406 ferebant,
626 360 848 397 Minucium
880 361 1007 397 Fabio
1040 362 1133 397 duci
1166 362 1414 410 praelaturos.

127 428 172 473 15
360 432 508 468 Fabius
540 432 688 480 pariter
719 430 760 466 in
793 442 889 467 suos
921 431 1032 467 haud
1062 432 1194 468 minus
1227 444 1348 480 quam
1373 433 1413 468 in
1438 433 1577 469 hostes
1599 433 1659 470 in-

239 508 387 546 tentus,
420 502 528 550 prius
562 502 612 537 ab
645 501 719 537 illis
752 501 942 537 invictum
975 502 1152 538 animum
1184 508 1359 551 praestat.
1414 503 1659 552 Quanquam

239 573 368 622 probe
401 572 487 616 scit,
520 584 606 608 non
638 572 679 607 in
712 571 851 608 castris
883 573 1011 608 modo
1040 572 1133 616 suis,
1169 573 1243 608 sed
1268 573 1348 608 iam
1372 574 1493 609 etiam
1518 575 1659 611 Romae

239 643 433 679 infamem
467 654 581 679 suam
614 642 916 678 cunctationem
949 654 1052 684 esse,
1087 643 1313 679 obstinatus
1346 648 1482 680 tamen
1515 650 1657 681 tenore

202 710 228 751 2
241 714 390 750 eodem
423 712 684 749 consiliorum
707 712 855 749 aestatis
878 712 1074 760 reliquum
1092 714 1272 758 extraxit,
1302 720 1343 750 ut
1361 714 1565 751 Hannibal
1590 716 1661 751 de-

241 784 399 820 stitutus
418 783 469 819 ab
488 794 560 831 spe
579 794 734 819 summa
752 794 831 831 ope
850 782 962 831 petiti
981 782 1210 820 certaniinis
1228 784 1307 820 iam
1333 785 1508 821 hibernis
1526 786 1658 834 locum

241 855 607 903 circumspectaret,
641 853 737 901 quia
758 865 808 888 ea
832 853 944 901 regio
963 854 1172 901 praesentis
1190 860 1276 890 erat
1293 855 1435 903 copiae,
1461 867 1546 892 non
1570 860 1660 904 per'-

240 931 386 974 petuae‚
429 924 593 960 arbusta
625 924 833 971 vineaeque
874 928 913 959 et
955 923 1113 960 consita
1151 925 1289 973 omnia
1330 925 1458 973 magis
1490 926 1662 962 amoenis

202 992 363 1042 3quam
406 994 646 1031 necessariis
689 993 894 1030 fructibus.
964 993 1063 1030 Haec
1105 1006 1177 1042 per
1219 995 1495 1043 exploratores
1537 996 1662 1032 relata

240 1065 382 1102 Fabio.
432 1065 565 1111 Quum
599 1065 695 1101 satis
720 1064 851 1108 sciret,
885 1075 957 1112 per
981 1065 1150 1100 easdem
1177 1066 1398 1113 angustias,
1432 1067 1576 1114 quibus
1603 1067 1662 1103 in-

240 1140 413 1172 traverat
444 1135 659 1172 Falernum
692 1147 845 1183 agrum,
879 1134 1112 1179 rediturum,
1142 1134 1378 1172 Calliculam
1408 1143 1590 1173 montem
1623 1144 1663 1174 et

201 1204 464 1244 4Casilinum
496 1210 672 1254 occupat
703 1204 877 1241 modicis
899 1205 1110 1254 praesidiis,
1143 1217 1232 1253 quae
1255 1208 1347 1243 urbs
1366 1207 1565 1244 Vulturno
1590 1209 1663 1244 flu-

242 1276 351 1313 mine
376 1276 579 1325 dirempta
603 1276 816 1312 Falernum
841 1288 866 1312 a
891 1275 1104 1325 Campano
1130 1289 1229 1325 agro
1255 1277 1398 1314 dividit
1407 1289 1416 1322 ;
1450 1279 1537 1327 ipse
1559 1279 1662 1328 iugis

241 1347 387 1383 iisdem
411 1347 629 1383 exercitum
651 1347 821 1391 reducit,
854 1347 978 1383 misso
1005 1348 1256 1396 exploratum
1281 1359 1370 1384 cum
1388 1349 1662 1397 quadringen-

204 1415 291 1456 5tis
323 1417 524 1465 equitibus
557 1417 760 1454 sociorum
791 1416 837 1453 L.
870 1416 1046 1453 Hostilio
1076 1417 1285 1455 Mancino.
1342 1418 1433 1464 Qui,
1468 1431 1516 1455 ex
1549 1420 1663 1455 turba

241 1488 429 1524 iuvenum
462 1487 714 1524 audientium
747 1499 855 1535 saepe
887 1487 1076 1524 ferociter
1098 1488 1406 1525 contionantem
1429 1489 1663 1538 magistrum

242 1558 433 1606 equitum,
467 1569 706 1607 progressus
738 1558 868 1606 primo
909 1558 1176 1606 exploratoris
1220 1560 1361 1604 modo,
1407 1565 1450 1595 ut
1488 1572 1536 1595 ex
1576 1564 1662 1596 tuto

242 1629 515 1677 specularetur
547 1629 720 1672 hostem,
763 1628 830 1663 ubi
862 1640 989 1676 vagos
1028 1628 1181 1677 passim
1217 1641 1289 1678 per
1320 1630 1430 1666 vicos
1463 1628 1660 1666 Numidas

205 1697 229 1738 6
244 1699 348 1735 vidit
378 1703 414 1735 et
444 1711 516 1748 per
540 1698 803 1735 occasionem
821 1698 943 1734 etiam
959 1710 1114 1747 paucos
1133 1700 1295 1745 occidit,
1322 1700 1524 1748 extemplo
1543 1711 1664 1737 occu·

242 1775 360 1819 patus
379 1769 598 1806 certamine
617 1774 678 1805 est
694 1769 866 1813 animus,
885 1769 1202 1818 excideruntque
1219 1776 1423 1819 praecepta
1441 1770 1663 1815 dictatoris,

243 1839 324 1887 qui,
357 1844 553 1888 quantum
594 1845 680 1876 tuto
714 1844 866 1887 posset,
906 1851 1166 1888 progressum
1208 1841 1316 1889 prius
1355 1840 1534 1889 recipere
1573 1852 1663 1877 sese

204 1909 425 1954 Tiusserat,
459 1921 581 1958 quam
612 1910 654 1945 in
686 1914 952 1958 conspectum
974 1910 1151 1947 hostium
1175 1911 1339 1947 veniret.
1388 1910 1574 1948 Numidae
1599 1911 1664 1947 alii

244 1986 366 2028 atque
384 1980 449 2016 alii
468 1985 729 2017 occursantes
746 1979 1075 2028 refugientesque
1094 1981 1148 2016 ad
1165 1986 1297 2017 castra
1320 1993 1448 2030 prope
1465 1981 1554 2030 ipsa
1571 1993 1662 2017 eum

204 2050 228 2091 8
245 2064 335 2088 cum
353 2051 593 2100 fatigatione
607 2062 804 2098 equorum
817 2055 937 2098 atque
952 2050 1161 2087 hominum
1174 2056 1417 2100 pertraxere.
1450 2051 1552 2088 Inde
1567 2050 1664 2088 Car-

244 2122 368 2166 thalo,
403 2133 530 2170 penes
563 2133 684 2169 quern
717 2133 873 2157 summa
905 2121 1101 2169 equestris
1132 2122 1288 2170 imperii
1321 2127 1418 2167 erat,
1452 2121 1664 2158 concitatis

245 2192 358 2241 equis
390 2192 584 2236 invectus,
618 2203 740 2239 quum
773 2191 894 2240 prius,
928 2203 1049 2239 quam
1074 2193 1128 2228 ad
1155 2192 1383 2229 coniectum
1409 2192 1476 2228 teli
1498 2192 1662 2237 veniret,

245 2262 455 2299 avertisset
471 2262 622 2305 hostes,
649 2261 826 2310 quinque
845 2261 970 2298 ferme
987 2261 1108 2299 millia
1126 2262 1350 2299 continenti
1370 2274 1485 2299 cursu
1503 2267 1664 2299 secutus

206 2332 231 2372 9
247 2338 309 2369 est
336 2332 550 2381 fugientes.
598 2331 813 2369 Mancinus
831 2337 1048 2381 postquam
1066 2344 1143 2369 nec
1160 2333 1319 2369 hostem
1337 2333 1533 2369 desistere
1551 2332 1664 2380 sequi

247 2415 325 2440 nec
358 2415 472 2452 spem
489 2401 588 2438 vidit
620 2401 841 2450 effugiendi
874 2414 977 2447 esse,
1012 2403 1247 2440 cohortatus
1280 2415 1375 2440 suos
1407 2403 1448 2439 in
1480 2402 1664 2451 proelium

179 2471 232 2513 10
245 2473 376 2518 rediit,
407 2473 517 2510 omni
545 2477 659 2521 parte
687 2472 826 2508 virium
851 2473 993 2521 impar.
1041 2472 1182 2522 Itaque
1206 2474 1294 2522 ipse
1318 2479 1358 2510 et
1382 2473 1529 2510 delecti
1554 2472 1664 2520 equi-

246 2550 330 2580 tum
348 2543 606 2581 circumventi
625 2543 882 2587 occiduntur;
916 2543 1038 2580 ceteri
1065 2543 1193 2580 effuso
1219 2541 1386 2594 [rursus]
1403 2539 1528 2596 :cursu
1546 2541 1665 2579 Cales

247 2614 432 2662 primum,
465 2614 561 2650 inde
586 2626 716 2663 prope
739 2614 855 2650 inviis
873 2613 1038 2650 callibus
1056 2614 1111 2649 ad
1128 2613 1369 2650 dictatorem
1391 2613 1664 2662 perfugerunt.
