1768 2943
506 102 610 133 Liber
635 102 744 132 xxn.
796 100 850 144 (A.
879 102 941 132 Ch.
968 100 1064 143 217.)
1440 102 1491 143 61

82 233 169 269 velli
201 232 380 281 nequire.
429 231 659 269 Conversus
684 232 737 268 ad
759 232 942 268 nuntium
976 231 1105 268 «Num
1130 232 1279 269 litteras
1304 245 1491 281 quoque»
1515 231 1567 271 13

80 302 210 351 inquit
245 303 321 339 «ab
353 308 496 339 senatu
529 302 660 346 affers,
695 314 783 350 quae
815 314 880 338 me
912 314 995 337 rem
1027 314 1168 350 gerere
1201 302 1362 340 vetent?
1406 302 1495 347 Abi,

80 372 235 418 nuntia,
260 373 457 410 effodiant
481 373 652 422 signum,
677 372 709 408 si
727 373 781 408 ad
800 372 1110 409 convellendum
1127 384 1271 409 manus
1289 385 1370 421 prae
1389 379 1497 410 metu

82 444 413 493 obtorpuerunt.»
464 443 660 480 Incedere
692 443 790 479 inde
823 455 970 491 agmen
994 443 1128 491 coepit,
1154 442 1407 491 primoribus,
1435 455 1498 480 su·
1516 442 1569 483 14

80 526 274 563 perquam
301 514 413 562 quod
441 513 717 550 dissenserant
741 514 792 549 ab
819 513 1002 557 consilio,
1036 513 1179 550 territis
1204 513 1325 549 etiam
1348 512 1497 561 duplici

81 583 284 633 prodigio,
325 584 448 620 milite
489 584 530 621 in
569 584 709 632 vulgus
747 584 839 620 laeto
882 583 1033 620 ferocia
1067 584 1194 628 ducis,
1229 595 1351 632 quum
1385 595 1496 632 spem

80 653 210 703 magis
241 654 370 703 ipsam
403 666 522 702 quam
556 666 719 690 eausam
753 654 838 702 spei
870 654 1102 690 intueretur.

200 723 418 768 Hannibal,
459 725 572 772 quod
612 725 695 773 agri
734 729 795 761 est
832 725 935 760 inter
967 724 1191 761 Cortonam
1226 724 1364 759 urbem
1397 723 1497 759 Tra·
1563 721 1596 764 4

82 806 403 843 sumennumque
435 795 578 838 lacum,
615 796 725 831 omni
757 796 874 831 clade
902 795 994 831 belli
1022 799 1238 843 pervastat,
1265 806 1345 841 quo
1370 793 1499 842 magis

81 865 180 901 iram
213 865 319 902 hosti
351 866 405 902 ad
438 866 706 902 vindicandas
740 865 942 902 sociorum
975 865 1138 901 iniurias
1172 869 1313 908 acuat;
1348 869 1387 900 et
1420 863 1540 902 iam?

81 940 349 984 pervenerant
380 936 434 972 ad
466 936 557 973 loca
588 941 685 972 nata
716 936 886 980 insidiis,
920 936 986 971 ubi
1019 935 1191 971 maxime
1216 939 1376 971 montes
1401 934 1499 971 Cor-

82 1010 276 1042 tonenses
294 1006 598 1044 Trasumennus
617 1006 734 1043 subit.
783 1006 862 1043 Via
879 1012 1034 1042 tantum
1056 1006 1222 1041 interest
1239 1009 1497 1053 perangusta,

82 1076 189 1112 velut
220 1076 274 1112 ad
307 1076 353 1112 id
379 1077 510 1125 ipsum
543 1077 596 1113 de
628 1077 826 1113 industria
849 1077 987 1114 relicto
1013 1076 1166 1125 spati0;
1200 1075 1353 1111 deinde
1377 1075 1499 1123 paulo

83 1146 200 1183 latior
231 1147 402 1195 patescit
434 1158 619 1195 campus;
652 1147 749 1183 inde
782 1147 905 1183 colles
938 1147 1161 1195 insurgunt.
1214 1145 1273 1181 Ibi
1306 1150 1438 1182 castra
1458 1144 1541 1184 in3

84 1221 228 1266 aperto
260 1217 380 1261 locat,
419 1217 486 1253 ubi
518 1217 605 1266 ipse
638 1229 728 1253 cum
761 1217 866 1253 Afris
898 1218 1026 1254 modo
1058 1216 1334 1266 Hispanisque
1368 1215 1501 1253 consi—

84 1288 217 1331 deret;
261 1286 438 1324 Baliares
481 1292 738 1335 ceteramque
778 1288 905 1323 levem
939 1292 1181 1324 armaturam
1213 1293 1308 1336 post
1339 1292 1500 1324 montes

83 1357 364 1401 circumducit;
398 1357 553 1406 equites
585 1358 640 1394 ad
671 1357 780 1406 ipsas
813 1358 951 1395 fauces
975 1359 1112 1403 saltus,
1141 1358 1300 1395 tumulis
1330 1364 1423 1407 apte
1446 1362 1501 1394 te-

82 1427 283 1476 gentibus,
316 1428 437 1472 loeat,
471 1433 525 1473 ut,
560 1428 627 1464 ubi
660 1428 877 1465 intrassent
908 1429 1096 1473 Romani,
1133 1429 1295 1465 obiecto
1321 1428 1500 1477 equitatu

83 1499 219 1535 clausa
252 1498 389 1535 omnia
420 1498 509 1534 lacu
542 1511 589 1535 ac
621 1499 827 1535 montibus
860 1504 1009 1536 essent.

201 1569 419 1605 Flaminius
452 1581 574 1617 quum
606 1569 734 1617 pridie
768 1570 864 1606 solis
890 1581 1039 1606 occasu
1063 1571 1118 1606 ad
1144 1570 1274 1606 lacum
1298 1567 1543 1618 pervenis-4

84 1644 157 1683 set,
190 1639 443 1688 inexplorato
472 1644 637 1687 postero
666 1639 733 1675 die
757 1640 918 1675 vixdum
942 1640 1038 1676 satis
1063 1645 1172 1677 certa
1197 1640 1284 1677 luce
1307 1639 1503 1689 angustiis

84 1709 294 1758 superatis,
327 1714 543 1758 postquam
575 1709 617 1745 in
649 1709 920 1758 patentiorem
961 1722 1148 1759 campum
1189 1710 1316 1759 pandi
1355 1723 1502 1759 agmen

85 1779 219 1828 coepit,
252 1779 295 1815 id
327 1784 482 1815 tantum
515 1779 703 1824 hostium,
733 1780 846 1828 quod
871 1792 919 1816 ex
942 1781 1114 1817 adverso
1139 1786 1236 1825 erat,
1271 1780 1501 1829 conspexit;

84 1850 136 1886 ab
168 1854 282 1899 tergo
315 1862 362 1886 ac
395 1861 515 1899 super
547 1855 668 1898 caput
700 1851 883 1899 deceptae
915 1851 1086 1888 insidiae.
1149 1852 1298 1888 Poenus
1337 1850 1417 1895 ubi,
1462 1847 1545 1887 id5

86 1920 199 1968 quod
220 1919 403 1969 petierat,
437 1920 617 1957 clausum
640 1920 730 1957 lacu
754 1933 802 1957 ac
824 1920 1030 1957 montibus
1055 1926 1095 1956 et
1117 1920 1400 1957 circumfusum
1424 1920 1504 1957 suis

85 1990 213 2039 copiis
245 1990 384 2027 habuit
415 1991 588 2036 hostem,
622 1991 780 2040 signum
814 1991 1002 2028 omnibus
1030 1992 1102 2027 dat
1125 1991 1240 2028 simul
1267 1990 1503 2027 invadendi.

87 2060 166 2107 Qui
189 2060 269 2106 ubi,
303 2073 382 2109 qua
405 2061 549 2109 cuique
577 2062 803 2110 proximum
827 2061 912 2106 fuit,
940 2062 1267 2106 decucurrerunt,
1298 2073 1349 2098 eo
1376 2058 1544 2109 magisss

86 2131 282 2168 Romanis
315 2131 446 2168 subita
478 2136 599 2180 atque
631 2132 849 2180 improvisa
872 2144 936 2168 res
961 2132 1046 2176 fuit,
1081 2133 1193 2180 quod
1221 2136 1310 2168 orta
1340 2143 1388 2167 ex
1416 2131 1504 2167 lacu

86 2201 236 2237 nebula
247 2213 392 2250 campo
402 2213 523 2249 quam
534 2201 740 2239 montibus
754 2201 920 2238 densior
934 2202 1109 2247 sederat,
1124 2201 1368 2250 agminaque
1380 2201 1505 2238 hosti-

88 2283 154 2307 um
171 2283 221 2308 ex
236 2271 413 2320 pluribus
431 2272 599 2309 collibus
611 2273 700 2321 ipsa
711 2272 815 2308 inter
827 2284 870 2308 se
883 2272 979 2309 satis
995 2277 1216 2321 conspecta
1231 2283 1363 2319 eoque
1376 2271 1505 2319 magis

87 2342 235 2391 pariter
261 2343 585 2379 decucurrerant.
634 2342 844 2378 Romanus
869 2342 1045 2379 clamore
1069 2342 1178 2391 prius
1202 2342 1382 2390 undique
1401 2346 1504 2385 orto,
1521 2339 1543 2378 7

89 2424 209 2460 quam
237 2412 333 2449 satis
365 2417 560 2457 cerneret,
594 2424 637 2449 se
662 2412 974 2449 circumventum
999 2424 1090 2450 esse
1113 2413 1250 2456 sensit,
1284 2417 1324 2448 et
1347 2416 1442 2447 ante
1464 2410 1506 2447 in

90 2481 264 2518 frontem
281 2482 487 2530 lateraque
504 2482 675 2534 pugnari
694 2488 870 2531 coeptum
888 2487 962 2527 est,
988 2494 1109 2530 quam
1134 2482 1230 2519 satis
1247 2482 1505 2518 instrueretur

91 2551 198 2588 acies
231 2556 300 2588 aut
330 2551 511 2601 expediri
542 2564 654 2588 arma
686 2552 907 2601 stringique
933 2551 1058 2601 gladii
1090 2556 1272 2601 possent.
1337 2550 1503 2595 Consul,
1567 2545 1596 2590 5

92 2621 284 2670 perculsis
316 2622 516 2667 omnibus,
549 2622 637 2671 ipse
662 2622 771 2667 satis,
795 2627 839 2659 ut
860 2622 901 2659 in
925 2634 967 2658 re
985 2621 1156 2670 trepida,
1184 2620 1411 2669 impavidus
1428 2624 1506 2656 tur-
