1768 2943
936 85 1002 117 XII

267 202 468 241 Rupe-flius,
495 202 569 242 Mg.
598 202 675 232 Em.
703 205 781 236 294.
815 202 931 240 Codd.,
959 203 1072 233 Drak.
1100 201 1256 245 navibus)
1284 203 1328 235 10
1353 206 1406 245 (ac
1433 205 1512 234 add.
1541 203 1670 246 Drak.)

270 260 307 292 ll
337 258 473 302 (turbati
500 265 628 291 tentata
669 262 776 292 Gron.
809 260 913 292 Codd.
942 267 962 291 t.
990 266 1023 291 et
1050 267 1071 291 t.
1102 261 1177 292 Hoc
1206 263 1277 292 loco
1326 263 1388 292 ubi
1411 265 1560 292 secutum
1586 262 1670 292 alte-

266 328 344 348 rum
371 328 414 348 ex
438 319 552 349 altero
578 319 809 359 significatur,
827 319 935 361 ferri
963 319 1026 350 illa
1058 321 1254 360 compositio
1288 321 1429 361 nequit,·
1461 323 1495 350 et
1522 324 1610 359 saepe
1636 320 1673 350 in

267 376 298 405 l'
320 386 363 406 ex
388 376 544 417 sequenti
569 383 580 408 t
605 380 728 408 natum
754 380 806 408 est
830 375 888 419 et.)
915 376 958 410 12
984 384 1053 408 tum
1079 378 1194 409 multis
1219 389 1236 408 e
1261 378 1345 409 coni.
1384 378 1525 408 Luchsii
1549 378 1624 416 XX,
1651 377 1671 410 1

267 433 300 464 in
326 433 425 465 litore
451 435 526 464 sine
551 436 648 466 uncis
679 433 768 478 (Mg.
801 435 879 466 Em.
906 435 991 478 295)
1015 435 1036 469 4
1063 436 1217 477 provecti
1249 435 1372 478 (Codd.
1407 435 1505 477 recc.)
1536 434 1558 468 6
1589 433 1673 477 (erat

233 529 242 536 .
267 492 346 522 add.
362 491 453 534 Mg.)
482 492 501 525 7
526 492 701 534 (praelecta
737 494 864 531 Weiss.,
892 495 967 535 Mg.
994 495 1072 526 Em.
1099 498 1168 528 295
1194 505 1227 525 n.
1254 495 1285 525 Ρ
1308 494 1476 535 periectas
1500 503 1577 524 oras
1602 493 1672 524 sed.

266 549 466 582 Edebatur:
490 550 725 594 praetervecta)
754 551 796 585 10
820 551 885 593 (cis
912 554 992 584 add.
1024 553 1149 595 Gron.)
1174 553 1272 591 XXI,
1305 552 1326 586 4
1358 551 1498 594 (tribuni
1530 551 1672 582 militum

267 619 284 638 e
314 613 397 640 vest.
413 610 460 640 P:
491 610 598 641 tribus
625 610 794 640 militibus.
832 610 975 642 Videtur
1000 612 1167 642 excidisse
1191 621 1377 642 numerus:
1404 611 1436 641 II
1461 610 1585 641 tribuni
1603 609 1672 641 mil.

267 666 469 699 Edebatur:
494 668 646 699 tribunus
672 667 730 710 m.)
761 672 763 708 l
793 668 897 711 (mille
922 669 1116 700 hominibus
1147 670 1286 707 occisis,
1320 669 1522 710 quibusdam
1567 668 1674 709 captis

267 735 458 766 magnaque
484 732 579 767 parte
605 731 662 757 cet.
691 727 766 767 Mg.
796 730 885 761 1880
919 739 936 758 e
966 732 1049 759 vest.
1076 729 1115 765 Ρ,
1143 729 1204 770 qui
1227 729 1348 758 habet:
1381 727 1498 759 fudere
1531 727 1674 758 momnis

269 782 325 826 [m.
352 787 374 817 2
399 784 569 828 omnibus]
597 787 716 817 occisis
743 786 944 827 quibusdam
971 787 1148 828 captisque
1174 796 1363 828 magnaque
1388 790 1449 817 cet.
1473 786 1675 817 Edebatur:

268 842 384 873 fudere
411 854 546 884 omnes;
585 845 707 875 occisis
733 845 933 886 quibusdam
960 844 1146 886 captisque,
1173 855 1296 886 magna
1321 855 1399 886 pars
1426 856 1454 876 a.
1482 855 1509 876 e.
1541 845 1676 876 Praeter

267 903 403 940 vitium,
430 905 521 943 quod
545 904 581 934 in
607 914 724 934 omnes
751 914 777 934 s.
805 903 963 934 omnibus
989 904 1216 946 manifestum
1251 907 1345 942 erat,
1371 908 1540 944 perverse
1571 903 1675 933 etiam

268 959 404 1000 quidam
443 961 547 992 occisi
586 962 742 1003 captique
774 962 996 1000 dicebantur,
1028 963 1088 992 ubi
1118 963 1215 1003 pauci
1248 966 1312 993 aut
1342 963 1471 1003 aliquot
1496 962 1676 992 dicendum
1709 948 1712 952 ”

269 1023 367 1054 erat,·
403 1024 525 1050 contra
556 1024 647 1050 certo
680 1031 823 1051 numero
855 1024 944 1051 recte
974 1021 1153 1051 contraria
1173 1025 1359 1060 ponuntur
1392 1020 1540 1061 quidam.
1602 1019 1676 1059 Que

264 1082 346 1117 post
371 1078 478 1118 captis
504 1079 663 1109 additum
689 1079 829 1110 videtur
848 1080 1031 1119 prioribus
1056 1079 1229 1119 corruptis
1255 1083 1288 1109 et
1306 1081 1397 1110 male
1411 1078 1614 1113 intellectis;
1640 1080 1676 1109 ln

269 1138 350 1167 dett.
377 1137 472 1168 codd.
499 1139 662 1168 omissum
689 1136 764 1179 est.)
797 1138 818 1170 6
844 1136 1172 1179 (Ilergavonensium
1198 1139 1273 1179 Mg,
1296 1139 1329 1168 P
1351 1136 1675 1179 Lergavonensium.

269 1195 321 1225 Ab
348 1194 357 1225 i
383 1196 504 1226 littera
531 1197 696 1236 incepisse
722 1207 854 1234 nomen,
882 1198 1017 1226 nummi
1039 1207 1112 1227 cum
1118 1197 1262 1239 fragm.
1289 1197 1372 1227 libri
1387 1195 1477 1227 XC]
1494 1199 1528 1226 et
1540 1196 1678 1226 Plinius

269 1254 449 1284 ostendere
474 1253 668 1296 videntur.)
692 1254 714 1288 8
739 1253 798 1296 (ad
823 1255 1015 1296 quindecim
1042 1255 1181 1285 Heerw.
1208 1255 1240 1285 Ρ
1262 1265 1300 1286 ac
1327 1254 1530 1295 quindecim.
1562 1254 1675 1284 Drak.

269 1309 399 1353 quind.)
437 1312 548 1351 XXII,
589 1312 632 1346 10
657 1312 714 1355 (ea
738 1319 834 1354 parte
867 1312 966 1345 Cant.
994 1314 1026 1343 P
1048 1323 1089 1344 ex
1115 1318 1226 1354 parte,
1266 1315 1378 1344 Drak.
1412 1324 1452 1344 ex
1484 1310 1600 1354 portu)
1634 1310 1677 1345 13

270 1380 461 1401 maxumum
488 1381 611 1402 nomen
630 1370 719 1413 (Mg.
747 1372 824 1403 Em.
840 1370 925 1413 296)
950 1372 1077 1409 XXIII,
1106 1371 1120 1404 1
1151 1370 1300 1413 (quoque
1326 1372 1463 1402 notavit
1475 1371 1579 1401 Koch.
1613 1369 1677 1401 Or-

271 1433 343 1459 tum
369 1430 510 1460 videtur
541 1440 583 1460 ex
615 1431 796 1470 superiore
821 1432 992 1462 Romanos
1018 1430 1179 1472 quoque.)
1209 1430 1231 1463 4
1256 1430 1323 1461 vim
1354 1440 1488 1461 omnem
1524 1428 1678 1460 hostilem

270 1499 287 1518 e
312 1488 396 1519 coni.
430 1488 529 1519 Crev.
559 1487 820 1529 (Probabiliter,
847 1491 907 1520 vix
925 1494 1078 1529 prorsus
1104 1489 1348 1528 necessarium)
1378 1489 1396 1521 7
1414 1487 1585 1529 (ducentis
1599 1487 1676 1527 Mg.

270 1546 349 1577 Em.
375 1549 446 1581 298
471 1557 505 1581 n.
532 1548 646 1578 Drak.
674 1548 847 1580 ducentos.
875 1549 1014 1579 Pnotas
1039 1547 1160 1589 habet)
1186 1547 1318 1585 XXIV,
1351 1547 1372 1580 5
1405 1546 1454 1589 (se
1479 1548 1678 1577 addendum

270 1605 413 1635 coniecit
442 1604 619 1648 Geistius.)
670 1605 689 1638 7
727 1605 944 1648 (deiecissent
975 1608 1083 1638 Gron.
1113 1611 1182 1646 pro
1220 1606 1377 1637 iecissent
1409 1605 1431 1638 8
1462 1611 1531 1636 tum
1565 1605 1679 1646 utique

271 1664 428 1705 exiguum
455 1675 472 1694 e
497 1665 584 1694 coni.
620 1664 736 1696 Weiss.
787 1664 883 1708 (Uss.
911 1666 998 1696 coni.
1027 1666 1170 1696 incerta.
1231 1665 1375 1695 Videtur
1406 1664 1524 1694 tumuli
1556 1674 1679 1694 nomen

271 1724 319 1753 ad
344 1733 385 1753 eo
411 1723 604 1763 ascriptum
630 1727 664 1753 et
689 1724 768 1754 inde
795 1726 976 1755 turbatum
1002 1735 1082 1754 esse.
1139 1724 1379 1754 Asseverandz'
1396 1723 1578 1763 particula
1602 1722 1636 1752 Ιι.
1655 1723 1677 1752 l.

272 1783 412 1821 inepta;
438 1792 480 1812 ne
506 1787 575 1812 tum
600 1783 739 1823 quidem
760 1785 878 1823 primo
906 1784 975 1814 loco
1001 1786 1082 1823 apte
1103 1783 1259 1822 ponitur.
1304 1781 1417 1812 Drak.
1444 1782 1529 1811 Tum
1557 1780 1678 1821 itaque,

272 1846 305 1870 ut
326 1863 332 1870 .
353 1864 359 1870 .
381 1864 387 1870 .
407 1840 508 1878 acies,
536 1840 634 1871 simul
659 1847 693 1871 et
718 1840 794 1882 cet.)
823 1840 826 1883 Ι
854 1840 929 1884 (per
954 1851 1073 1872 aversa
1097 1851 1117 1872 a
1142 1839 1261 1870 castris
1287 1839 1361 1880 lllg.
1377 1839 1456 1870 Em.
1469 1842 1549 1873 296.
1568 1840 1597 1869 Ρ
1620 1849 1680 1879 per

271 1908 390 1928 aversa
414 1904 522 1929 castra
548 1910 565 1929 e
593 1899 723 1938 castris,
751 1901 863 1930 Drak.
891 1910 924 1939 p.
952 1909 980 1930 a.
1009 1909 1036 1930 c.
1071 1910 1090 1930 a
1115 1896 1248 1940 castris)
1283 1898 1304 1930 9
1337 1901 1371 1928 et
1402 1897 1445 1931 10
1479 1897 1557 1938 quia
1589 1902 1679 1928 tanta

271 1957 441 1997 paucitate
467 1957 548 1987 vix.
570 1982 576 1987 .
598 1981 604 1988 .
625 1963 773 1998 poterat;
802 1958 935 1999 iamque
962 1958 1090 1989 artibus
1117 1957 1201 1987 Fabi
1229 1955 1320 1999 [pars
1354 1956 1521 1988 exercitus
1552 1956 1678 1994 aberat,

272 2016 338 2046 iam
364 2014 464 2058 fame]
493 2016 645 2047 sedendo
662 2015 749 2058 (Mg.
769 2017 847 2048 Em.
872 2020 952 2050 297.
980 2017 1094 2048 Drak.
1120 2020 1233 2047 cetera
1259 2020 1298 2046 ut
1321 2016 1498 2052 Mueller„
1522 2015 1583 2045 sed
1606 2016 1681 2045 sine

272 2075 367 2104 uncis
393 2079 427 2104 et
451 2074 516 2105 iam
543 2075 647 2106 ferme
668 2080 736 2115 pro
763 2075 828 2106 iam
856 2075 971 2117 tame.)
998 2074 1040 2108 14
1065 2075 1202 2117 (vanam
1229 2076 1309 2105 add.
1333 2072 1498 2115 Woelffl.)
1525 2073 1633 2110 XXV,
1658 2071 1680 2105 2

272 2131 318 2175 (Ρ
336 2133 489 2164 crederet
516 2139 566 2170 ut;
593 2140 626 2164 et
652 2135 732 2164 add.
762 2134 880 2175 Sigon.
904 2138 938 2165 et
949 2134 1032 2165 Lov.
1061 2133 1096 2176 5)
1121 2133 1142 2166 3
1159 2132 1220 2175 (M.
1237 2133 1386 2164 Metilius
1414 2133 1532 2173 Sigon.
1561 2142 1578 2162 e
1598 2132 1680 2162 Plu-

273 2191 403 2222 tarcho.
451 2190 556 2222 Codd.
592 2192 638 2222 M.
667 2192 840 2234 Metellus)
867 2192 870 2235 Ι
900 2192 1088 2235 (enimvero
1107 2193 1182 2223 edd.
1201 2196 1281 2222 vett.
1306 2191 1422 2229 Codd.,
1450 2191 1678 2222 Drahenim.

272 2249 348 2280 Em.
364 2249 446 2292 298)
474 2250 494 2283 6
519 2249 675 2292 (quarum
702 2252 795 2282 codd.
822 2262 904 2282 recc.
925 2256 994 2292 pro
1021 2249 1177 2293 quorum)
1207 2259 1209 2293 g
1240 2247 1442 2294 [provincia]
1472 2251 1476 2292 Ι
1504 2247 1551 2291 (in
1572 2254 1680 2279 custo—

273 2309 330 2339 dia
349 2313 419 2349 pro
447 2309 478 2339 in
507 2309 693 2340 custodiam
721 2311 770 2340 ed.
799 2311 937 2340 Ascens.
967 2313 1067 2347 1513,
1094 2310 1173 2341 Em.
1201 2308 1284 2351 313)
1318 2309 1336 2342 7
1364 2308 1422 2351 (sit
1448 2309 1509 2340 sed
1541 2308 1681 2349 Campa-

274 2377 353 2398 num
396 2366 424 2398 C
447 2378 491 2397 m.
519 2371 541 2400 2
562 2373 630 2407 pro
657 2368 698 2399 sit
724 2374 756 2399 et
783 2367 918 2410 Camp.)
945 2368 990 2401 10
1015 2369 1056 2400 de
1084 2367 1190 2411 [inde]
1217 2368 1415 2409 abrogando
1433 2366 1560 2409 (Codd.
1586 2377 1680 2405 recc..

275 2425 404 2468 Drak.)
434 2425 476 2458 12
502 2426 674 2467 popularis
699 2426 799 2467 (Lov.
826 2430 858 2464 3,
890 2426 1014 2469 Gron.)
1055 2440 1057 2469 χ
1098 2426 1332 2468 (audiebatur,
1370 2436 1471 2468 quum
1498 2426 1680 2463 Hertzius;

274 2487 367 2516 codd.
407 2485 605 2516 audiebatur
636 2485 724 2516 hunc
758 2495 876 2526 quum;
916 2485 1030 2516 Drak.
1057 2485 1132 2516 aud.
1160 2490 1239 2516 tunc
1265 2484 1383 2526 quum)
1420 2484 1464 2518 13
1502 2482 1681 2527 (inscitiam

276 2545 452 2575 Lucksius.
480 2545 593 2575 Drak.
623 2543 843 2575 inscientiam.
870 2544 902 2574 P
925 2543 1114 2586 scientiam)
1144 2542 1147 2586 Ι
1175 2543 1331 2586 (referret
1363 2547 1396 2574 et
1419 2543 1579 2584 magistro
1605 2543 1680 2582 Mg.

281 2603 383 2634 codd.
412 2614 476 2634 orn.
499 2603 559 2645 et.)
584 2603 710 2640 XXVI,
739 2602 754 2635 1
783 2602 834 2644 (ut
860 2602 1002 2643 primum
1028 2603 1058 2633 I.
1085 2602 1195 2633 Perz'z.
1222 2602 1255 2633 P
1277 2607 1397 2640 utrum,
1423 2602 1536 2633 Drak.
1564 2599 1634 2643 ubi)
1659 2601 1681 2634 3
