1789 2955
276 73 354 112 126
634 67 748 102 Liber
774 65 965 102 XXVIII.
1015 67 1077 109 (A.
1103 78 1138 100 u.
1167 77 1196 100 c.
1225 67 1318 108 547.)

276 197 415 234 ducem
445 199 506 233 tot
538 196 713 233 excitare
744 194 939 232 tumultus
971 193 1202 231 circumfusi
1225 196 1426 243 poterant.
1466 192 1710 242 Legationes

276 268 445 306 dimittit
462 267 681 317 pollicitus,
697 268 818 316 prout
832 269 990 316 tempus
1008 279 1053 303 ac
1069 278 1134 303 res
1151 266 1313 315 sineret,
1333 265 1518 302 omnibus
1537 265 1712 302 laturum

201 343 251 379 10
275 353 314 377 se
346 339 553 377 auxilium.
615 338 665 376 In
695 338 922 388 praesentia,
954 350 1043 387 quae
1074 337 1244 375 maxime
1275 337 1446 385 urgebat
1476 350 1551 383 res,
1583 336 1710 387 Pepa-

274 411 431 449 rethum
462 410 695 461 praesidium
728 409 820 447 urbi
836 410 975 457 mittit,
1004 408 1111 446 unde
1127 398 1295 446 allatum
1319 412 1418 455 erat,
1448 408 1636 446 Attalum
1661 408 1710 445 ab

276 483 430 521 Lemno
463 483 587 520 classe
618 482 855 520 transmissa
872 494 1027 519 omnem
1044 480 1192 518 circum
1222 481 1361 518 urbem
1378 493 1518 529 agrum
1536 479 1713 530 depopu-

205 556 249 593 11
275 555 412 593 latum.
445 554 744 605 Polyphantam
762 567 849 591 cum
868 552 1025 590 modica
1040 565 1160 590 manu
1178 552 1218 589 in
1234 552 1446 599 Boeotiam,
1464 552 1714 602 Menippum,

278 628 373 665 item
392 627 587 677 quendam
609 640 658 664 ex
674 626 798 675 regiis
815 625 996 674 ducibus,
1009 637 1096 662 cum
1113 624 1220 662 mille
1238 624 1421 674 peltastis
1440 624 1566 673 (pelta
1583 626 1714 662 caetrae

204 700 249 736 12
269 699 376 738 haud
408 698 620 736 dissimilis
653 700 728 747 est)
748 697 985 736 Chalcidem
1016 696 1163 745 mittit3
1197 695 1328 733 additi
1362 695 1573 745 quingenti
1590 694 1712 744 Agri-

275 785 406 817 anum,
438 775 482 808 ut
514 783 648 807 omnes
681 770 824 807 insulae
856 772 991 819 partes
1021 768 1127 805 tueri
1150 771 1297 817 posset.
1359 767 1453 817 Ipse
1483 766 1713 805 Scotussam

275 846 334 881 est
362 843 575 892 profectus,
609 842 826 892 eodemque
858 842 907 879 ab
934 841 1079 878 Larisa
1095 839 1361 877 Macedonum
1394 839 1528 888 copias
1554 837 1715 876 traduci

204 915 252 952 13
271 915 400 953 iussit.
433 915 492 952 Eo
510 915 742 952 nuntiatum
761 917 831 961 est,
858 913 1071 951 concilium
1089 911 1239 950 AEtolis
1258 911 1500 948 Heracleam
1517 910 1713 948 indictum

274 1000 487 1037 regemque
503 986 689 1025 Attalum
716 986 766 1024 ad
791 985 1098 1023 consultandum
1123 984 1172 1020 de
1196 996 1347 1021 summa
1373 982 1472 1020 belli
1488 985 1712 1020 venturum.

206 1059 254 1095 14
273 1059 393 1097 Hunc
426 1062 663 1097 conventum
705 1062 750 1096 ut
794 1057 977 1095 turbaret
1023 1056 1160 1093 subito
1203 1054 1389 1100 adventu,
1437 1053 1593 1103 magnis
1640 1053 1713 1090 ite-

274 1131 439 1169 neribus
491 1130 733 1168 Heraclea-m
788 1129 915 1168 duxit.
1002 1128 1056 1165 Et
1103 1127 1274 1164 concilio
1321 1126 1484 1176 quidem
1549 1125 1714 1162 dimisso

203 1204 250 1241 15
275 1203 355 1240 iam
403 1202 533 1249 venit3
579 1202 780 1251 segetibus
825 1204 968 1247 tamen,
1009 1212 1096 1249 quae
1143 1200 1223 1236 iam
1269 1211 1395 1248 prope
1440 1197 1715 1234 maturitatem

276 1278 400 1324 erant,
433 1275 607 1312 maxime
640 1274 680 1311 in
712 1274 801 1311 sinu
833 1272 1055 1310 AEnianum
1083 1271 1285 1318 evastatis,
1317 1269 1546 1308 Scotussam
1579 1269 1713 1319 copias

274 1347 443 1384 reducit.
489 1347 558 1384 Ibi
590 1346 767 1384 exercitu
800 1346 906 1382 omni
936 1344 1087 1393 relicto,
1121 1356 1208 1380 cum
1241 1343 1403 1380 cohorte
1434 1342 1548 1391 regia
1565 1341 1711 1379 Deme·

205 1420 251 1455 16
272 1418 444 1457 triadem
477 1432 560 1456 sese
593 1418 750 1467 recipit.
798 1417 899 1454 Inde
932 1420 975 1453 ut
1007 1416 1057 1453 ad
1074 1428 1208 1452 omnes
1234 1414 1410 1452 hostium
1437 1417 1566 1451 motus
1582 1415 1716 1464 posset

275 1504 495 1537 occurrere,
527 1490 569 1527 in
601 1490 822 1527 Phocidem
850 1492 970 1538 atque
995 1487 1192 1526 Euboeam
1219 1490 1258 1524 et
1274 1486 1548 1536 Peparethum
1578 1487 1714 1533 mittit,

203 1564 250 1600 17
270 1563 339 1612 qui
372 1563 460 1601 loca
491 1562 573 1600 alta
605 1562 818 1611 eligerent,
852 1560 958 1598 unde
992 1559 1090 1597 editi
1126 1560 1239 1609 ignes
1263 1561 1522 1608 apparerent3
1555 1558 1639 1608 ipse
1672 1558 1715 1595 in

275 1634 407 1672 Tisaeo
439 1634 566 1684 (mons
613 1637 671 1671 est
719 1633 758 1670 in
805 1633 1063 1670 altitudinem
1096 1631 1299 1680 ingentem
1331 1630 1550 1668 cacuminis
1597 1629 1713 1678 editi)

276 1707 478 1757 speculam
509 1706 654 1756 posuit,
686 1708 730 1742 ut
761 1705 925 1754 ignibus
956 1704 1096 1754 procul
1129 1702 1298 1740 sublatis
1324 1702 1494 1752 signum,
1526 1702 1597 1739 ubi
1615 1701 1715 1752 quid

275 1780 512 1826 molirentur
543 1779 688 1824 hostes,
719 1779 918 1815 momento
950 1777 1142 1825 temporis
1175 1775 1386 1824 acciperet.

204 1853 252 1888 18
386 1851 592 1889 Romanus
623 1850 843 1899 imperator
875 1853 914 1886 et
938 1848 1104 1886 Attalus
1135 1861 1206 1885 rex
1236 1845 1507 1897 aPepare‘tho
1539 1845 1716 1884 Nicaeam

275 1923 536 1970 traiecerunt3
568 1922 662 1959 inde
680 1923 846 1960 classem
874 1921 915 1958 in
937 1921 1132 1958 Euboeam
1164 1919 1214 1957 ad
1245 1919 1383 1956 urbem
1409 1917 1558 1955 Oreum
1585 1920 1714 1955 trans-

276 1996 453 2042 mittunt,
471 2008 558 2045 quae
575 1995 624 2032 ab
641 1994 900 2032 Demetriaco
926 1993 1015 2032 sinu
1033 1991 1267 2030 Chalcidem
1293 1993 1332 2027 et
1349 1990 1545 2040 Euripum
1561 1988 1716 2039 petenti

204 2069 249 2104 19
270 2067 319 2104 ad
337 2067 477 2104 laevam
494 2066 626 2117 prima
656 2066 818 2104 urbium
844 2065 1008 2103 Euboeae
1035 2064 1166 2114 posita
1195 2066 1264 2101 est.
1311 2062 1378 2100 Ita
1404 2063 1510 2100 inter
1526 2060 1713 2100 Attalum

276 2153 321 2177 ac
353 2137 575 2188 Sulpicium
622 2139 826 2185 convenit,
874 2142 918 2174 ut
948 2136 1122 2174 Romani
1170 2149 1193 2174 a
1233 2135 1346 2182 mari,
1392 2134 1493 2183 regii
1539 2147 1562 2171 a
1606 2136 1715 2170 terra

165 2209 191 2255 6
279 2213 570 2261 oppugnarent.
621 2210 846 2257 Quatriduo
864 2212 965 2260 post,
997 2222 1115 2259 quam
1133 2207 1303 2257 appulsa
1320 2207 1457 2244 classis
1474 2208 1545 2252 est,
1575 2204 1715 2242 urbem

276 2283 458 2333 aggressi
484 2285 587 2320 sunt.
634 2281 685 2318 Id
700 2284 857 2331 tempus
875 2281 1042 2319 occultis
1070 2294 1157 2318 cum
1174 2279 1353 2326 Platore,
1384 2277 1455 2328 qui
1480 2291 1503 2314 a
1519 2276 1714 2326 Philippo

229 2354 510 2405 2praepositus
540 2353 634 2391 urbi
666 2357 763 2400 erat,
796 2353 1010 2402 colloquiis
1043 2352 1299 2402 absumptum
1331 2353 1402 2388 est.
1462 2349 1578 2386 Duas
1603 2360 1714 2385 arces

274 2427 371 2464 urbs
400 2426 532 2473 habet,
564 2438 683 2463 unam
716 2425 987 2462 imminentem
1018 2424 1130 2471 mari,
1169 2423 1300 2461 altera
1336 2421 1448 2459 urbis
1477 2420 1607 2458 media
1642 2423 1713 2457 est.

277 2497 475 2535 Cuniculo
506 2497 598 2535 inde
630 2497 695 2536 via
726 2496 777 2534 ad
808 2509 916 2535 mare
948 2496 1073 2543 ducit,
1106 2507 1223 2545 quam
1256 2507 1278 2531 a
1308 2493 1411 2530 mari
1441 2492 1564 2530 turris
1598 2491 1714 2541 quin-

229 2572 347 2620 3que
378 2569 663 2616 tabulatorum,
705 2569 910 2618 egregium
955 2566 1315 2618 propugnaculum,
1362 2564 1586 2603 claudebat.
1646 2562 1714 2600 Ibi

276 2641 405 2691 primo
424 2641 716 2679 atrocissimum
735 2642 982 2679 contractum
1013 2642 1073 2677 est
1090 2642 1301 2685 certamen,
1331 2640 1371 2675 et
1387 2641 1498 2675 turre
1516 2637 1714 2674 instructa
