1768 2943
256 128 312 169 20
676 125 782 156 Liber
807 125 899 156 XXI.
952 124 1005 168 (A.
1034 135 1064 156 u.
1091 135 1120 156 e.
1148 124 1244 166 536.)

255 271 357 307 quos
387 264 427 294 et
450 258 562 307 ipsos
585 258 740 306 gravari
765 257 904 294 militia
928 262 1122 301 senserat,
1157 256 1411 306 Carpetanos
1436 268 1598 304 quoque
1623 258 1675 293 ab

129 326 195 370 24
257 342 300 366 se
326 329 515 365 dimissos
540 329 745 365 simulans.
793 328 908 373 Inde,
934 341 986 364 ne
1011 340 1125 364 mora
1140 333 1259 375 atque
1279 327 1403 363 otium
1421 327 1579 363 animos
1597 328 1676 364 sol-

257 400 437 444 licitaret,
478 411 567 435 cum
606 400 767 447 reliquis
801 399 927 447 copiis
960 399 1194 448 Pyrenaeum
1228 398 1519 446 transgreditur
1551 403 1591 434 et
1621 399 1676 434 ad

216 471 241 509 2
257 471 454 519 oppidum
479 470 629 506 Iliberri
661 475 792 505 castra
819 470 940 506 locat.
995 468 1099 506 Galli
1126 481 1358 517 quanquam
1381 468 1504 505 Italiae
1528 469 1675 505 bellum

257 541 392 578 inferri
426 541 662 584 audiebant,
697 545 847 585 tamen,
881 541 974 588 quia
1006 541 1041 576 vi
1075 540 1266 576 subactos
1300 544 1408 575 trans
1441 539 1676 587 Pyrenaeum

258 611 466 660 Hispanos
495 611 602 647 fama
630 616 716 647 erat
739 611 1007 659 praesidiaque
1031 610 1164 646 valida
1187 610 1390 658 imposita,
1424 615 1532 645 metu
1558 610 1678 646 servi-

258 683 350 719 tutis
380 683 433 718 ad
461 694 571 717 arma
602 682 849 718 consternati
877 682 1153 717 Ruscinonem
1183 681 1336 728 aliquot
1363 681 1502 730 populi
1530 693 1678 718 conve·

216 753 383 790 izniunt.
464 752 589 798 Quod
628 752 694 787 ubi
728 751 947 789 Hannibali
986 752 1211 788 nuntiatum
1245 758 1317 796 est,
1363 763 1516 788 moram
1548 752 1678 800 magis

258 837 377 872 quam
406 823 553 859 bellum
582 828 781 867 metuens,
811 827 993 858 oratores
1023 822 1075 857 ad
1099 822 1261 870 regulos
1285 835 1424 858 eorum
1448 811 1566 866 misit}
1597 823 1679 859 col-

258 895 367 943 loqui
392 900 521 931 semet
543 894 674 943 ipsum
700 906 789 929 cum
815 893 862 929 iis
887 893 1005 936 velle;
1037 890 1110 943 [et]
1135 893 1196 928 vel
1219 893 1272 928 illi
1297 893 1462 942 propius
1485 893 1678 929 Iliberrim

258 966 516 1009 accederent,
543 965 604 1000 vel
630 977 673 1000 se
698 965 974 1000 Ruscinonem
1000 976 1296 1012 processurum,
1323 969 1365 1000 ut
1382 976 1430 1000 ex
1447 964 1678 1012 propinquo

215 1034 500 1085 4congressus
534 1035 688 1071 facilior
720 1040 846 1078 esset;
881 1047 975 1070 nam
1009 1040 1048 1071 et
1080 1039 1338 1083 accepturum
1373 1046 1444 1071 eos
1476 1035 1517 1071 in
1547 1040 1680 1072 castra

258 1121 330 1145 sua
373 1120 415 1144 se
456 1107 588 1143 laetum
626 1118 702 1142 nec
741 1110 978 1142 cunctanter
1017 1117 1060 1142 se
1092 1106 1221 1154 ipsum
1256 1106 1310 1141 ad
1343 1117 1415 1142 eos
1448 1110 1678 1148 venturum;

258 1178 460 1226 hospitem
486 1177 592 1213 enim
619 1189 662 1213 se
686 1176 841 1220 Galliae,
870 1188 955 1212 non
983 1176 1141 1212 hostem
1166 1176 1395 1222 advenisse,
1424 1189 1500 1214 nec
1526 1177 1680 1214 strictu-

258 1262 343 1286 rum
383 1254 478 1285 ante
516 1247 710 1296 gladium,
755 1247 785 1283 si
824 1259 896 1295 per
928 1246 1069 1283 Gallos
1109 1247 1239 1291 liceat,
1285 1259 1406 1295 quam
1445 1248 1486 1284 in
1523 1247 1679 1284 Italiam

217 1317 243 1353 ἦ
259 1320 447 1356 venisset.
511 1318 562 1354 Et
589 1331 661 1367 per
684 1318 849 1354 nuntios
877 1318 1041 1365 quidem
1067 1318 1171 1363 haec,
1206 1323 1248 1354 ut
1272 1330 1366 1354 vero
1392 1318 1517 1368 reguli
1541 1318 1680 1355 Gallo-

258 1403 343 1426 rum
384 1390 523 1427 castris
563 1390 618 1425 ad
650 1388 842 1425 Iliberrim
881 1388 1084 1437 extemplo
1124 1389 1244 1425 motis
1287 1389 1397 1425 haud
1428 1394 1593 1438 gravate
1626 1390 1680 1426 ad

257 1462 427 1497 Poenum
454 1465 663 1504 venerunt,
697 1460 804 1508 capti
832 1460 952 1495 donis
981 1471 1070 1495 cum
1099 1459 1210 1495 bona
1236 1471 1339 1508 pace
1367 1460 1584 1497 exereitum
1610 1472 1681 1509 per

258 1532 358 1568 fines
391 1543 487 1568 suos
520 1536 662 1579 praeter
695 1530 971 1567 Ruscinonem
1005 1529 1203 1578 oppidum
1235 1531 1554 1568 transmiserunt.

133 1597 195 1642 25
376 1602 423 1639 In
454 1602 609 1638 Italiam
642 1601 799 1637 interim
833 1601 930 1636 nihil
963 1601 1077 1644 ultra,
1112 1612 1231 1648 quam
1259 1600 1456 1637 Hiberum
1489 1601 1680 1638 transisse

257 1673 544 1718 Hannibalem,
578 1686 602 1709 a
634 1672 947 1709 Massiliensium
980 1671 1124 1720 legatis
1149 1672 1322 1708 Romam
1354 1672 1551 1721 perlatum
1581 1678 1679 1716 erat,

217 1742 242 1782 2
258 1757 392 1792 quum,
426 1744 597 1793 perinde
622 1755 669 1780 ac
694 1744 725 1779 si
751 1743 875 1791 Alpes
898 1742 978 1778 iam
1004 1742 1235 1786 transisset,
1255 1741 1345 1779 Boii
1371 1743 1592 1780 sollicitatis
1616 1743 1681 1779 In-

258 1815 442 1851 subribus
461 1814 712 1858 defecerunt,
737 1826 814 1850 nec
832 1818 914 1849 tam
935 1814 988 1849 ob
1006 1817 1161 1849 veteres
1179 1813 1221 1849 in
1237 1813 1431 1862 populum
1450 1813 1679 1850 Romanum

257 1885 348 1930 iras,
380 1897 500 1933 quam
529 1886 642 1933 quod
671 1896 800 1933 nuper
828 1884 933 1920 circa
960 1884 1116 1919 Padum
1141 1883 1390 1920 Placentiam
1416 1883 1680 1920 Cremonam-

258 1967 336 2004 que
369 1955 552 1991 colonias
585 1955 625 1991 in
659 1967 797 2003 agrum
824 1953 1022 1991 Gallicum
1049 1955 1249 1991 deductas
1277 1966 1382 2003 aegre
1408 1955 1678 2003 patiebantur.

217 2024 242 2063 :3
257 2026 397 2074 Itaque
415 2026 535 2062 armis
552 2031 719 2074 repente
738 2025 919 2074 arreptis,
937 2025 978 2061 in
992 2037 1084 2061 eum
1096 2025 1226 2074 ipsum
1239 2037 1378 2074 agrum
1391 2025 1543 2074 impetu
1556 2025 1678 2069 facto,

258 2102 413 2133 tantum
446 2097 607 2133 terroris
640 2107 687 2133 ac
721 2095 910 2132 tumultus
944 2095 1138 2140 fecerunt,
1171 2101 1214 2132 ut
1245 2108 1330 2132 non
1358 2097 1527 2145 agrestis
1551 2097 1678 2133 modo

258 2167 486 2212 multitudo,
516 2168 590 2203 sed
617 2167 692 2215 ipsi
721 2167 908 2202 triumviri
933 2166 1121 2208 Romani,
1151 2166 1217 2214 qui
1243 2167 1297 2202 ad
1321 2178 1461 2215 agrum
1486 2173 1679 2203 venerant

258 2238 565 2286 assignandum,
591 2237 711 2273 diffisi
729 2237 945 2274 Placentiae
969 2237 1170 2273 moenibus
1187 2237 1387 2273 Mutinam
1408 2237 1677 2286 confugerint,

216 2307 304 2346 4C.
341 2308 537 2352 Lutatius,
572 2307 617 2344 C.
652 2309 851 2352 Servilius,
885 2307 941 2344 Μ.
973 2308 1141 2344 Annius.
1204 2307 1351 2344 Lutatii
1384 2319 1536 2345 nomen
1570 2308 1679 2344 haud

259 2379 424 2415 dubium
458 2384 537 2423 est;
581 2391 654 2427 pro
689 2379 823 2415 Annio
857 2378 1104 2426 Servilioque
1136 2378 1207 2414 Μ’.
1242 2379 1410 2415 Acilium
1444 2384 1484 2414 et
1516 2377 1562 2414 C.
1597 2377 1679 2414 He-

258 2450 441 2486 rennium
473 2449 626 2486 habent
658 2450 821 2497 quidam
856 2449 1039 2493 annales,
1073 2449 1137 2485 alii
1170 2449 1213 2485 P.
1248 2448 1479 2485 Cornelium
1511 2449 1676 2486 Asinam

219 2519 301 2556 fiet
325 2519 370 2557 C.
395 2520 596 2569 Papirium
622 2520 850 2556 Masonem.
913 2520 960 2555 Id
994 2532 1156 2568 quoque
1181 2520 1347 2555 dubium
1373 2525 1446 2563 est,
1480 2520 1601 2568 legati
1624 2520 1678 2556 ad

259 2591 598 2639 expostulandum
633 2591 740 2627 missi
774 2591 829 2627 ad
854 2590 978 2627 Boios
1011 2590 1146 2626 violati
1178 2590 1269 2634 sint,
1303 2603 1355 2626 an
1388 2590 1428 2626 in
1453 2590 1677 2626 triumviros

218 2660 243 2696 Γ»
260 2673 398 2709 agrum
417 2667 616 2698 metantes
635 2662 807 2711 impetus
825 2661 874 2697 sit
893 2661 1034 2698 factus.
1070 2660 1236 2697 Mutinae
1254 2672 1375 2708 quum
1395 2661 1677 2697 obsiderentur
