1789 2955
219 79 299 116 216
622 75 737 111 Liber
761 74 909 110 XXIX.
958 76 1018 120 (A.
1045 89 1079 111 u.
1107 87 1135 111 c.
1162 77 1254 122 550.)

217 205 432 252 conspectu
476 202 650 240 hostium
696 203 735 240 in
780 203 1050 254 praerapidum
1097 204 1298 253 gurgitem
1344 204 1510 251 haustis,
1555 204 1653 254 ipse,

216 273 366 322 perisse
395 274 584 323 creditus,
616 288 661 312 ac
689 274 765 312 duo
792 275 941 325 reliqui
968 275 1123 324 equites
1152 288 1239 312 cum
1264 289 1308 313 eo
1340 276 1444 312 inter
1474 276 1653 325 virgulta

217 344 420 382 ulterioris
452 345 550 395 ripae
582 350 838 384 emerserunt.
882 346 924 383 Is
956 346 1046 383 finis
1064 346 1212 383 Bucari
1234 346 1425 396 sequendi
1455 347 1545 396 fuit,
1579 360 1651 384 nec

220 415 379 465 ingredi
396 416 541 454 flumen
573 431 668 455 auso
701 431 772 455 nec
802 418 949 455 habere
977 417 1154 455 credenti
1179 431 1219 454 se
1252 417 1344 464 iam,
1369 431 1485 467 quem
1510 431 1648 467 seque-

147 487 197 523 10
214 491 336 525 retur.
397 488 498 526 Inde
515 502 640 526 vanus
668 493 806 527 auctor
836 489 1039 539 absumpti
1057 489 1281 527 Masinissae
1314 489 1365 526 ad
1395 502 1530 538 regem
1561 489 1649 527 red-

216 559 277 606 iit,
306 559 506 609 missique,
524 560 594 609 qui
609 560 894 609 Carthaginem
911 561 1101 610 gaudium
1120 561 1259 610 ingens
1276 560 1528 605 nuntiarent3
1552 564 1653 598 tota-

217 644 293 680 que
311 631 453 669 Africa
468 632 574 670 fama
590 632 728 670 mortis
745 632 968 670 Masinissae
987 633 1171 683 [repleta]
1190 633 1300 671 varie
1326 633 1474 670 animos
1509 632 1652 671 affecit.

155 703 201 738 11
338 703 556 740 Masinissa
585 704 627 740 in
658 704 848 753 spelunca
880 705 1036 742 occulta
1068 718 1190 754 quum
1214 704 1354 742 herbis
1386 708 1543 741 curaret
1568 704 1653 742 vul-

155 774 201 810 12
221 787 307 823 nus,
340 774 512 812 duorum
545 775 727 824 equitum
758 776 970 813 latrocinio
1003 789 1075 825 per
1107 777 1190 813 dies
1222 777 1378 825 aliquot
1408 776 1522 814 vixit.
1570 775 1655 813 Ubi

218 846 390 895 primum
408 846 528 884 ducta
546 847 727 894 cicatrix,
751 849 915 898 patique
941 861 1058 897 posse
1075 848 1181 885 visus
1200 848 1469 894 iactationem,
1486 847 1655 885 audacia

218 917 375 964 ingenti
405 918 540 967 pergit
571 919 631 956 ire
652 920 703 956 ad
720 932 886 968 regnum
902 919 1182 969 repetendum3
1206 922 1326 969 atque
1342 920 1384 956 in
1402 920 1488 968 ipso
1507 919 1653 956 itinere

152 989 200 1025 13
219 988 326 1025 haud
357 990 448 1039 plus
480 990 747 1040 quadraginta
779 991 982 1041 equitibus
1008 991 1201 1038 collectis,
1235 1005 1355 1040 quum
1382 991 1424 1028 in
1448 990 1654 1028 Maesulios

217 1060 351 1109 palam
382 1061 473 1108 iam,
508 1063 596 1111 quis
627 1067 743 1110 esset,
775 1064 904 1100 ferens
937 1063 1128 1109 venisset,
1160 1066 1316 1100 tantum
1349 1066 1499 1099 motum
1532 1076 1652 1111 quum

216 1132 351 1169 favore
381 1133 575 1182 pristino,
605 1138 690 1172 tum
722 1134 868 1184 gaudio
913 1135 1128 1184 insperato,
1175 1135 1300 1184 quod,
1347 1148 1463 1184 quein
1502 1135 1654 1184 perisse

218 1204 485 1252 crediderant,
517 1206 757 1245 incolumem
783 1207 1011 1252 cernebant,
1044 1207 1151 1252 fecit,
1182 1210 1226 1243 ut
1252 1207 1358 1244 intra
1389 1220 1537 1255 paucos
1568 1205 1653 1243 dies

216 1289 285 1313 sex
317 1277 443 1314 millia
474 1278 657 1327 peditum
697 1284 960 1325 armatorum,
1009 1282 1199 1327 quattuor
1245 1279 1423 1327 equitum
1471 1277 1521 1315 ad
1567 1291 1655 1315 eum

150 1347 199 1383 14
219 1349 488 1396 convenirent,
534 1350 693 1400 iamque
725 1365 805 1389 non
847 1351 887 1387 in
919 1351 1166 1400 possessione
1198 1350 1315 1387 modo
1347 1350 1507 1400 paterni
1538 1350 1654 1398 regni

219 1423 332 1467 esset,
363 1421 432 1458 sed
465 1422 583 1459 etiam
630 1424 757 1461 socios
798 1422 1190 1471 Carthaginiensium
1228 1423 1399 1472 populos
1432 1422 1654 1459 Masaesuli—

218 1505 410 1541 orumque
456 1493 554 1530 fines
601 1494 659 1543 (id
700 1494 895 1544 Syphacis
940 1507 1107 1543 regnum
1155 1493 1252 1544 erat)
1295 1498 1481 1532 vastaret.
1553 1494 1654 1531 Inde

218 1563 377 1601 irritato
425 1565 476 1602 ad
521 1566 672 1604 bellum
705 1565 898 1617 Syphace,
947 1566 1052 1603 inter
1094 1565 1244 1603 Cirtam
1275 1567 1583 1616 Hipponemque
1614 1566 1655 1603 in

74 1629 128 1678 33
214 1635 319 1684 iugis
352 1640 669 1686 opportunorum
715 1638 764 1675 ad
811 1638 942 1675 omnia
983 1626 1174 1675 montium
1207 1638 1398 1676 consedit.
1459 1638 1655 1675 Maiorem

216 1707 342 1755 igitur
372 1709 450 1746 iam
482 1723 566 1746 rem
598 1708 762 1760 Syphax
794 1714 916 1757 ratus,
949 1724 1066 1760 quam
1098 1714 1143 1747 ut
1167 1723 1238 1760 per
1262 1710 1470 1760 praefectos
1503 1713 1654 1758 ageret,

216 1792 303 1816 cum
335 1779 421 1818 filio
454 1781 595 1820 iuvene
628 1781 785 1832 (nomen
804 1782 1005 1821 Verminae
1033 1785 1134 1831 erat)
1166 1785 1281 1832 parte
1300 1782 1496 1819 exercitus
1522 1781 1654 1828 missa,

214 1852 394 1901 imperat,
424 1856 480 1900 ut,
512 1853 785 1892 circumducto
818 1855 996 1904 agmine,
1027 1855 1067 1891 in
1114 1867 1154 1891 se
1188 1854 1384 1891 intentum
1417 1854 1570 1891 hostem
1602 1853 1652 1891 ab

174 1923 328 1971 2tergo
371 1924 546 1963 invadat.
619 1925 747 1963 Nocte
792 1927 993 1975 profectus
1024 1926 1240 1972 Vermina,
1287 1926 1357 1975 qui
1404 1939 1451 1963 ex
1496 1926 1651 1963 occulto

218 2007 479 2043 aggressurus
511 2001 617 2044 erat;
658 1996 822 2047 Syphax
857 2002 988 2036 autem
1030 1998 1210 2035 interdiu
1255 2000 1392 2047 aperto
1425 1997 1580 2044 itinere,
1610 2001 1655 2035 ut

177 2067 200 2104 3
219 2067 287 2115 qui
319 2068 446 2115 signis
480 2069 636 2107 collatis
669 2070 754 2107 acie
786 2070 1049 2107 dimicaturus
1082 2074 1194 2116 esset,
1226 2070 1350 2106 movit
1382 2072 1522 2106 castra..
1570 2068 1653 2106 Ubi

213 2142 370 2189 tempus
416 2140 545 2178 visum
592 2145 668 2188 est,
718 2155 796 2190 quo
843 2143 1071 2191 pervenisse
1102 2142 1180 2179 iam
1226 2141 1490 2178 circummissi
1521 2140 1653 2178 videri

217 2213 414 2260 poterant,
445 2214 485 2249 et
516 2212 616 2262 ipse,
647 2213 729 2250 leni
767 2214 869 2251 clivo
901 2214 1053 2251 ferente
1084 2213 1132 2251 ad
1165 2214 1331 2260 hostem,
1362 2226 1486 2262 quum
1517 2213 1653 2250 multi·

214 2282 356 2320 tudine
387 2284 524 2331 fretus,
555 2287 639 2321 tum
665 2285 903 2334 praeparatis
927 2286 978 2323 ab
1004 2289 1117 2334 tergo
1149 2285 1310 2322 insidiis
1342 2298 1412 2334 per
1443 2284 1654 2323 adversum

161 2354 377 2392 4montem
409 2359 580 2393 erectam
612 2357 736 2394 aciem
768 2356 891 2394 ducit.
939 2356 1155 2394 Masinissa
1179 2357 1327 2394 fiducia
1359 2357 1528 2394 maxime
1561 2357 1654 2404 loci,

214 2440 292 2476 quo
325 2428 449 2465 multo
497 2428 672 2477 aequiore
711 2432 964 2478 pugnaturus
1010 2432 1113 2475 erat,
1161 2432 1200 2464 et
1231 2428 1317 2478 ipse
1364 2428 1506 2476 dirigit
1550 2442 1652 2466 suos.

215 2497 349 2536 Atrox
381 2500 567 2549 proelium
599 2504 639 2537 et
683 2500 751 2537 diu
782 2513 926 2549 anceps
965 2500 1063 2545 fuit,
1109 2500 1196 2537 loco
1229 2502 1268 2536 et
1298 2500 1447 2536 virtute
1479 2500 1653 2537 militum

215 2569 489 2617 Masinissam,
522 2571 802 2619 multitudine,
848 2585 935 2621 quae
978 2571 1102 2608 nimio
1142 2571 1270 2608 maior
1302 2575 1398 2617 erat,
1432 2571 1652 2622 Syphacem

166 2640 189 2677 5
214 2642 387 2679 iuvante.
447 2643 508 2680 Ea
539 2644 755 2680 multitudo
789 2643 937 2689 divisa,
968 2656 1087 2693 quum
1120 2656 1213 2692 pars
1259 2658 1282 2680 a
1319 2643 1449 2680 fronte
1480 2649 1654 2692 urgeret,
