1768 2943
538 115 641 145 Liber
659 114 786 145 xxm.
835 113 888 156 (A.
918 114 981 145 Ch.
1008 113 1103 157 216.)
1443 115 1525 156 133

108 255 269 283 ventum
284 253 545 294 curatumque
557 245 747 294 benigne,
768 245 889 281 etiam
903 257 992 281 cum
1005 245 1126 281 donis
1139 244 1345 282 Hannibal
1359 247 1525 283 domum

106 316 327 354 remiserat.
377 315 442 353 Ob
468 316 552 353 eius
576 316 745 365 gratiam
769 315 897 351 meriti
922 327 1006 351 rem
1024 314 1226 351 Nolanam
1249 317 1289 353 in
1313 317 1373 354 ius
1399 318 1525 354 dicio·
1540 315 1566 356 9

108 398 282 434 nemque
315 388 413 423 dare
445 387 626 423 voluerat
657 386 800 430 Poeno,
840 386 1084 433 anxiumque
1117 398 1207 421 eum
1242 392 1282 423 et
1314 388 1525 424 sollicitum

108 469 202 494 cura
226 457 405 494 novandi
430 469 493 494 res
517 463 665 506 praetor
689 457 892 494 cernebat.
949 455 1137 492 Ceterum
1163 469 1284 504 quum
1311 463 1379 494 aut
1402 470 1525 506 poena
1543 457 1596 496 1Ο

108 527 363 565 cohibendus
387 534 495 565 esset
517 534 586 565 aut
610 527 809 565 beneficio
835 527 1127 571 conciliandus,
1159 527 1232 564 sibi
1258 529 1525 577 assumpsisse

107 611 227 647 quam
251 599 358 636 hosti
382 599 586 636 ademisse
611 599 755 636 fortem
781 611 827 636 ac
846 604 1051 636 strenuum
1070 598 1209 635 maluit
1227 599 1394 643 socium,
1420 599 1525 636 acci-

106 675 270 718 tumque
303 670 357 706 ad
391 682 434 707 se
466 671 643 718 benigne
676 670 870 719 appellat:
921 669 1071 707 Multos
1105 683 1196 706 eum
1228 669 1389 706 invidos
1420 670 1523 706 inter
1542 668 1592 708 11

106 741 324 790 populares
342 741 506 786 habere,
532 742 629 778 inde
647 741 873 778 existimatu
892 741 1009 779 facile
1028 755 1131 787 esse,
1158 743 1270 791 quod
1289 753 1410 778 nemo
1430 741 1524 778 civis

105 811 288 849 Nolanus
322 812 395 849 sibi
428 812 677 857 indicaverit,
719 825 839 861 quam
871 814 995 849 multa
1029 814 1113 850 eius
1147 813 1311 862 egregia
1344 812 1526 848 facinora

105 882 288 919 militaria
316 889 471 927 essent;
507 884 581 920 sed
609 884 676 932 qui
703 884 743 920 in
772 884 968 921 Romanis
996 884 1220 920 militaverit
1254 883 1406 927 castris,
1441 895 1525 920 non
1540 881 1593 921 12

104 965 228 1002 posse
252 954 466 991 obscuram
492 954 576 991 eius
601 955 783 990 virtutem
807 967 911 991 esse.
970 955 1121 990 Multos
1146 954 1233 997 sibi,
1268 954 1334 1001 qui
1360 966 1448 990 cum
1474 966 1525 990 eo

105 1023 310 1072 stipendia
334 1024 515 1070 fecerint,
542 1025 705 1069 referre,
732 1025 798 1073 qui
816 1026 872 1061 vir
890 1030 998 1062 esset
1015 1025 1092 1068 ille,
1118 1037 1288 1072 quaeque
1308 1029 1347 1060 et
1365 1025 1524 1072 quoties

104 1094 282 1143 pericula
304 1107 378 1143 pro
403 1096 531 1132 salute
554 1108 601 1133 ac
626 1096 824 1144 dignitate
843 1096 982 1144 populi
1000 1096 1175 1132 Romani
1195 1096 1361 1139 adisset,
1388 1095 1524 1143 utique
1543 1092 1596 1133 13

105 1163 313 1202 Cannensi
341 1166 484 1214 proelio
510 1178 592 1203 non
618 1167 727 1215 prius
750 1179 888 1215 pugna
914 1167 1123 1210 abstiterit,
1154 1179 1274 1214 quam
1300 1178 1428 1214 prope
1459 1179 1525 1202 ex·

105 1237 269 1285 sanguis
286 1237 401 1273 ruina
419 1237 805 1286 superincidentium
823 1238 1009 1282 virorum,
1029 1249 1224 1285 equorum
1243 1248 1527 1285 armorumque

105 1306 154 1343 sit
187 1319 420 1356 oppressus.
488 1308 653 1356 «Itaque
686 1313 818 1345 macte
851 1308 992 1344 virtute
1025 1314 1138 1344 esto»
1168 1308 1309 1356 inquit.
1378 1308 1525 1356 «Apud
1543 1304 1597 1344 14

103 1389 167 1413 me
196 1378 266 1413 tibi
295 1379 427 1415 omnis
457 1379 591 1415 honos
619 1384 740 1426 atque
768 1391 890 1415 omne
918 1379 1124 1427 praemium
1154 1379 1239 1422 erit,
1275 1383 1314 1414 et
1342 1390 1422 1426 quo
1450 1377 1525 1413 fre-

104 1448 291 1496 quentior
317 1461 476 1486 mecum
504 1448 639 1494 fueris,
673 1450 824 1486 senties
853 1462 942 1485 eam
971 1461 1056 1485 rem
1083 1449 1153 1485 tibi
1182 1449 1369 1497 dignitati
1403 1454 1524 1496 atque

103 1519 379 1556 emolumento
397 1532 527 1556 esse.»
579 1519 775 1568 Laetoque
792 1520 925 1556 iuveni
943 1520 1152 1568 promissis
1170 1532 1319 1568 equum
1337 1519 1523 1556 eximium
1543 1516 1595 1557 15

103 1589 217 1626 dono
251 1590 322 1626 dat
353 1590 596 1638 bigatosque
621 1591 867 1639 quingentos
892 1595 1134 1638 quaestorem
1159 1603 1370 1627 numerare
1394 1591 1523 1634 iubet;

102 1659 308 1696 lictoribus
340 1660 523 1709 imperat,
557 1666 600 1696 ut
627 1673 717 1696 eum
748 1673 790 1697 se
819 1662 945 1706 adire,
980 1661 1139 1709 quoties
1169 1660 1274 1704 velit,
1309 1661 1524 1709 patiantur.

103 1729 192 1767 Hac
223 1731 414 1767 comitate
438 1731 618 1768 Marcelli
644 1731 791 1767 ferocis
814 1732 969 1768 iuvenis
994 1731 1150 1767 animus
1176 1732 1284 1767 adeo
1311 1737 1371 1767 est
1395 1732 1523 1767 molli·
1586 1726 1630 1772 16

103 1806 178 1844 tus,
203 1806 246 1837 ut
270 1813 391 1837 nemo
415 1802 513 1838 inde
538 1802 740 1838 sociorum
764 1814 847 1837 rem
874 1802 1102 1838 Romanam
1129 1802 1270 1838 fortius
1295 1814 1342 1838 ac
1367 1802 1523 1838 fidelius

102 1870 256 1908 iuverit.

221 1941 355 1987 Quum
388 1941 595 1979 Hannibal
634 1944 688 1979 ad
728 1949 866 1991 portas
905 1947 1013 1979 esset
1046 1941 1207 1993 (Nolam
1251 1943 1358 1979 enim
1391 1942 1566 1981 rursus?

102 2023 126 2048 a
158 2011 333 2049 Nuceria
371 2014 496 2050 movit
535 2011 681 2063 castra)
720 2014 942 2062 plebesque
975 2012 1137 2050 Nolana
1177 2014 1230 2049 de
1270 2014 1429 2062 integro
1470 2015 1524 2050 ad

102 2082 377 2119 defectionem
401 2089 616 2132 spectaret,
641 2083 856 2120 Marcellus
882 2085 955 2120 sub
982 2085 1201 2120 adventum
1227 2084 1402 2121 hostium
1419 2083 1565 2123 intra3

101 2164 238 2190 muros
262 2165 305 2190 se
327 2155 492 2202 recepit,
521 2166 605 2190 non
625 2154 764 2190 castris
782 2159 981 2199 metuens,
1008 2155 1082 2191 sed
1101 2167 1152 2191 ne
1170 2156 1398 2203 prodendae
1416 2156 1523 2192 urbis

102 2223 365 2261 occasionem
388 2224 504 2261 nimis
527 2225 660 2261 multis
685 2225 725 2261 in
751 2237 841 2260 eam
866 2225 1167 2261 imminentibus
1195 2226 1323 2262 daret.
1379 2224 1566 2264 Instrui4.

102 2293 254 2331 deinde
271 2295 458 2343 utrinque
478 2295 585 2332 acies
605 2300 762 2343 coeptae,
785 2296 1063 2332 Romanorum
1082 2308 1155 2344 pro
1174 2296 1374 2332 moenibus
1393 2296 1522 2341 Nolae,

100 2364 318 2402 Poenorum
351 2370 445 2402 ante
479 2371 610 2403 castra
643 2378 728 2403 sua.
792 2366 936 2403 Proelia
968 2367 1061 2404 hinc
1094 2379 1217 2415 parva
1250 2366 1352 2402 inter
1384 2368 1523 2402 urbem

102 2440 315 2484 castraque
343 2441 383 2472 et
410 2436 521 2472 vario
550 2441 696 2472 eventu
727 2436 890 2481 fiebant,
925 2437 1019 2485 quia
1049 2437 1175 2474 duces
1204 2450 1280 2474 nec
1308 2437 1523 2486 prohibere

100 2517 255 2554 paucos
279 2511 431 2542 temere
455 2512 743 2555 procursantes
768 2519 843 2544 nec
869 2508 967 2544 dare
986 2508 1143 2556 signum
1163 2508 1358 2544 universae
1376 2519 1523 2556 pugnae

100 2576 305 2613 volebant.
352 2576 397 2613 In
423 2577 499 2614 hac
526 2577 765 2625 quotidiana
789 2578 867 2614 iam
893 2579 1064 2614 duorum
1084 2577 1328 2614 exercituum
1347 2577 1521 2613 statione
1537 2577 1564 2616 Γ)

100 2645 303 2695 principes
334 2646 587 2684 Nolanorum
620 2648 808 2684 nuntiant
840 2647 1047 2692 Marcello,
1087 2653 1287 2684 nocturna
1320 2648 1522 2696 colloquia
1538 2647 1562 2686 (3
