1789 2955
226 80 307 117 268
623 77 739 112 Liber
763 76 888 112 XXX.
945 81 1006 122 (A.
1032 91 1066 114 u.
1093 90 1122 114 c.
1149 80 1242 122 553.)

225 204 275 242 ad
308 204 348 241 id
381 204 509 254 ipsum
542 205 590 242 ab
623 203 790 243 Aurelio
823 218 871 242 ex
902 205 1160 252 Macedonia,
1201 206 1409 252 disseruit,
1442 206 1657 245 Aurelium

226 276 422 322 relictum,
453 289 501 313 ne
528 276 624 313 socii
650 277 787 326 populi
803 277 977 315 Romani
1002 277 1095 315 fessi
1119 277 1447 327 populationibus
1473 279 1513 316 vi
1538 282 1658 329 atque

228 347 374 385 iniuria
405 348 456 385 ad
487 361 620 396 regem
651 347 883 395 deficerent;
916 349 1061 387 finibus
1093 350 1287 386 sociorum
1318 362 1395 387 non
1424 351 1658 396 excessisse3

185 419 383 457 Gdedisse
429 432 611 469 operam,
666 433 714 456 ne
760 420 921 470 impune
970 421 1010 457 in
1058 410 1176 469 agros
1223 433 1355 457 eorum
1402 422 1660 471 populatores

225 491 563 528 transcenderent.
625 490 839 541 Sopatrum
871 505 919 529 ex
951 492 1182 542 purpuratis
1215 496 1253 529 et
1282 493 1521 542 propinquis
1553 494 1661 542 regis

227 576 332 609 esse3
382 576 469 600 eum
517 575 602 600 cum
650 566 839 612 quattuor
884 564 1061 601 millibus
1099 563 1363 602 Macedonum
1410 569 1450 601 et
1493 566 1661 614 pecunia

226 635 389 671 missum
416 647 544 684 nuper
570 635 609 672 in
629 634 812 672 Africam
841 649 923 673 esse
941 636 1166 673 Hannibali
1198 639 1236 672 et
1263 635 1661 685 Carthaginiensibus

181 707 201 741 7
222 706 386 744 auxilio.
448 705 513 743 De
543 707 608 744 his
639 708 757 744 rebus
790 708 1030 756 interrogati
1057 707 1297 744 Macedones
1325 720 1443 756 quum
1470 705 1662 755 perplexe

226 778 524 827 responderent,
546 779 622 828 ipsi
640 780 754 817 haud
770 791 921 827 anceps
938 793 1169 829 responsum
1187 778 1535 826 tulerunt‚bellum
1553 789 1658 827 quae-

180 850 310 887 Srere
341 863 474 898 regem
507 854 556 897 et,
588 851 621 888 si
652 854 806 900 pergat,
838 851 1071 901 propediem
1103 852 1370 888 inventurum.
1428 849 1662 899 Dupliciter

226 921 274 958 ab
307 935 352 959 eo
383 922 511 959 foedus
542 923 748 969 violatum,
782 927 821 960 et
852 924 958 973 quod
989 923 1106 961 sociis
1134 923 1274 973 populi
1290 923 1462 960 Romani
1492 921 1661 959 iniurias

225 993 366 1030 fecerit
396 1007 441 1031 ac
472 994 578 1033 bello
610 996 810 1045 armisque
842 996 1099 1042 lacessiverit,
1132 998 1169 1032 et
1201 995 1307 1044 quod
1334 995 1466 1032 hostes
1498 993 1662 1030 auxiliis

181 1066 261 1102 9et
293 1066 464 1115 pecunia
509 1067 669 1104 iuverit.
732 1068 786 1104 Et
832 1067 877 1106 P.
927 1066 1157 1117 Scipionem
1203 1070 1311 1104 recte
1357 1070 1476 1116 atque
1522 1064 1663 1103 ordine

226 1138 367 1175 fecisse
399 1138 527 1175 videri
562 1143 601 1176 et
631 1140 770 1186 facere,
804 1140 910 1189 quod
943 1153 1028 1186 eos,
1061 1140 1130 1189 qui
1161 1153 1270 1176 arma
1302 1143 1440 1176 contra
1470 1137 1661 1188 populum

226 1209 449 1246 Romanum
482 1211 656 1249 ferentes
702 1212 809 1261 capti
857 1212 954 1259 sint,
1000 1212 1174 1249 hostium
1220 1224 1383 1248 numero
1430 1210 1469 1247 in
1516 1208 1661 1247 vinclis

155 1281 206 1318 10
225 1281 381 1328 habeat,
413 1285 452 1319 et
483 1282 536 1319 M.
571 1284 788 1321 Aurelium
820 1297 840 1321 e
872 1298 914 1321 re
956 1284 1118 1334 publica
1150 1284 1301 1329 facere.
1349 1286 1586 1333 gratumque
1620 1279 1660 1317 id

228 1354 382 1390 sena-tui
414 1367 508 1402 esse,
540 1355 647 1404 quod
671 1356 798 1393 socios
822 1357 963 1406 populi
981 1356 1166 1405 Romani,
1199 1356 1359 1405 quando
1388 1355 1475 1391 iure
1502 1352 1663 1390 foederis

215 1438 306 1462 -non
337 1427 475 1475 possit,
511 1427 633 1464 armis
670 1431 840 1466 tueatur.

154 1498 200 1533 11
338 1497 436 1535 Cum
454 1499 527 1536 hoc
553 1503 633 1537 tam
659 1500 767 1537 tristi
795 1513 987 1550 responso
1014 1499 1189 1537 dimissis
1208 1498 1510 1545 Macedonibus,
1536 1497 1662 1546 legat-i

229 1568 581 1619 Carthaginienses
630 1572 773 1609 vocati.
849 1573 1029 1620 Quorum
1077 1572 1262 1608 aetatibus
1309 1570 1657 1620 dignitatibusque

227 1643 449 1692 conspectis
483 1644 589 1691 (nam
617 1643 734 1693 longe
759 1644 879 1693 primi
904 1644 1078 1681 civitatis
1104 1645 1245 1693 erant),
1276 1647 1360 1680 tum
1387 1656 1459 1692 pro
1486 1654 1527 1678 se
1555 1641 1660 1690 quis-

154 1714 203 1750 12
225 1727 301 1762 que
333 1714 467 1751 dicere
499 1728 590 1753 vere
624 1715 672 1753 de
703 1729 800 1765 pace
843 1717 918 1765 agi.
981 1716 1159 1764 Insignis
1196 1719 1328 1753 tamen
1367 1715 1471 1752 int-er
1510 1717 1662 1750 ceteros

228 1785 464 1824 Hasdrubal
497 1792 582 1824 erat
615 1788 802 1835 (Haedum
846 1789 1061 1838 populares
1101 1788 1334 1837 cognomine
1376 1783 1662 1836 appellabant),

153 1858 202 1894 13
224 1857 335 1907 pacis
373 1871 529 1908 semper
560 1864 697 1898 auct-or
730 1860 999 1910 adversusque
1031 1860 1196 1897 factioni
1228 1859 1424 1896 Barcinae.
1483 1858 1544 1895 Eo
1575 1861 1659 1894 tum

227 1930 318 1979 plus
336 1931 397 1967 illi
414 1932 666 1969 auctoritatis
693 1932 770 1969 fuit
795 1933 893 1970 belli
919 1933 1079 1983 culpam
1104 1933 1145 1969 in
1161 1945 1378 1982 paucorum
1397 1930 1658 1980 cupiditatem

157 2001 206 2037 14
227 2002 274 2038 ab
306 2015 348 2039 re
379 2003 542 2052 publica
572 2004 842 2041 transferenti.
905 2005 985 2051 Qui
1028 2017 1149 2054 quum
1194 2004 1307 2041 varia
1348 2003 1528 2041 oratione
1566 2014 1659 2039 usus

227 2077 350 2121 esset,
382 2088 486 2112 nunc
518 2075 728 2124 purgando
774 2077 959 2123 crimina,
1008 2090 1111 2114 nunc
1156 2076 1335 2125 quaedam
1383 2074 1564 2119 fatendo,
1611 2086 1659 2110 ne

227 2146 481 2196 impudenter
529 2151 640 2184 certa
684 2148 926 2196 negantibus
973 2149 1179 2186 difficilior
1224 2149 1340 2186 venia
1386 2150 1509 2193 esset,
1554 2158 1658 2183 nunc

227 2218 424 2256 monendo
457 2219 576 2256 etiam
608 2223 741 2269 patres
770 2221 1029 2270 conscriptos,
1059 2224 1103 2257 ut
1129 2221 1246 2257 rebus
1273 2219 1456 2257 secundis
1481 2217 1659 2255 modest-e

153 2289 201 2325 15
221 2303 265 2327 ac
297 2290 501 2328 moderate
532 2294 759 2328 uterentur:
792 2292 824 2329 si
851 2305 891 2329 se
918 2296 1037 2341 atque
1065 2292 1305 2329 Hannonem
1330 2291 1535 2329 audissent
1563 2289 1657 2327 Car-

227 2362 498 2411 thaginienses
531 2367 569 2400 et
598 2368 778 2413 tempore
809 2364 867 2401 uti
907 2365 1148 2411 voluissent,
1193 2363 1356 2402 daturos
1394 2363 1517 2400 fuisse
1549 2362 1658 2411 pacis

228 2435 498 2481 condiciones,
525 2448 622 2484 quas
644 2438 740 2472 tunc
765 2439 966 2485 peterent&
998 2450 1088 2473 raro
1119 2436 1239 2473 simul
1262 2435 1491 2473 hominibus
1514 2435 1659 2473 bonam

160 2506 208 2541 lo
227 2507 428 2544 fortunam
474 2507 698 2557 bonamque
743 2512 913 2545 mentem
961 2507 1069 2555 dari3
1116 2508 1308 2558 populum
1348 2507 1572 2545 Romanum
1612 2520 1658 2545 eo

231 2578 421 2615 invictum
455 2592 558 2626 esse,
599 2579 705 2628 quod
744 2579 782 2616 in
816 2580 1002 2617 secundis
1033 2580 1151 2617 rebus
1198 2592 1336 2629 sapere
1382 2582 1421 2616 et
1451 2579 1659 2616 consulere

158 2649 471 2696 171nemine1·it;
502 2655 541 2688 et
579 2651 738 2688 hercule
772 2652 995 2689 mirandum
1027 2652 1160 2698 fuisse,
1191 2651 1224 2688 si
1258 2651 1378 2688 aliter
1408 2652 1575 2697 faceret3
1607 2663 1654 2687 ex
