1789 2955
271 71 324 108 22
667 65 783 100 Liber
808 64 955 100 XXVI.
1004 66 1064 110 (A.
1089 77 1124 100 u.
1151 77 1180 100 c.
1205 66 1300 109 543.)

273 193 572 242 redintegratus
590 193 721 230 luctus
737 195 910 242 acceptae
928 192 1053 230 cladis
1079 192 1401 242 desideriumque
1420 192 1706 243 imperatorum

233 267 255 303 6
275 265 520 302 amissorum.
567 263 709 301 Maesta
739 264 873 314 itaque
906 264 1059 309 civitas,
1090 277 1214 314 prope
1244 264 1359 314 inops
1385 264 1555 309 consilii,
1586 264 1705 302 comi-

273 337 425 374 tiorum
460 336 526 373 die
556 339 689 372 tamen
714 336 754 372 in
783 349 963 385 campum
990 335 1214 381 descendit,
1241 340 1359 385 atque
1382 337 1422 373 in
1450 336 1707 384 magistratus

272 409 380 447 versi
412 408 744 456 circumspectant
768 420 837 444 ora
871 408 1095 457 principum
1126 407 1295 444 aliorum
1327 407 1426 445 alios
1453 407 1709 455 intuentium,

270 480 541 529 fremuntque,
586 478 684 516 adeo
722 479 900 528 perditas
929 493 991 516 res
1023 479 1353 528 desperatumque
1393 479 1441 516 de
1472 492 1515 516 re
1544 479 1709 528 publica

229 553 249 588 7
270 565 366 598 esse,
396 554 441 588 ut
465 563 580 587 nemo
607 550 753 588 audeat
779 551 820 588 in
846 550 1087 600 Hispaniam
1120 550 1331 600 imperium
1364 550 1556 599 accipere,
1586 563 1708 599 quum

274 622 406 660 subito
437 622 484 661 P.
517 622 740 669 Cornelius,
771 624 818 661 P.
856 623 1051 667 Cornelii,
1093 622 1163 671 qui
1193 622 1234 658 in
1264 621 1465 671 Hispania
1496 621 1709 671 ceciderat,

273 694 393 741 filius,
442 697 632 743 quattuor
679 697 718 731 et
760 694 906 743 viginti
950 694 1071 730 ferme
1113 706 1236 731 annos
1265 696 1392 739 natus,
1437 693 1638 742 professus
1669 706 1709 731 se

235 766 426 815 8petere,
459 766 498 802 in
531 766 750 815 superiore,
782 766 886 802 unde
918 766 1095 815 conspici
1125 768 1271 814 posset,
1302 765 1390 802 loco
1422 765 1614 803 constitit.
1660 764 1711 802 In

277 851 394 886 quem
421 842 633 887 postquam
662 837 837 874 omnium
864 850 932 874 ora
958 850 1147 874 conversa
1173 839 1276 886 sunt,
1304 836 1476 874 clamore
1503 850 1546 874 ac
1573 837 1710 875 favore

229 909 251 945 9
271 909 437 946 ominati
483 909 684 958 extemplo
730 912 821 946 sunt
868 909 964 946 felix
1010 909 1263 957 faustumque
1310 908 1531 958 imperium.
1605 908 1711 945 Iussi

276 980 420 1018 deinde
450 981 551 1018 inire
583 980 815 1029 suffragium
856 980 906 1018 ad
935 993 1057 1017 unum
1088 993 1222 1017 omnes
1251 993 1330 1017 non
1363 981 1552 1017 centuriae
1582 981 1712 1027 modo,

276 1052 345 1089 sed
377 1052 501 1089 etiam
533 1052 712 1089 homines
746 1052 792 1089 P.
826 1050 1008 1101 Scipioni
1048 1051 1259 1101 imperium
1305 1064 1389 1088 esse
1434 1052 1477 1088 in
1513 1051 1712 1101 Hispania

206 1123 255 1160 10
271 1123 484 1161 iusserunt.
548 1122 735 1161 Ceterum
767 1127 858 1173 post
887 1137 969 1160 rem
1002 1127 1141 1169 actam,
1186 1127 1231 1160 ut
1276 1123 1356 1160 iam
1395 1123 1598 1160 resederat
1638 1123 1710 1160 im-

275 1198 390 1245 petus
422 1195 644 1233 animorum
676 1195 885 1244 ardorque,
926 1194 1129 1232 silentium
1169 1195 1300 1232 subito
1341 1198 1469 1232 ortum
1511 1199 1549 1232 et
1588 1195 1713 1232 tacita

277 1267 479 1316 cogitatio,
513 1267 701 1316 quidnam
729 1267 926 1315 egissent3
957 1279 1088 1303 nonne
1118 1267 1230 1304 favor
1260 1267 1349 1316 plus
1374 1266 1567 1304 valuisset
1593 1276 1711 1316 quam

205 1337 389 1376 llratio.
450 1339 602 1377 AEtatis
642 1339 815 1375 maxime
853 1338 1092 1387 paenitebat;
1139 1337 1304 1387 quidam
1350 1338 1550 1375 fortunam
1592 1338 1712 1375 etiam

279 1410 417 1448 domus
444 1411 662 1448 horrebant
686 1423 906 1459 nomenque
941 1423 988 1446 ex
1014 1410 1181 1446 funestis
1209 1410 1361 1447 duabus
1388 1410 1553 1447 familiis
1580 1410 1621 1446 in
1649 1422 1714 1447 eas

279 1482 522 1531 provincias,
554 1481 623 1518 ubi
654 1483 758 1518 inter
788 1482 971 1530 sepulcra
1001 1482 1127 1531 patris
1172 1482 1387 1531 patruique
1427 1495 1491 1518 res
1529 1481 1714 1529 gerendae

141 1548 190 1595 19
282 1557 423 1599 essent,
453 1553 757 1602 proficiscentis.
816 1553 946 1600 Quam
985 1554 1055 1590 ubi
1095 1554 1144 1590 ab
1189 1566 1232 1590 re
1274 1556 1386 1590 tanto
1433 1553 1583 1602 impetu
1628 1556 1716 1590 acta

280 1625 591 1662 sollicitudinem
617 1638 830 1674 curamque
855 1625 1059 1662 hominum
1085 1625 1379 1671 animadvertit,
1407 1624 1598 1662 advocata
1626 1638 1716 1661 con-

278 1696 400 1742 tione,
432 1697 490 1733 ita
521 1697 568 1733 de
600 1700 716 1734 aetate
758 1710 828 1733 sua
868 1697 1115 1746 imperioque
1156 1697 1342 1734 mandato
1384 1700 1423 1734 et
1462 1697 1576 1742 bello,
1609 1696 1717 1745 quod

237 1768 260 1804 2
280 1768 503 1817 gerundum
534 1772 646 1815 esset,
678 1781 822 1817 magno
855 1769 1038 1817 elatoque
1070 1768 1201 1805 animo
1228 1769 1428 1814 disseruit,
1459 1771 1505 1805 ut
1534 1768 1718 1806 ardorem

283 1854 381 1887 eum,
414 1841 482 1889 qui
512 1841 723 1887 resederat,
762 1840 956 1877 excitaret
995 1853 1132 1876 rursus
1176 1843 1424 1889 novaretque
1465 1843 1503 1878 et
1532 1840 1719 1890 impleret

283 1912 465 1949 homines
499 1913 680 1950 certioris
708 1913 805 1962 spei,
839 1925 957 1961 quam
988 1914 1177 1960 quantam
1208 1911 1307 1949 fides
1337 1911 1523 1961 promissi
1554 1911 1717 1949 humani

244 1983 267 2019 3
286 1987 354 2020 aut
383 1984 485 2021 ratio
519 1998 565 2021 ex
598 1984 745 2021 fiducia
768 1997 901 2020 rerum
925 1983 1122 2019 subiicere
1147 1983 1259 2021 solet.
1320 1983 1417 2020 Fuit
1447 1983 1549 2020 enim
1581 1982 1717 2032 Scipio

286 2069 364 2092 non
382 2056 489 2092 veris
506 2059 661 2093 tantum
690 2055 907 2092 virtutibus
932 2054 1140 2100 mirabilis,
1164 2055 1232 2091 sed
1256 2057 1341 2092 arte
1365 2068 1521 2104 quoque
1545 2044 1718 2104 quadam

240 2125 265 2162 4
283 2127 331 2164 ab
363 2127 525 2165 iuventa
550 2128 590 2163 in
618 2127 923 2164 ostentationem
950 2139 1084 2164 earum
1111 2127 1364 2176 compositus,
1394 2127 1584 2176 pleraque
1610 2126 1718 2176 apud

284 2198 584 2235 multitudinem
602 2202 672 2235 aut
691 2201 732 2236 Μ
750 2211 821 2247 per
838 2201 1053 2235 nocturnas
1069 2198 1154 2236 visa
1177 2198 1329 2247 species
1347 2201 1415 2235 aut
1439 2199 1550 2236 velut
1573 2198 1717 2236 divini-

284 2272 349 2306 tus
370 2272 501 2307 mente
518 2270 668 2306 monita
686 2282 819 2318 agonS,
848 2269 930 2306 sive
949 2273 988 2306 et
1015 2270 1099 2319 ipse
1117 2271 1223 2319 capti
1250 2270 1419 2319 quadam
1435 2270 1718 2319 superstitione

285 2341 420 2387 animi,
453 2341 535 2378 sive
566 2344 610 2377 ut
641 2340 810 2389 imperia
849 2341 1093 2390 consiliaque
1133 2342 1245 2378 velut
1282 2344 1388 2379 sorte
1419 2341 1569 2379 oraculi
1599 2340 1720 2377 missa

247 2412 269 2448 5
289 2413 373 2450 sine
405 2412 657 2449 cunctatione
690 2415 1013 2460 exsequerentur.
1075 2411 1144 2449 Ad
1182 2412 1256 2449 hoc
1287 2413 1364 2449 iam
1396 2411 1488 2449 inde
1519 2412 1569 2449 ab
1602 2412 1719 2449 initio

288 2497 518 2533 praeparans
551 2483 714 2529 animos,
747 2497 793 2520 ex
825 2496 903 2532 quo
933 2486 1069 2531 togam
1099 2483 1257 2521 virilem
1290 2484 1468 2533 sumpsit,
1513 2483 1624 2521 nullo
1657 2484 1721 2521 die

286 2555 396 2604 prius
426 2555 551 2592 ullam
582 2555 782 2604 publicam
813 2554 1090 2603 privatamque
1114 2568 1196 2592 rem
1224 2555 1317 2603 egit,
1349 2569 1465 2604 quam
1494 2555 1535 2592 in
1560 2554 1720 2604 Capito-

286 2626 386 2663 lium
412 2627 487 2664 iret
511 2627 791 2676 ingressusque
815 2625 938 2663 aedem
971 2626 1195 2664 consideret
1225 2631 1265 2663 et
1286 2627 1520 2676 plerumque
1547 2626 1653 2663 solus
1678 2625 1718 2662 in
