1789 2955
537 120 640 151 Liber
666 119 791 150 xxw.
837 118 892 161 (A.
920 119 981 150 Ch.
1009 118 1103 161 215.)
1443 121 1524 161 179

106 252 200 295 duX,
234 264 325 287 eum
348 251 574 300 legerimus,
608 257 745 287 tamen
768 256 935 299 repente
960 251 1099 295 lectus,
1124 251 1166 287 in
1190 264 1341 287 annum
1367 257 1524 301 creatus

105 322 299 358 adversus
331 326 506 358 veterem
539 333 586 358 ac
619 326 857 370 perpetuum
890 321 1176 369 imperatorem
1210 323 1522 370 comparabitur,

106 392 220 428 nullis
268 404 400 439 neque
447 392 640 440 temporis
688 403 763 427 nec
805 391 898 427 iuris
941 391 1138 427 inclusum
1183 392 1392 439 angustiis,
1442 405 1523 440 quo

105 462 235 498 minus
259 462 314 498 ita
342 461 479 498 omnia
495 467 610 510 gerat
627 461 973 509 administretque,
1000 466 1042 497 ut
1060 467 1244 509 tempora
1262 463 1525 510 postulabunt

104 532 216 575 belli;
251 532 368 568 nobis
401 537 537 568 autem
568 532 608 568 in
642 536 838 580 apparatu
871 532 961 580 ipso
989 543 1037 568 ac
1060 536 1214 568 tantum
1238 530 1565 571 inchoantibusss

103 614 166 638 res
199 614 328 645 annu-s
361 602 654 650 circumagitur.
719 602 939 647 Quoniam,
973 603 1111 650 quales
1145 602 1249 638 viros
1284 614 1420 638 creare
1453 600 1565 639 vosQ

104 673 291 709 consules
324 673 482 716 deceat,
523 673 618 708 satis
651 678 712 708 est
745 673 909 717 dictum,
950 678 1086 716 restat,
1125 677 1170 709 ,ut
1201 685 1332 720 pauca
1366 674 1426 717 de.
1452 674 1522 718 eis,

102 743 143 778 in
176 754 278 790 quos
310 743 585 791 praerogativae
620 742 732 778 favor
764 743 980 786 inclinavit,
1027 743 1174 779 dicam.
1248 743 1304 779 M.
1339 744 1523 780 AEmilius
1541 742 1595 781 10

103 813 281 860 Regillus
334 813 481 848 flamen
537 818 597 849 est
646 813 875 859 Quirinalis,
933 826 1052 861 quem
1109 826 1241 861 neque
1295 814 1451 850 mittere
1501 827 1523 850 a

103 883 224 919 sacris
257 895 389 931 neque
422 883 594 919 retinere
627 896 856 931 possumus,
890 889 932 920 ut
964 896 1048 920 non
1082 885 1202 920 deum
1237 890 1305 920 aut
1333 885 1425 920 belli
1452 886 1523 921 de-

103 966 281 990 seramus
320 966 469 990 curam.
548 953 742 991 Otacilius
782 955 931 991 sororis
970 967 1070 991 meae
1111 955 1231 990 filiam
1264 967 1430 991 uxorem
1464 953 1589 993 at-ll

102 1037 180 1072 que
223 1037 271 1060 ex
313 1036 362 1060 ea
401 1025 548 1061 liberos
588 1025 728 1069 habet;
779 1030 956 1061 ceterum
995 1037 1078 1061 non
1119 1038 1168 1061 ea
1208 1031 1339 1061 vestra
1378 1027 1416 1061 in
1458 1039 1522 1062 me

102 1095 356 1142 maioresque
381 1107 495 1131 meos
520 1096 660 1130 merita
687 1101 790 1139 sunt,
817 1101 859 1131 ut
877 1108 960 1132 non
979 1096 1181 1144 potiorem
1199 1096 1362 1144 privatis
1382 1108 1521 1133 neces-

102 1157 450 1202 situdinibus⁹rem
475 1165 678 1214 publicam
703 1166 889 1202 habeam.
945 1166 1124 1212 Quilibet
1148 1172 1360 1202 nautarum
1387 1166 1593 1205 vecto-12

100 1249 267 1284 rumque
292 1236 505 1283 tranquillo
531 1236 629 1271 mari
652 1236 878 1284 gubernare
904 1242 1059 1284 potest;
1088 1238 1154 1273 ubi
1180 1250 1285 1273 saeva
1312 1243 1399 1274 orta
1423 1243 1522 1274 tern-

99 1312 236 1355 pestas
269 1311 330 1343 est
362 1318 409 1343 ac
443 1307 601 1342 turbato
635 1307 733 1342 mari
766 1307 915 1355 rapitur
947 1313 1068 1343 vento
1098 1308 1224 1352 navis,
1260 1314 1341 1344 tum
1371 1309 1454 1345 viro
1484 1314 1524 1344 et

98 1377 370 1426 gubernatore
403 1389 505 1425 opus
539 1382 612 1413 est.
676 1376 770 1413 Non
803 1378 1016 1426 tranquillo
1050 1378 1300 1426 navigamus,
1336 1380 1410 1415 sed
1441 1380 1520 1415 iam
1541 1377 1592 1418 13

101 1448 254 1496 aliquot
276 1448 462 1497 procellis
481 1448 690 1484 summersi
708 1460 824 1495 paene
843 1460 996 1491 sumus;
1022 1449 1171 1496 itaque,
1199 1450 1286 1497 quis
1305 1451 1358 1485 ad
1376 1451 1521 1498 guber-

100 1519 244 1555 nacula
284 1519 439 1562 sedeat,
480 1530 635 1554 summa
669 1530 763 1554 cura
795 1519 1094 1567 providendum
1128 1532 1174 1556 ac
1208 1521 1520 1568 praecavendum

99 1589 213 1625 vobis
241 1594 314 1626 est.
363 1589 408 1625 In
437 1590 591 1625 minore
616 1595 654 1625 te
679 1590 845 1637 experti,
879 1589 928 1625 T.
958 1588 1117 1633 Otacili,
1151 1603 1193 1625 re
1220 1602 1376 1634 sumus;
1412 1591 1521 1627 haud

100 1671 212 1703 sane,
238 1671 305 1695 cur
323 1660 377 1695 ad
395 1660 548 1695 maiora
567 1660 636 1695 tibi
655 1659 840 1703 fidamus,
867 1660 1102 1696 documenti
1121 1660 1336 1708 quicquam
1356 1661 1520 1697 dedisti.

100 1728 282 1766 Classem
309 1730 386 1766 hoc
413 1742 536 1772 anno,
567 1730 629 1766 cui
654 1735 695 1766 tu
720 1730 924 1778 praefuisti,
955 1730 1071 1766 trium
1096 1743 1226 1766 rerum
1253 1743 1376 1767 causa
1403 1744 1518 1780 para·
1538 1730 1591 1770 14

98 1800 238 1844 vimus,
264 1806 306 1836 ut
330 1800 474 1837 Africae
500 1813 611 1836 oram
638 1801 910 1849 popularetur,
937 1807 979 1837 ut
1003 1806 1088 1836 tuta
1112 1802 1230 1837 nobis
1255 1801 1378 1838 Italiae
1404 1802 1520 1838 litora
1539 1840 1549 1847 .

99 1876 246 1915 essent,
273 1876 367 1907 ante
393 1871 531 1907 omnia
556 1884 606 1907 ne
633 1872 956 1920 supplementum
982 1883 1071 1907 cum
1091 1872 1296 1920 stipendio
1316 1884 1520 1908 commea—

98 1947 220 1989 tuque
248 1942 298 1977 ab
327 1940 573 1990 Carthagine
597 1941 817 1977 Hannibali
846 1947 1198 1991 transportaretur.
1248 1941 1394 1979 Create
1422 1955 1520 1979 con·
1538 1941 1591 1982 15

99 2013 224 2049 sulem
249 2012 298 2050 T.
325 2011 555 2056 Otacilium,
590 2024 673 2048 non
708 2013 815 2056 dico,
851 2013 882 2049 si
916 2013 1053 2049 omnia
1077 2013 1175 2059 haec,
1211 2014 1285 2050 sed
1310 2013 1341 2050 si
1367 2014 1519 2062 aliquid

98 2095 238 2119 eorum
262 2083 318 2119 rei
341 2083 511 2131 publicae
536 2083 730 2131 praestitit.
790 2084 859 2120 Sin
883 2089 1018 2119 autem
1044 2089 1082 2119 te
1109 2084 1280 2121 classem
1308 2085 1518 2121 obtinente

98 2154 219 2190 etiam
247 2153 353 2189 velut
377 2158 524 2202 pacato
552 2154 651 2189 mari
680 2153 828 2201 quaevis
855 2153 1074 2190 Hannibali
1104 2159 1189 2190 tuta
1215 2160 1336 2202 atque
1361 2155 1518 2203 integra

98 2226 148 2261 ab
192 2225 318 2260 domo
352 2230 559 2268 venerunt,
601 2225 631 2260 si
666 2236 737 2260 ora
768 2224 891 2260 Italiae
923 2224 1109 2261 infestior
1142 2226 1219 2262 hoc
1254 2237 1364 2261 anno
1398 2238 1517 2273 quam
1538 2225 1588 2264 16

97 2294 242 2331 Africae
268 2294 352 2338 fuit,
379 2294 476 2343 quid
501 2295 636 2330 dicere
661 2299 793 2343 potes,
819 2307 887 2331 cur
912 2300 950 2330 te
968 2295 1221 2343 potissimum
1242 2296 1387 2332 ducem
1407 2294 1518 2331 Han-

99 2366 220 2402 nibali
237 2365 343 2402 hosti
362 2364 647 2414 opponamus?
680 2365 719 2401 Si
738 2365 879 2401 consul
895 2377 1019 2410 esses,
1040 2366 1280 2402 dictatorem
1297 2367 1515 2403 dicendum
1536 2364 1585 2404 17

99 2436 284 2485 exemplo
308 2436 504 2472 maiorum
530 2441 759 2472 nostrorum
784 2447 1054 2480 censeremus,
1083 2448 1159 2473 nec
1183 2442 1224 2472 tu
1248 2437 1290 2472 id
1315 2437 1516 2485 indignari

99 2518 255 2555 posses,
295 2506 470 2554 aliquem
507 2506 547 2542 in
588 2507 745 2542 civitate
779 2506 965 2542 Romana
998 2507 1204 2543 meliorem
1239 2507 1344 2542 bello
1380 2507 1515 2542 haberi

99 2588 219 2624 quam
251 2582 303 2613 te.
366 2576 498 2624 Magis
531 2576 674 2613 nullius
706 2577 873 2613 interest
902 2590 1021 2624 quam
1048 2582 1127 2621 tua,
1163 2577 1211 2612 T.
1239 2576 1397 2621 Otacili,
1434 2589 1516 2613 non

98 2646 251 2695 imponi
277 2646 494 2684 cervicibus
519 2648 595 2683 tuis
620 2659 736 2692 onus,
763 2648 835 2684 sub
861 2659 941 2695 quo
967 2648 1176 2684 concidas.
1231 2647 1322 2695 Ego
1347 2660 1516 2696 magno-
1536 2646 1585 2686 18

1167 2712 1232 2746 12*
