1789 2955
275 93 351 130 112
659 88 772 122 Liber
797 86 966 121 XXVII.
1014 86 1075 130 (A.
1102 98 1135 121 11.
1162 97 1190 120 c.
1217 86 1312 127 547.)

271 221 358 255 atus
390 218 552 266 paratos
584 215 704 252 militi
734 215 783 252 ad
820 214 1059 252 vescendum
1099 214 1140 251 in
1179 214 1283 251 viam
1315 213 1533 259 deferrent,
1581 225 1702 262 equos

273 289 528 337 iumentaque
546 287 627 324 alia
643 287 922 336 producerent,
952 290 997 323 ut
1022 285 1296 323 vehiculorum
1327 284 1441 323 fessis
1459 284 1574 333 copia
1591 287 1703 321 esset.

196 362 241 397 11
267 359 361 409 Ipse
394 358 443 396 de
473 361 558 396 toto
591 359 769 396 exercitu
787 359 933 397 civium
954 359 1245 406 sociorumque,
1278 356 1385 406 quod
1416 355 1571 393 roboris
1603 358 1701 405 erat,

271 431 430 480 delegit,
448 444 515 468 sex
532 430 662 468 millia
678 430 869 480 peditum,
895 431 1005 468 mille
1023 429 1198 479 equites;
1229 428 1476 478 pronuntiat,
1507 439 1703 476 occupare

271 516 311 540 se
345 503 385 540 in
415 502 591 540 Lucanis
621 502 842 551 proximam
874 502 1011 539 urbem
1028 501 1310 550 Punicumque
1340 500 1381 537 in
1409 512 1454 536 ea
1472 498 1704 548 praesidium

200 578 249 614 12
270 575 391 620 velle;
421 576 466 611 ut
497 573 545 610 ad
577 573 653 611 iter
684 574 815 623 parati
846 587 980 611 omnes
1015 577 1154 610 essent.
1207 572 1419 611 Profectus
1449 574 1564 608 nocte
1594 569 1706 608 flexit

269 645 309 683 in
340 645 545 683 Picenum.

386 717 439 755 Et
471 718 610 755 consul
641 717 814 767 quidem,
847 717 1007 767 quantis
1038 715 1219 754 maximis
1236 715 1452 752 itineribus
1468 717 1637 764 poterat,
1655 713 1706 751 ad

272 789 468 839 collegam
501 789 684 839 elucebat,
717 790 857 827 relicto
875 789 923 836 Q.
948 788 1064 826 Catio
1082 788 1228 836 legato,
1259 788 1329 837 qui
1348 786 1488 825 castris
1504 788 1705 836 praeesset.

121 862 181 910 44
270 860 410 898 Romae
427 861 535 899 haud
553 861 683 899 minus
699 862 865 899 terroris
882 874 926 899 ac
943 861 1141 898 tumultus
1153 863 1249 906 erat,
1262 872 1380 909 quam
1397 860 1526 896 fuerat
1543 858 1705 894 biennio

271 937 374 981 ante,
384 947 504 983 quum
517 937 647 971 castra
658 933 813 970 Punica
825 933 980 971 obiecta
990 932 1183 970 Romanis
1194 931 1391 970 moenibus
1403 930 1611 982 portisque
1624 930 1704 966 fue-

270 1009 371 1043 rant.
402 1005 541 1055 Neque
559 1005 657 1043 satis
675 1005 883 1043 constabat
900 1005 1054 1052 animis,
1079 1008 1160 1042 tam
1186 1003 1316 1042 audax
1334 1004 1410 1042 iter
1427 1003 1602 1041 consulis
1619 1002 1704 1040 lau-

228 1082 250 1117 2
272 1077 415 1114 darent
424 1077 768 1127 vituperarentne3
782 1076 1011 1127 apparebat,
1024 1090 1102 1126 quo
1113 1077 1217 1113 nihil
1233 1076 1410 1125 iniquius
1422 1078 1491 1122 est,
1504 1089 1551 1113 ex
1562 1078 1706 1113 eventu

271 1150 416 1186 famam
447 1149 696 1186 habiturum:
737 1149 880 1187 Castra
911 1162 1035 1199 prope
1065 1148 1335 1186 Hannibalem
1379 1148 1534 1186 hostem
1563 1147 1707 1185 relicta

272 1221 358 1258 sine
378 1221 489 1268 duce,
507 1235 595 1258 cum
616 1221 809 1267 exercitu,
829 1221 893 1258 cui
912 1221 1133 1258 detractum
1150 1222 1254 1257 foret
1271 1234 1397 1265 omne,
1418 1219 1522 1270 quod
1538 1220 1707 1266 roboris,

271 1293 379 1343 quod
396 1293 506 1331 floris
523 1293 664 1340 fuerit3
684 1296 724 1330 et
741 1293 941 1330 consulem
970 1292 1012 1329 in
1036 1292 1219 1330 Lucanos
1238 1293 1456 1330 ostendisse
1474 1292 1562 1339 iter,
1585 1304 1707 1341 quum

227 1369 249 1406 3
272 1365 463 1403 Picenum
482 1368 522 1402 et
539 1364 714 1403 Galliam
730 1367 895 1414 peteret,
926 1368 1056 1402 castra
1086 1364 1379 1414 relinquentem
1409 1365 1523 1402 nulla
1554 1364 1635 1401 alia
1664 1377 1707 1401 re

271 1438 423 1476 tutiora
454 1451 572 1487 quam
614 1451 747 1474 errore
789 1436 927 1484 hostis,
959 1437 1028 1486 qui
1059 1436 1198 1474 ducem
1231 1437 1323 1474 inde
1354 1440 1474 1487 atque
1507 1436 1707 1473 exercitus

231 1512 425 1560 4partem
473 1509 601 1546 abisse
656 1509 870 1558 ignoraret.
931 1508 1041 1555 Quid
1086 1509 1273 1555 futurum,
1326 1509 1360 1546 si
1416 1508 1458 1545 id
1503 1507 1709 1558 palamfiat

272 1585 311 1618 et
341 1584 410 1619 aut
440 1581 599 1630 insequi
631 1581 830 1619 Neronem
869 1593 957 1617 cum
997 1593 1067 1618 sex
1098 1581 1281 1618 millibus
1328 1582 1570 1618 armatorum
1615 1593 1706 1629 pro-

272 1654 418 1691 fectum
435 1653 645 1690 Hannibal
661 1656 747 1690 toto
766 1652 945 1690 exercitu
977 1652 1077 1690 velit
1108 1657 1177 1690 aut
1203 1656 1332 1691 castra
1355 1653 1545 1690 invadere
1562 1652 1707 1702 praedae

232 1728 254 1764 5
273 1725 427 1772 relicta,
460 1725 544 1763 sine
575 1725 754 1772 viribus,
801 1725 886 1762 sine
918 1724 1109 1774 imperio,
1150 1725 1235 1762 sine
1267 1724 1476 1775 auspicio?
1537 1724 1706 1762 Veteres

273 1798 356 1835 eius
388 1797 488 1835 belli
519 1797 665 1844 clades,
697 1797 775 1834 duo
808 1797 989 1834 consules
1007 1796 1192 1846 proximo
1219 1810 1323 1834 anno
1349 1796 1553 1834 interfecti
1581 1800 1706 1834 terre·

272 1869 390 1907 bant:
438 1873 476 1907 et
508 1883 554 1907 ea
600 1869 733 1907 onmia
765 1869 974 1916 accidisse,
1021 1882 1143 1918 quum
1188 1882 1290 1907 unus
1337 1869 1573 1919 imperator,
1604 1882 1706 1906 unus

274 1942 473 1979 exercitus
505 1941 680 1979 hostium
725 1941 767 1978 in
797 1941 920 1978 Italia
966 1944 1089 1987 esset3
1134 1953 1238 1978 nunc
1286 1940 1363 1979 duo
1410 1941 1519 1978 bella
1550 1940 1706 1978 Punica

272 2016 394 2063 facta,
428 2013 526 2051 duos
572 2014 754 2063 ingentes
801 2013 1020 2060 exercitus,
1065 2012 1164 2050 duos
1209 2026 1334 2063 prope
1373 2012 1626 2050 Hannibales
1665 2011 1707 2049 in

233 2089 254 2125 6
273 2087 396 2124 Italia
427 2099 524 2123 esse.
575 2085 735 2136 Quippe
766 2088 804 2122 et
835 2084 1132 2122 Hasdrubalem
1164 2088 1276 2135 patre
1309 2084 1446 2123 eodem
1478 2085 1707 2122 Hamilcare

274 2159 468 2208 genitum,
515 2170 626 2207 aeque
658 2157 873 2207 impigrum
906 2157 1055 2204 ducem,
1086 2171 1157 2207 per
1187 2159 1249 2195 tot
1279 2170 1403 2195 annos
1434 2157 1474 2194 in
1506 2157 1708 2206 Hispania

274 2231 453 2268 Romano
480 2229 742 2267 exercitatum
765 2229 885 2277 bello,
916 2229 1076 2279 gemina
1105 2229 1278 2268 victoria
1311 2229 1522 2278 insignem,
1553 2228 1708 2266 duobus

231 2306 251 2340 7
276 2302 519 2341 exercitibus
569 2315 657 2339 cum
703 2302 935 2339 clarissimis
976 2294 1152 2339 ducibus'
1193 2300 1346 2338 deletis.
1406 2301 1506 2339 Nam
1553 2300 1708 2338 itineris

274 2375 437 2425 quidem
470 2373 674 2412 celeritate
705 2387 752 2410 ex
784 2373 989 2423 Hispania
1021 2376 1059 2411 et
1089 2372 1299 2410 concitatis
1331 2372 1381 2410 ad
1413 2386 1522 2410 arma
1539 2370 1708 2409 Gallicis

276 2447 463 2496 gentibus
495 2447 619 2484 multo
652 2446 778 2495 magis
798 2458 915 2495 quam
933 2445 1206 2482 Hannibalem
1239 2444 1368 2494 ipsum
1386 2444 1552 2493 gloriari
1576 2456 1707 2493 posse;

227 2520 252 2557 8
270 2519 419 2569 quippe
452 2519 492 2555 in
512 2518 562 2557 iis
580 2518 677 2556 locis
694 2518 799 2555 hunc
816 2518 991 2567 coegisse
1009 2517 1241 2564 exercitum,
1273 2516 1415 2566 quibus
1434 2516 1503 2553 ille
1520 2515 1708 2552 maiorem

275 2595 428 2641 partem
446 2590 618 2627 militum
649 2590 752 2628 fame
783 2603 827 2627 ac
859 2590 1023 2638 frigore,
1055 2601 1141 2638 quae
1159 2589 1382 2627 miserrima
1398 2587 1537 2625 mortis
1564 2599 1709 2636 genera

229 2663 362 2709 9sint,
393 2662 602 2701 amisisset.
674 2661 938 2699 Adiiciebant
985 2661 1105 2699 etiam
1151 2661 1274 2711 periti
1320 2674 1454 2698 rerum
1485 2658 1708 2709 Hispaniae,
