1768 2943
737 112 800 142 XV

63 232 106 262 ad
130 229 241 273 legit.)
267 229 289 263 S
315 240 415 271 quam
442 230 524 260 urbe
551 240 569 259 e
592 229 676 259 coni.
705 230 898 262 Riemannz'
927 227 1046 271 (Codd.
1069 233 1201 269 praeter
1222 230 1261 267 P,
1288 231 1402 260 Drak.
1429 230 1473 260 In

63 291 96 321 P
117 293 189 321 est:
227 299 326 330 quam
353 288 388 320 in
409 288 506 319 urbe.
557 288 817 328 Praepositiom's
843 288 1059 318 omissionem
1085 299 1170 318 usus
1194 289 1290 318 Livii
1313 287 1474 330 respuit.)

63 348 84 382 9
110 348 222 379 mirari
249 358 296 386 se,
325 344 486 391 [quodne]
515 346 571 387 qui
597 346 676 384 dux,
696 371 703 377 .
724 371 730 377 .
752 371 777 384 .‚
797 351 829 377 et
856 346 944 377 diem
967 356 1101 388 quoque
1120 347 1180 388 (H.
1198 347 1235 376 F.
1252 347 1474 378 Zachariaeus

63 407 241 437 lenissima
267 407 476 437 correctione
500 407 710 436 sententiam
737 406 900 436 restituit.
937 406 1049 436 Varro
1076 416 1121 443 se,
1148 416 1214 446 quo
1239 407 1394 448 primum
1421 406 1475 436 die

62 465 192 496 hostem
219 466 373 503 vidisset,
400 465 638 506 conflicturum
664 466 815 503 dc'xerat,
851 465 962 505 ipsum
995 465 1085 495 diem
1118 475 1187 495 non
1208 464 1475 506 praefiniverat;

62 524 122 566 qui
146 524 235 555 enim
257 527 402 564 poterat
427 527 498 554 tam
525 524 671 554 stolidus
693 525 784 554 esse?
810 523 954 561 Paulus,
982 525 1104 554 acerbe
1118 523 1473 565 superbiloquentiam

63 583 135 613 eius
161 584 326 620 irridens,
365 584 585 624 quaesc'verat,
624 582 756 623 quidni,
795 583 856 624 qui
880 586 991 613 cetera
1026 583 1060 613 in
1084 583 1228 625 futuris
1260 582 1411 613 consiliis
1444 586 1477 612 et

62 641 240 673 eventibus
260 641 376 682 posita
404 646 474 672 tam
501 646 591 672 certo
616 643 829 682 praedz'ceret‚
869 643 972 672 etiam
1011 642 1122 682 ipsum
1158 643 1349 682 pugnandi
1385 643 1474 672 diem

58 702 281 742 praestz'tuere
301 702 494 740 potuisset‚·
526 702 675 731 eiusdem
703 700 792 731 enim
814 701 1012 740 prudentia>
1037 702 1095 731 vel
1117 701 1274 731 stultitiae
1292 704 1476 742 utrumque

62 770 144 790 esse.
198 760 385 792 Sententz'ae
411 760 510 791 initio
537 764 699 800 corrupto
726 760 883 790 additum
911 764 961 790 est
986 766 1028 790 et.
1075 759 1298 791 Coniecturas
1324 761 1475 791 aliorum

62 819 230 862 refellere
266 819 360 850 nihil
389 824 474 861 opus
494 818 586 862 ⁴est.)
628 819 630 849 i
673 817 820 862 (togatus
847 819 942 850 lllur.
977 823 1046 858 pro
1073 818 1217 861 locatus)
1257 818 1300 852 13
1334 819 1391 861 (Et
1418 830 1477 850 sua

63 882 186 918 sponte
218 882 288 918 pro
314 877 353 908 Id
379 888 404 908 s.
433 888 458 909 5.
491 876 614 920 Gron.)
648 879 808 916 XXXIX,
841 878 862 910 2
895 876 1043 920 (fideque
1070 879 1139 908 Iac.
1168 879 1277 909 Periz
1299 883 1369 919 pro
1398 878 1476 921 fide)

62 936 84 970 3
109 935 303 979 (claudente
329 948 364 968 re
391 937 526 977 publica
547 938 621 968 Uss.
638 939 716 968 Em.
743 941 822 971 304.
839 938 873 968 P
890 937 1025 968 claudet
1053 937 1132 978 reip.
1160 938 1362 969 Edebatur:
1389 939 1475 968 clau

62 996 119 1027 det
145 1007 199 1027 res
223 996 371 1037 publica,
399 996 497 1027 malis
523 996 599 1038 cet.)
623 996 644 1030 4
672 1001 705 1027 et
729 997 751 1030 5
777 1002 911 1028 maneat
939 1000 980 1033 te,
1008 1007 1081 1027 cum
1109 1000 1147 1027 tu
1173 1007 1248 1027 cum
1276 997 1387 1027 illo..
1410 997 1476 1027 ,sis

63 1060 261 1093 certaturus,
289 1062 322 1086 et
348 1056 536 1087 adversus.
557 1081 563 1086 .
585 1056 830 1098 ,pugnandum
857 1056 917 1086 tibi
945 1056 998 1093 sit,
1013 1056 1146 1086 Varro.
1168 1081 1174 1086 .
1196 1062 1255 1086 ,te
1281 1056 1322 1086 sit
1350 1066 1476 1097 oppug<

63 1119 210 1146 naturus.
263 1113 312 1157 (P
332 1120 463 1146 maneat
489 1120 522 1146 et
549 1125 624 1145 cum
648 1140 654 1145 .
678 1139 684 1146 .
707 1140 713 1146 .
734 1115 943 1156 temporibus
970 1115 996 1145 si
1023 1120 1210 1146 certaturus
1238 1121 1287 1146 est
1314 1116 1477 1145 adversus

64 1197 70 1204 .
92 1197 99 1204 .
122 1198 129 1204 .
151 1174 370 1215 pugnandum
398 1173 459 1204 tibi
485 1174 526 1204 sit
553 1174 661 1204 Varro
685 1199 691 1204 .
714 1198 721 1204 .
744 1198 750 1204 .
773 1178 805 1205 te
832 1174 873 1204 sit
899 1184 1048 1215 oppugn.
1076 1174 1155 1204 Em.
1182 1177 1251 1208 249
1279 1186 1310 1205 n.
1346 1175 1393 1205 Ut
1418 1185 1478 1205 nos

63 1233 189 1271 Drak.,
216 1233 286 1263 nisi
310 1234 400 1274 quod
424 1238 457 1263 te
478 1237 561 1273 post
585 1237 717 1264 maneat
745 1233 882 1270 omittit,
910 1237 991 1263 ante
1010 1233 1169 1264 adversus
1184 1234 1284 1264 addit
1308 1235 1366 1269 et.)
1393 1234 1413 1266 9
1432 1232 1476 1275 (et

63 1301 127 1333 ego
154 1293 204 1323 ed.
232 1292 336 1323 Frob.
365 1294 479 1327 1531;
504 1292 538 1322 P
558 1296 592 1322 et
615 1293 730 1322 Drak.
759 1297 791 1322 ut
818 1291 897 1334 ego)
925 1291 968 1324 14
994 1292 1179 1333 (absumpti
1205 1293 1344 1323 Heerw.
1365 1293 1399 1322 P
1420 1293 1477 1322 al)-

62 1351 188 1382 sumsit.
217 1352 331 1382 Drak,
359 1351 465 1381 fames
492 1361 523 1391 q.
551 1351 675 1382 ferrum
701 1350 903 1393 absumpsit)
932 1351 976 1384 16
1002 1352 1170 1382 moenibus
1195 1353 1306 1382 sedet?
1335 1352 1402 1382 Sed
1435 1362 1477 1382 ne

63 1410 139 1441 adv.
167 1409 306 1453 (Valla.
340 1409 457 1448 Codd.v
484 1411 598 1441 Drak.
633 1411 821 1441 moenibus?
848 1410 916 1441 Sed
942 1421 985 1441 ne
1011 1409 1104 1452 adv.)
1135 1409 1137 1453 J
1166 1409 1318 1453 (quidem
1352 1411 1394 1441 de
1427 1421 1478 1441 me

66 1469 239 1510 gloriabor
264 1470 379 1500 Alsch.
406 1480 423 1499 e
449 1469 496 1500 P:
521 1469 657 1510 quidem
686 1470 888 1511 egloriabor.
922 1471 1036 1500 Drak.
1056 1470 1191 1511 quidem
1210 1480 1274 1510 ego
1293 1468 1479 1511 gloriabor)

69 1527 110 1561 17
137 1527 312 1571 (Servilius
339 1529 531 1564 Luchsius‚·
555 1530 650 1560 codd.
678 1539 709 1570 p.
738 1529 901 1560 servilius.
937 1529 1139 1560 Edebatur:
1165 1529 1227 1559 Cn.
1257 1527 1443 1571 Servilius.)
1473 1527 1475 1571 j

66 1583 171 1627 (cives
187 1586 453 1619 tibiDouiatius
479 1592 513 1618 et
538 1588 619 1618 Lov.
647 1590 691 1623 3‚·
717 1588 885 1625 P,Drak.
913 1588 1004 1618 cives
1030 1586 1108 1630 sibi)
1136 1587 1179 1620 18
1207 1587 1296 1629 (Mg.
1312 1589 1390 1619 Em.
1410 1590 1478 1621 305

67 1642 116 1685 n.)
144 1644 186 1678 19
213 1656 408 1687 numquam:
435 1647 580 1688 gloriam
607 1648 663 1688 qui
689 1657 757 1688 spr.
785 1645 912 1689 (Adur.)
945 1646 986 1678 ‘21
1023 1645 1162 1688 (suadeo
1193 1648 1372 1687 supplevit
1404 1647 1477 1688 illg.

68 1703 210 1735 Priores
235 1715 357 1737 moneo
383 1705 624 1748 addiderant.)
656 1707 729 1743 XL,
756 1705 777 1739 3
803 1704 877 1748 (Sed
904 1705 932 1736 Si
958 1706 1034 1746 Mg.
1062 1716 1078 1735 e
1105 1706 1150 1736 P:
1178 1706 1249 1737 etsi.
1277 1707 1479 1736 Edebatur:

67 1767 99 1793 at
125 1761 179 1805 si.)
205 1762 226 1796 4
254 1764 438 1805 dignitates
465 1766 623 1797 deessent
641 1765 730 1808 (Mg.
751 1766 829 1796 Em.
845 1768 923 1798 305.
970 1765 1071 1803 Quod
1095 1766 1192 1795 video
1219 1765 1388 1795 advocari
1410 1764 1477 1795 Cic.

75 1819 175 1855 Orat.
202 1824 258 1860 89,
286 1824 388 1864 longe
414 1825 516 1855 aliud
539 1829 592 1856 est
611 1825 705 1866 parci
738 1824 957 1865 dignitatibus
983 1823 1166 1861 hominum,
1195 1824 1296 1853 aliud
1313 1825 1405 1864 ipsos
1422 1825 1478 1854 ho—

67 1879 176 1911 mines
200 1881 380 1922 dignitates
398 1885 586 1923 appellari.
620 1884 739 1923 Quint.
755 1884 820 1922 XI,
844 1886 874 1921 1,
890 1886 934 1917 67
954 1884 1048 1917 codd,
1075 1882 1314 1924 subtrahunt.)
1343 1883 1437 1920 XLI,
1459 1882 1480 1915 6

68 1937 208 1981 (ferente
235 1951 349 1972 secum
375 1942 492 1981 milite,
519 1949 630 1975 castra
664 1943 791 1981 Weiss.‚
819 1953 1029 1984 quamquam
1057 1942 1176 1973 ferenti
1202 1942 1351 1981 sempsit.
1380 1942 1414 1971 P
1436 1941 1478 1972 fe-

67 1998 171 2030 rentis
196 2009 310 2031 secum
337 2001 458 2033 milites
485 2009 602 2033 castra.
630 2003 744 2033 Drak.
772 2002 917 2033 ferentes
945 2011 1058 2032 secum
1096 2001 1217 2032 milites
1251 2001 1398 2039 ducens,
1426 2012 1478 2032 ca-

69 2056 150 2099 stra)
177 2058 196 2092 7
221 2058 299 2100 (per
325 2061 513 2093 convallem
539 2061 686 2092 mediam
712 2062 788 2102 Mg.
815 2061 893 2092 Em.
927 2063 1005 2094 306.
1041 2060 1074 2090 P
1093 2071 1153 2102 per
1179 2061 1386 2092 cornuallem
1414 2072 1479 2092 me-

69 2117 159 2148 dium
185 2128 326 2151 amnem.
367 2121 480 2151 Drak.
519 2131 582 2161 per
608 2120 808 2158 convallem,
847 2119 992 2151 medium
1030 2118 1167 2161 agmen)
1204 2119 1312 2157 XLII,
1346 2119 1368 2152 2
1395 2121 1477 2162 (tum

69 2177 148 2208 satis
175 2178 208 2208 P
229 2183 314 2210 teste
338 2179 496 2210 Luchsz'o.
512 2180 725 2219 ¹Ea’ebatur:
750 2180 816 2210 iam
844 2177 952 2220 satis.)
977 2178 999 2211 3
1026 2176 1132 2220 (Fuit,
1159 2179 1220 2219 qui
1244 2180 1286 2210 de
1310 2180 1344 2212 h.
1372 2181 1393 2210 l.
1422 2181 1479 2210 du-

69 2236 197 2268 bitaret
221 2241 255 2268 et
278 2239 431 2279 protinus
450 2239 570 2279 potius
590 2243 673 2279 post
696 2239 920 2279 ducerentque
951 2239 1150 2278 ponendum
1174 2239 1295 2280 fm‘sse
1324 2243 1479 2279 putaret.

72 2296 149 2333 Sed,
176 2298 267 2338 quod
290 2299 442 2329 nondum
469 2300 567 2329 video
594 2301 812 2335 annotatum,
839 2297 992 2338 protinus
1009 2297 1100 2338 fieri
1124 2298 1220 2337 apud
1236 2297 1375 2328 Livium
1402 2297 1479 2328 dici-

71 2358 138 2393 tur,
165 2357 258 2396 quod
281 2357 429 2388 alterius
455 2357 599 2388 actionis
625 2368 665 2388 ac
690 2360 801 2387 motus
828 2360 944 2387 tenore
971 2352 1039 2386 non
1067 2356 1264 2396 interrupto
1290 2357 1398 2387 simul
1412 2357 1481 2398 fit:

70 2418 275 2456 unterwegs.
336 2416 411 2447 Vid.
439 2415 578 2453 XXIV,
606 2418 661 2453 48,
697 2419 756 2453 10,
790 2415 958 2452 XXVII,
991 2416 1023 2452 4,
1050 2418 1082 2452 9,
1109 2415 1292 2452 XXVIII,
1320 2418 1374 2451 13,
1401 2417 1421 2447 4
1449 2420 1482 2445 et

74 2476 126 2511 16,
154 2476 208 2512 10,
235 2475 374 2512 XXIX,
404 2478 456 2512 11,
484 2478 522 2512 5,
557 2475 616 2505 ubi
639 2475 731 2504 male
757 2477 951 2504 enarratur
981 2474 1089 2503 «olene
1114 2474 1186 2504 st'clz
1212 2474 1478 2516 auszuhaltetu,

71 2533 146 2570 XL,
172 2536 228 2572 26,
255 2536 286 2571 6,
313 2534 409 2571 XLI,
437 2537 468 2571 5,
496 2532 543 2575 9.)
571 2536 591 2567 6
618 2533 651 2564 in
677 2533 807 2564 hostem
834 2532 924 2575 (Pet
944 2532 971 2562 C
993 2543 1034 2563 m.
1054 2535 1071 2565 1
1100 2532 1178 2563 adin
1204 2533 1345 2563 hostem.
1365 2532 1480 2566 Cm.2

71 2591 104 2622 in
130 2590 278 2634 hostem)
306 2591 431 2630 XLIII,
471 2591 492 2625 9
530 2591 585 2635 (ex
612 2592 692 2622 add.
720 2591 915 2632 Luchsius.)
952 2591 991 2624 11
1026 2591 1150 2632 (offuso
1191 2591 1319 2622 Walch.
1361 2591 1478 2629 codd„

75 2650 186 2681 Drak.
214 2650 335 2692 effuso)
372 2650 494 2688 XLIV,
522 2650 539 2683 1
561 2649 605 2693 (et
625 2651 658 2681 in
677 2661 794 2691 consp.
826 2652 933 2681 Gron.
961 2650 994 2680 P
1015 2655 1048 2680 ut
1075 2650 1107 2680 in
1136 2659 1253 2689 consp.
1285 2650 1394 2680 Drak.
1423 2649 1479 2680 ubi
