1789 2955
492 95 609 129 Liber
633 93 822 131 XXVIII.
873 95 934 138 (A.
962 94 1026 129 Oh.
1051 95 1149 139 206.)
1458 99 1537 136 163

107 238 192 262 eam
224 224 341 271 muri,
375 236 454 274 qua
486 225 604 273 capta
629 222 829 271 Carthago
860 222 909 259 ab
926 222 1120 260 Romanis
1144 223 1284 269 fuerat,
1315 222 1437 269 ducit,
1468 235 1541 260 nec

103 295 292 346 praesidio
326 295 419 333 satis
450 295 587 333 valido
618 295 756 332 urbem
786 294 917 331 teneri
949 297 1058 331 ratus
1085 297 1124 331 et
1147 294 1303 343 aliquos
1321 294 1540 344 oppidano·

102 381 190 405 rum
244 367 294 404 ad
349 380 459 417 spem
514 366 691 405 novandi
743 379 807 404 res
860 366 1015 416 aliquid
1075 370 1264 404 moturos.
1356 365 1541 403 Ceterum
1560 366 1582 402 6

103 439 234 476 nuntii
280 453 328 476 ex
374 439 483 488 agris
528 439 678 488 trepidi
723 438 841 475 simul
895 438 1197 487 populationem
1243 437 1540 488 agrestiumque

109 511 246 560 fugam
282 513 321 548 et
350 511 523 548 hostium
541 511 755 548 adventum
780 510 1010 557 attulerant,
1042 513 1081 547 et
1107 510 1192 548 visa
1215 509 1390 546 interdiu
1408 510 1546 547 classis
1567 510 1588 546 7

105 586 201 630 erat,
232 596 304 620 nec
330 583 414 620 sine
443 595 560 621 causa
587 583 754 620 electam
781 584 873 619 ante
898 582 1037 618 urbem
1063 582 1274 619 stationem
1300 582 1539 631 apparebat;

105 655 242 705 itaque
267 655 455 692 instructi
487 655 710 704 armatique
743 654 849 691 intra
873 656 1028 703 portam
1062 653 1111 691 ad
1144 657 1327 702 stagnum
1359 667 1404 691 ac
1436 667 1542 690 mare

105 739 261 764 versam
294 726 618 764 continebantur.
674 726 755 764 Ubi
788 724 901 762 effusi
931 724 1077 773 hostes,
1108 726 1231 763 mixta
1263 726 1368 763 inter
1399 726 1589 763 militesS

107 798 261 836 navalis
291 798 422 845 turba,
456 798 506 835 ad
537 811 671 836 muros
702 798 878 834 tumultu
923 797 1071 834 maiore
1104 811 1221 847 quam
1252 798 1292 835 vi
1323 798 1542 847 subierunt,

107 870 310 920 patefacta
326 873 493 920 repente
521 873 639 919 porta
654 869 829 907 Romani
850 882 936 906 cum
962 869 1134 906 clamore
1161 873 1386 919 erumpunt,
1409 870 1546 907 turba·
1567 870 1590 905 9

105 944 249 992 tosque
281 943 414 980 hostes
447 945 486 979 et
517 941 567 979 ad
598 942 769 992 primum
803 941 1006 977 incursum
1040 941 1342 990 coniectumque
1371 941 1543 978 telorum

107 1027 266 1052 aversos
297 1027 423 1063 usque
455 1014 505 1051 ad
536 1014 632 1051 litus
666 1027 755 1051 cum
785 1013 911 1050 multa
957 1012 1064 1049 caede
1097 1016 1416 1062 persequuntur3
1464 1026 1546 1059 nec,
1570 1012 1619 1049 10

106 1086 184 1122 nisi
229 1099 349 1124 naves
395 1086 510 1123 litori
555 1086 734 1136 appulsae
779 1085 959 1136 trepidos
991 1084 1255 1134 accepissent,
1287 1085 1547 1134 superfuisset

105 1157 210 1207 fugae
257 1161 326 1195 aut
371 1170 514 1207 pugnae
561 1158 784 1207 quisquam.
861 1157 907 1194 In
954 1156 1054 1206 ipsis
1104 1169 1262 1205 quoque
1307 1156 1619 1206 trepidatumll

105 1229 275 1266 navibus
307 1232 380 1280 est,
414 1229 519 1276 dum,
549 1243 598 1266 ne
629 1229 762 1266 hostes
789 1243 877 1266 cum
902 1228 983 1266 suis
1007 1228 1128 1265 simul
1154 1228 1434 1278 irrumperent,
1465 1230 1545 1265 tra-

105 1300 207 1338 hunt
237 1301 364 1339 scalas
410 1314 580 1351 orasque
613 1304 653 1338 et
684 1313 860 1348 ancoras,
892 1314 940 1337 ne
973 1300 1014 1337 in
1055 1300 1257 1337 moliendo
1288 1313 1400 1337 mora
1432 1302 1546 1346 esset,

106 1371 356 1422 praecidunt3
388 1373 585 1423 multique
617 1375 809 1410 annantes
841 1373 1026 1420 navibus,
1058 1372 1212 1410 incerto
1245 1385 1327 1422 prae
1359 1372 1547 1419 tenebris,
1569 1372 1618 1408 12

109 1444 209 1494 quid
241 1448 311 1482 aut
342 1449 528 1495 peterent
559 1448 629 1482 aut
644 1445 833 1492 vitarent,
863 1444 965 1482 foede
992 1444 1242 1482 interierunt.
1288 1444 1458 1482 Postero
1487 1444 1553 1481 die
1575 1445 1624 1481 13

107 1530 228 1566 quum
260 1517 401 1555 classis
432 1518 525 1554 inde
556 1521 663 1554 retro
697 1517 747 1553 ad
773 1516 988 1563 Oceanum,
1018 1516 1123 1553 unde
1154 1519 1332 1565 venerat,
1366 1516 1547 1566 fugisset,

107 1588 157 1625 ad
189 1589 442 1638 octingentos
472 1589 652 1627 homines
685 1589 775 1626 caesi
807 1588 911 1626 inter
940 1602 1097 1626 murum
1129 1589 1304 1638 litusque
1330 1592 1369 1626 et
1395 1588 1444 1626 ad
1470 1588 1547 1626 duo

108 1660 237 1698 millia
268 1675 469 1699 armorum
500 1661 674 1699 inventa.

221 1732 344 1782 Mago
377 1747 499 1783 quum
517 1733 650 1770 Gades
676 1733 902 1783 repetisset,
934 1733 1117 1770 exclusus
1147 1732 1252 1779 inde,
1285 1732 1334 1769 ad
1367 1731 1549 1770 Cimbios
1638 1729 1688 1777 37

108 1805 231 1852 (haud
263 1805 405 1855 procul
437 1819 459 1842 a
495 1804 676 1843 Gadibus
717 1805 751 1842 is
786 1806 897 1842 locus
929 1805 1058 1855 abest)
1092 1805 1216 1842 classe
1248 1804 1427 1854 appulsa,
1458 1805 1548 1842 mit-

108 1877 240 1914 tendis
286 1877 431 1926 legatis
478 1878 780 1927 querendoque,
828 1877 935 1927 quod
980 1880 1106 1927 portae
1153 1877 1230 1914 sibi
1276 1876 1383 1913 socio
1429 1879 1548 1926 atque

108 1949 236 1986 amico
270 1949 414 1986 clausae
445 1949 586 1997 forent,
618 1949 885 1999 purgantibus
917 1949 988 1996 iis,
1034 1948 1310 1986 multitudinis
1357 1963 1552 1986 concursu
1571 1951 1593 1986 2

109 2021 272 2069 factum,
303 2022 458 2059 infestae
490 2022 540 2059 ob
572 2021 730 2071 direpta
749 2021 930 2071 quaedam
962 2021 1011 2058 ab
1038 2020 1396 2058 conscendentibus
1428 2034 1549 2059 naves

112 2093 323 2140 militibus,
357 2093 407 2130 ad
439 2094 684 2143 colloquium
724 2094 870 2131 sufetes
911 2106 1059 2140 eorum,
1105 2093 1175 2142 qui
1208 2106 1381 2130 summus
1411 2093 1549 2131 Poenis

113 2168 173 2202 est
204 2165 474 2214 magistratus,
492 2179 580 2203 cum
598 2168 794 2215 quaestore
827 2165 977 2212 elicuit,
1008 2166 1284 2215 laceratosque
1314 2164 1551 2203 verberibus

112 2237 223 2273 cruci
243 2236 508 2286 affigiiussit3
542 2238 635 2275 inde
660 2237 829 2275 navibus
863 2237 912 2275 ad
944 2237 1153 2286 Pityusam
1192 2237 1366 2275 insulam
1398 2240 1554 2274 centum
1575 2238 1597 2273 3

114 2308 246 2346 millia
277 2310 399 2346 ferme
432 2324 454 2347 a
485 2310 704 2347 continenti
722 2309 860 2362 (Poeni
885 2312 968 2346 tum
993 2324 1077 2348 eam
1102 2309 1346 2360 incolebant)
1377 2309 1549 2346 traiecit.

121 2380 266 2430 Itaque
301 2381 441 2418 classis
472 2381 578 2418 bona
623 2395 710 2418 cum
742 2395 838 2431 pace
879 2386 1041 2432 accepta
1081 2385 1152 2429 est,
1200 2395 1271 2419 nec
1317 2381 1599 2419 commeatus4

117 2452 234 2490 modo
266 2453 438 2503 benigne
468 2454 639 2504 praebiti,
672 2453 741 2491 sed
773 2454 814 2490 in
846 2454 1163 2504 supplementum
1198 2453 1334 2490 classis
1367 2454 1551 2491 iuventus

116 2538 305 2574 armaque
351 2526 465 2572 data3
513 2539 680 2575 quorum
727 2526 874 2563 fiducia
905 2526 1053 2563 Poenus
1100 2526 1139 2561 in
1172 2524 1355 2562 Baliares
1402 2525 1552 2562 insulas

115 2596 428 2646 (quinquaginta
444 2597 537 2634 inde
555 2598 683 2635 millia
700 2598 860 2646 absunt)
878 2598 1110 2634 transmisit.
1143 2597 1246 2634 Duae
1264 2599 1356 2633 sunt
1372 2596 1556 2634 Baliares
1576 2597 1598 2634 5

115 2668 268 2716 insulae,
304 2669 429 2706 maior
460 2670 586 2706 altera
610 2672 728 2719 atquc
754 2669 984 2719 opulentior
1010 2669 1129 2706 armis
1160 2669 1360 2718 virisque3
1394 2671 1432 2705 et
1461 2682 1550 2719 por-

1208 2738 1271 2771 11*
