1768 2943
261 106 318 147 30
683 104 787 135 Liber
814 104 906 136 XXI.
959 104 1012 146 (A.
1041 115 1071 135 u.
1100 116 1128 135 e.
1156 104 1251 147 536.)

261 236 301 271 in
325 236 509 284 primum,
540 236 667 272 modo
693 237 733 272 in
761 236 1022 273 novissimum
1052 249 1213 286 agmen,
1243 243 1446 286 utcunque
1473 244 1543 274 aut
1569 238 1681 275 locus

261 307 606 355 opportunitatem
646 307 761 342 daret
793 313 862 343 aut
893 309 1095 356 progressi
1128 308 1323 344 morative
1355 309 1530 356 aliquam
1563 320 1682 345 oeca-

220 376 245 416 3
261 377 417 413 sionem
460 377 664 414 fecissent.
743 378 959 427 Elephanti
1000 379 1102 414 sicut
1141 390 1213 426 per
1245 384 1351 415 artas
1383 379 1682 427 praecipitesque

260 448 344 484 vias
376 460 525 496 magna
553 460 666 484 mora
692 449 928 496 agebantur,
962 449 1018 485 ita
1043 455 1171 485 tutum
1195 449 1246 484 ab
1272 449 1468 493 hostibus,
1504 461 1682 497 quacun—

261 532 338 566 que
378 519 629 562 incederent,
672 519 765 566 quia
805 519 973 556 insuetis
1007 520 1187 556 adeundi
1221 520 1387 568 propius
1419 526 1549 556 metus
1583 525 1680 564 erat,

261 602 408 638 agmen
440 589 689 637 praebebant.

218 660 245 699 4
378 659 502 696 Nono
546 660 613 695 die
655 660 695 696 in
734 660 870 708 iugum
911 661 1070 709 Alpium
1111 666 1346 709 perventum
1381 666 1441 697 est
1473 672 1545 709 per
1575 660 1682 697 invia

260 732 452 780 pleraque
480 736 521 766 et
549 742 717 775 errores,
752 743 854 779 quos
884 738 952 768 aut
977 732 1210 768 ducentium
1240 731 1347 768 fraus
1373 737 1453 775 aut,
1487 731 1555 766 ubi
1580 730 1681 767 fides

259 802 305 838 iis
333 814 418 838 non
445 807 564 845 esset,
600 806 750 838 temere
777 802 885 838 initae
913 803 1035 839 valles
1064 815 1087 838 a
1112 802 1435 838 coniectantibus
1462 802 1537 838 iter
1560 801 1682 838 facie-

218 871 372 909 bbant.
445 872 617 908 Biduum
661 872 702 908 in
734 873 829 921 iugo
863 874 1007 910 stativa
1040 874 1189 917 habita,
1231 873 1428 921 fessisque
1460 873 1601 909 labore
1634 885 1680 909 ac

259 944 484 992 pugnando
512 943 624 991 quies
650 944 747 979 data
770 944 978 987 militibus;
1004 944 1266 992 iumentaque
1291 943 1456 991 aliquot,
1483 955 1571 990 quae
1589 955 1681 991 pro-

259 1015 372 1062 lapsa
404 1015 445 1050 in
477 1014 641 1062 rupibus
674 1020 801 1059 erant,
836 1015 1050 1062 sequendo
1084 1015 1252 1063 vestigia
1284 1014 1456 1063 agminis
1483 1014 1525 1050 in
1550 1020 1681 1051 eastra

218 1086 242 1123 ὅ
260 1097 492 1133 pervenere.
555 1085 689 1122 Fessis
717 1085 840 1122 taedio
864 1091 924 1121 tot
947 1086 1145 1122 malorum
1169 1086 1271 1122 nivis
1296 1085 1418 1121 etiam
1446 1096 1578 1129 casus,
1613 1096 1680 1121 oc-

259 1156 422 1192 cidente
454 1156 534 1191 iarn
567 1156 699 1192 sidere
733 1155 1013 1204 Vergiliarum,
1051 1156 1259 1204 ingentem
1292 1161 1485 1192 terrorem
1517 1155 1679 1192 adiecit.

219 1225 240 1264 ’ἶ
259 1227 333 1262 Per
365 1226 502 1262 omnia
526 1227 618 1263 nive
644 1227 809 1275 oppleta
836 1238 971 1274 quum,
1006 1226 1130 1274 signis
1154 1226 1282 1274 prima
1306 1226 1394 1262 luce
1422 1227 1556 1270 motis,
1591 1238 1680 1275 seg-

258 1297 361 1333 niter
393 1309 541 1345 agmen
572 1297 795 1341 incederet,
829 1297 1069 1346 pigritiaque
1103 1302 1142 1332 et
1175 1297 1407 1345 desperatio
1432 1298 1473 1333 in
1500 1298 1679 1334 omnium

218 1367 364 1403 &vultu
405 1368 612 1411 emineret,
653 1379 898 1416 praegressus
938 1368 1054 1416 signa
1087 1367 1293 1403 Hannibal
1324 1368 1364 1404 in
1397 1368 1679 1416 promuntorio

259 1439 453 1486 quodam,
479 1439 590 1475 unde
613 1439 736 1487 longe
764 1451 812 1474 ac
836 1438 915 1474 late
940 1445 1179 1486 prospectus
1199 1444 1297 1482 erat,
1322 1439 1544 1475 consistere
1561 1440 1679 1476 iussis

260 1509 447 1545 militibus
476 1509 632 1545 Italiam
661 1515 840 1546 ostentat
868 1509 1154 1556 subiectosque
1180 1509 1334 1557 Alpinis
1364 1511 1570 1547 montibus
1595 1509 1679 1546 Cir-

217 1580 542 1628 Slcumpadanos
575 1592 756 1628 campos,
790 1581 1021 1628 rnoeniaque
1055 1591 1128 1616 eos
1161 1585 1242 1615 tum
1276 1581 1566 1617 transcendere
1593 1593 1678 1618 non

258 1651 381 1687 Italiae
398 1651 540 1694 modo,
568 1652 641 1687 sed
660 1651 781 1687 etiam
800 1651 906 1686 urbis
925 1650 1143 1694 Romanae;
1174 1656 1309 1687 cetera
1326 1651 1461 1699 plana,
1487 1652 1679 1699 proclivia

260 1721 365 1763 fore;
400 1733 481 1757 uno
516 1727 584 1757 aut
616 1733 814 1758 summum
848 1722 974 1758 altero
1007 1722 1150 1770 proelio
1183 1734 1317 1758 arcem
1351 1727 1390 1758 et
1413 1728 1534 1770 caput
1555 1722 1679 1759 Italiae

192 1793 243 1831 w
258 1792 297 1827 in
316 1804 438 1828 manu
457 1804 504 1828 ac
522 1797 725 1840 potestate
744 1792 965 1828 habituros.
1014 1793 1243 1829 Procedere
1261 1793 1357 1828 inde
1376 1804 1524 1840 agmen
1541 1793 1676 1841 coepit,

261 1863 339 1898 iam
371 1863 468 1898 nihil
500 1875 552 1898 ne
586 1863 768 1900 hostibus
802 1863 966 1911 quidem
998 1870 1141 1911 praeter
1173 1875 1295 1911 parva
1329 1862 1431 1898 furta
1464 1875 1536 1911 per
1560 1875 1679 1900 occa-

259 1933 415 1969 sionem
448 1934 710 1970 tentantibus.
781 1933 967 1970 Ceterum
1000 1934 1075 1969 iter
1105 1933 1244 1977 multo,
1279 1945 1398 1981 quam
1431 1933 1472 1969 in
1505 1945 1676 1971 ascensu

193 2005 234 2043 ll
260 2004 388 2039 fuerat
415 2000 473 2053 (ut
499 2004 690 2051 pleraque
715 2004 876 2052 Alpium
901 2005 951 2040 ab
975 2004 1089 2040 Italia
1113 2005 1215 2041 sicut
1239 2004 1435 2048 breviora,
1468 2004 1524 2040 ita
1549 2017 1678 2041 arrec-

258 2075 360 2111 tiora
393 2072 511 2124 sunt),
554 2074 753 2110 difficilius
787 2075 878 2118 fuit;
925 2075 1056 2111 omnis
1089 2074 1195 2110 enim
1230 2074 1354 2110 ferme
1387 2075 1450 2110 via
1481 2087 1677 2124 praeceps,

194 2145 242 2185 112
258 2151 443 2194 angusta,
477 2145 628 2181 lubrica
661 2151 758 2189 erat,
792 2151 834 2181 ut
865 2158 999 2194 neque
1032 2147 1229 2183 sustinere
1254 2158 1297 2182 se
1321 2158 1345 2182 a
1369 2146 1483 2194 lapsu
1508 2152 1678 2194 possent

258 2228 347 2259 nec,
382 2216 447 2264 qui
481 2216 642 2264 paulum
676 2216 931 2262 titubassent,
966 2217 1116 2254 haerere
1145 2216 1252 2253 affixi
1277 2217 1446 2265 vestigio
1472 2228 1560 2260 suo,
1594 2216 1677 2252 alii-

259 2300 336 2335 que
370 2299 488 2336 super
521 2287 622 2323 alios
655 2292 695 2322 et
726 2287 905 2324 iumenta
937 2288 978 2324 in
1011 2288 1197 2324 homines
1230 2287 1498 2324 succiderent.

132 2354 194 2399 36
375 2357 551 2394 Ventum
586 2357 738 2393 deinde
771 2358 824 2393 ad
858 2358 983 2394 multo
1008 2359 1283 2407 angustiorem
1307 2370 1448 2407 rupem
1473 2364 1595 2406 atque
1622 2356 1677 2394 ita

259 2429 376 2465 rectis
401 2428 519 2472 saxis,
550 2434 593 2464 ut
617 2440 721 2476 aegre
746 2429 959 2476 expeditus
984 2430 1098 2466 miles
1117 2430 1392 2465 tentabundus
1409 2429 1677 2476 manibusque

259 2500 435 2536 retinens
460 2500 627 2548 virgulta
651 2511 699 2535 ac
717 2499 860 2547 stirpes
879 2500 983 2536 circa
1002 2500 1227 2536 eminentes
1245 2499 1457 2535 demittere
1475 2511 1565 2536 sese
1582 2511 1677 2548 pos-

219 2570 331 2608 ?set.
395 2570 547 2607 Natura
579 2570 691 2606 locus
723 2570 803 2606 iam
836 2576 930 2606 ante
963 2582 1143 2619 praeceps
1175 2569 1326 2606 recenti
1359 2570 1473 2618 lapsu
1497 2576 1610 2606 terrae
1635 2570 1675 2605 in

218 2640 243 2677 Ξῖ
260 2641 408 2688 pedum
433 2641 539 2677 mille
565 2642 789 2678 admodum
813 2641 1066 2678 altitudinem
1092 2643 1284 2689 abruptus
1309 2646 1407 2677 erat.
1438 2679 1442 2682 ,
1470 2640 1528 2677 Ibi
1554 2652 1675 2688 quum
