1789 2955
275 77 326 113 96
666 73 781 107 Liber
806 72 973 108 XXVII.
1022 74 1083 116 (A.
1110 85 1144 108 u.
1172 86 1200 109 c.
1227 76 1321 119 546.)

275 199 407 246 sensit,
445 200 677 247 exercitum,
718 200 781 237 cui
822 200 976 249 collega
1015 202 1237 250 praefuerat,
1277 201 1332 240 M.
1365 202 1604 240 Marcellum
1634 204 1709 241 tri-

232 272 253 306 2
274 271 426 307 bunum
458 270 630 308 militum
658 271 874 309 Venusiam
908 271 1105 309 abducere
1137 273 1272 319 iussit3
1304 274 1390 323 ipse
1422 287 1509 311 cum
1541 274 1708 323 legioni-

273 342 346 379 bus
379 342 458 379 suis
491 341 667 392 Capuam
698 343 913 392 profectus,
946 344 1014 381 vix
1044 344 1193 381 lecticae
1225 345 1488 393 agitationem
1513 358 1595 395 prae
1620 358 1708 395 gra-

272 414 396 450 vitate
434 414 644 451 vulnerum
687 414 857 463 patiens,
903 415 1072 453 Romam
1111 416 1268 454 litteras
1307 416 1355 453 de
1387 419 1513 454 morte
1545 417 1710 466 collegae

230 484 442 534 3scripsit,
490 489 718 534 quantoque
749 485 834 534 ipse
866 487 906 524 in
947 487 1176 525 discrimine
1216 492 1337 534 esset;
1378 501 1418 525 se
1456 488 1710 526 comitiorum

274 569 392 593 causa
423 570 502 594 non
533 570 649 606 posse
680 556 851 595 Romam
881 559 1030 605 venire,
1071 560 1165 608 quia
1203 573 1274 596 nec
1304 559 1381 597 viae
1412 559 1589 597 laborem
1621 572 1709 609 pas-

274 642 389 665 surus
420 628 626 666 videretur
657 632 696 666 et
726 629 774 666 de
801 629 974 667 Tarento
1007 631 1205 668 sollicitus
1237 633 1349 677 esset,
1379 644 1428 668 ne
1460 644 1506 668 ex
1536 630 1709 669 Bruttiis

272 699 480 737 Hannibal
512 714 556 737 eo
589 704 838 739 converteret
863 715 1026 750 agmen3
1060 703 1211 751 legatos
1236 715 1333 752 opus
1358 715 1441 739 esse
1467 702 1518 739 ad
1541 716 1581 740 se
1602 703 1709 740 mitti

271 771 379 809 viros
409 772 636 822 prudentes,
683 786 770 810 cum
803 773 957 823 quibus,
1005 786 1092 823 quae
1123 775 1258 821 vellet,
1298 774 1346 811 de
1385 787 1429 811 re
1460 774 1621 823 publica
1651 774 1708 812 lo-

231 844 254 878 4
274 846 474 892 queretur.
534 844 610 881 Hae
642 844 787 882 litterae
818 845 996 882 recitatae
1028 859 1215 894 magnum
1247 850 1285 883 et
1316 846 1467 883 luctum
1499 850 1625 883 morte
1652 846 1707 883 al-

270 915 396 951 terius
439 916 611 953 consulis
651 919 689 953 et
728 920 874 953 metum
917 917 965 953 de
998 917 1125 955 altero
1157 919 1348 956 fecerunt.
1410 917 1555 967 Itaque
1587 921 1626 955 et
1657 918 1706 965 Q.

271 985 443 1024 Fabium
474 986 601 1023 filium
634 987 682 1024 ad
714 988 931 1025 exercitum
965 989 1183 1027 Venusiam
1215 990 1423 1035 miserunt,
1464 993 1503 1026 et
1534 989 1584 1027 ad
1616 1002 1706 1027 con-

271 1057 395 1094 sulem
427 1062 507 1096 tres
540 1059 664 1107 legati
695 1059 816 1105 missi,
849 1058 939 1096 Sex.
971 1059 1100 1098 Iulius
1119 1061 1265 1107 Caesar,
1297 1062 1343 1100 L.
1362 1061 1543 1098 Licinius
1561 1060 1708 1108 Pollio,

271 1127 316 1165 L.
350 1128 513 1166 Cincius
546 1129 788 1177 Alimentus,
835 1144 956 1180 quum
998 1133 1136 1181 paucis
1177 1136 1269 1170 ante
1309 1133 1450 1171 diebus
1482 1146 1529 1169 ex
1563 1131 1708 1170 Sicilia

229 1200 451 1238 5redisset.
511 1201 569 1238 Hi
601 1202 787 1240 nuntiare
820 1204 974 1241 consuli
1005 1205 1114 1252 iussi,
1160 1208 1214 1251 ut,
1260 1205 1294 1242 si
1333 1204 1383 1241 ad
1421 1204 1582 1241 comitia
1623 1204 1707 1254 ipse

271 1273 408 1309 venire
439 1272 608 1310 Romam
639 1287 719 1311 non
750 1279 894 1325 posset,
943 1276 1176 1314 dictatorem
1218 1277 1259 1313 in
1301 1289 1396 1325 agro
1427 1276 1608 1314 Romano
1647 1275 1706 1313 di-

229 1344 251 1379 6
272 1347 378 1380 ceret
409 1345 660 1382 comit-iorum
693 1359 827 1392 causa3
873 1348 907 1384 si
939 1349 1077 1385 consul
1109 1348 1328 1386 Tarentum
1358 1348 1560 1398 profectus
1592 1351 1707 1396 esset,

271 1413 319 1461 Q.
352 1414 563 1454 Claudium
604 1420 814 1466 praetorem
846 1419 1005 1468 placere
1037 1420 1078 1456 in
1111 1433 1196 1457 eam
1227 1420 1430 1469 regionem
1462 1420 1554 1457 inde
1585 1420 1707 1458 abdu-

270 1500 357 1524 cere
388 1487 576 1536 legiones,
609 1489 650 1526 in
681 1503 760 1539 qua
790 1490 986 1539 plurimas
1018 1491 1214 1529 sociorum
1246 1492 1364 1529 urbes
1395 1492 1501 1529 tueri
1530 1495 1675 1541 posset.

227 1561 247 1594 7
380 1558 529 1597 Eadem
563 1565 698 1598 aestate
729 1561 785 1600 M.
806 1562 994 1600 Valerius
1026 1576 1112 1600 cum
1145 1563 1268 1600 classe
1292 1567 1448 1600 centum
1471 1564 1633 1601 navium
1658 1578 1706 1602 ex

269 1628 411 1668 Sicilia
441 1632 482 1668 in
513 1631 697 1670 Africam
728 1634 960 1680 transmisit,
1000 1638 1038 1671 et
1078 1633 1127 1671 ad
1161 1633 1353 1684 Clupeam
1393 1635 1532 1673 urbem
1572 1650 1704 1674 escen-

268 1701 379 1739 sione
411 1703 526 1750 facta,
568 1717 707 1753 agrum
738 1705 828 1752 late,
869 1706 980 1743 nullo
1019 1707 1141 1743 ferme
1172 1706 1290 1745 obvio
1322 1711 1486 1754 armato,
1516 1708 1702 1747 vastavit.

267 1772 368 1811 Inde
399 1774 449 1812 ad
480 1788 600 1813 naves
632 1777 777 1825 raptim
809 1777 1056 1826 praedatores
1086 1779 1248 1828 recepti,
1280 1779 1376 1828 quia
1405 1783 1568 1829 repente
1599 1780 1705 1818 fama

223 1847 247 1883 8
267 1845 424 1895 accidit,
458 1847 623 1885 classem
651 1847 849 1886 Punicam
873 1848 1100 1887 adventare.
1162 1849 1379 1899 Octoginta
1410 1854 1523 1889 erant
1555 1855 1594 1889 et
1621 1855 1704 1889 tres

265 1919 398 1955 naVes.
459 1918 558 1956 Cum
597 1920 659 1957 his
697 1920 805 1958 haud
846 1921 986 1970 procul
1018 1920 1170 1971 Clupea
1209 1935 1399 1972 prospere
1437 1926 1591 1972 pugnat
1620 1922 1701 1960 Ro·

266 2001 417 2027 manus.
487 1990 639 2029 Decem
678 1995 717 2029 et
754 1996 842 2030 octo
880 1993 1052 2031 navibus
1091 1993 1233 2043 captis,
1277 1994 1427 2043 fugatis
1467 1994 1570 2041 aliis,
1615 2007 1704 2032 cum

266 2073 412 2109 magna
441 2064 624 2100 terrestri
655 2065 868 2114 navalique
900 2064 1037 2114 praeda
1067 2064 1292 2113 Lilybaeum
1322 2065 1458 2104 rediit.

225 2136 246 2169 9
380 2132 530 2170 Eadem
556 2139 693 2173 aestate
712 2139 751 2174 et
765 2136 981 2187 Philippus
998 2136 1311 2186 implorantibus
1328 2136 1490 2175 Achaeis
1507 2138 1703 2176 auxilium

264 2203 374 2250 tulit,
407 2218 506 2254 quos
533 2209 571 2244 et
589 2206 862 2255 Machanidas,
893 2213 1085 2257 tyrannus
1101 2208 1507 2257 Lacedaemoniorum,
1531 2209 1702 2247 finitimo

265 2275 375 2312 bello
405 2277 546 2314 urebat
576 2281 617 2315 et
646 2278 787 2325 AEtoli,
826 2280 994 2318 navibus
1025 2294 1097 2330 per
1127 2281 1282 2327 fretum,
1314 2281 1420 2330 quod
1451 2281 1703 2331 Naupactum

267 2350 305 2384 et
335 2347 482 2386 Patras
514 2349 712 2387 interfluit
743 2351 895 2398 (Rhion
928 2352 1069 2389 incolae
1100 2353 1274 2402 vocant),
1315 2353 1492 2390 exercitu
1521 2353 1701 2400 traiecto,

195 2420 244 2456 10
266 2418 502 2469 depopulati
534 2423 658 2460 erant.
720 2421 902 2460 Attalum
935 2436 1105 2473 quoque,
1137 2436 1271 2473 regem
1297 2423 1422 2470 Asiae,
1453 2424 1547 2474 quia
1572 2424 1701 2462 AEtoli

267 2504 461 2529 summum
485 2494 615 2542 gentis
641 2507 720 2532 suae
744 2495 1021 2544 magistratum
1046 2494 1095 2532 ad
1117 2508 1205 2532 eum
1222 2494 1407 2544 proximo
1424 2508 1555 2534 annuo
1572 2496 1702 2534 conci-

119 2557 173 2606 30
262 2563 316 2600 1ἰο
350 2563 588 2613 detulerant,
627 2566 732 2604 fama
763 2570 849 2604 erat
880 2566 923 2603 in
954 2565 1157 2616 Europam
1187 2566 1461 2605 traiecturum.
1523 2566 1585 2605 Ob
1616 2567 1701 2605 haec

263 2634 459 2685 Philippo
491 2636 531 2673 in
565 2635 763 2675 Graeciam
803 2637 1059 2675 descendenti
1098 2637 1148 2676 ad
1179 2637 1360 2676 Lamiam
1399 2638 1538 2676 urbem
1569 2638 1700 2676 AEtoli
