1789 2955
239 114 318 154 172
656 112 760 143 Liber
782 112 908 143 XXIV.
953 111 1006 154 (A.
1027 123 1056 143 u.
1077 122 1105 146 e.
1124 111 1218 155 539.)

235 243 440 287 contione,
486 255 606 291 quum
640 249 679 280 et
712 243 932 280 levissimus
966 244 1134 292 quisque
1166 257 1293 281 novas
1325 257 1388 282 res
1421 257 1648 294 novamque

236 314 471 350 societatem
505 314 681 358 mallent,
716 320 767 358 et,
802 326 971 362 quorum
996 315 1211 363 propinqui
1235 320 1345 352 extra
1368 317 1508 352 urbem
1529 315 1649 352 inter-

237 385 333 421 clusi
359 385 409 420 ab
434 385 616 421 hostibus
641 389 766 428 erant,
793 385 898 420 velut
923 385 1132 421 obsidibus
1151 386 1256 422 datis
1274 386 1508 434 pigneratos
1526 386 1650 422 habe-

196 458 219 487 Η
236 461 324 491 rent
357 455 528 499 animos,
563 455 679 503 pauci
713 455 840 502 magis
873 455 981 492 taciti
1005 456 1225 504 probarent
1250 462 1505 493 constantem
1529 456 1650 492 fidem

238 539 356 574 quam
391 526 600 574 propalam
635 525 733 561 tueri
757 525 966 569 auderent,
1001 526 1111 561 haud
1137 527 1262 563 dubio
1287 527 1327 563 in
1352 527 1529 574 speciem
1554 537 1651 562 con-

197 598 221 634 §t
239 609 358 632 sensu
377 596 418 631 fit
435 597 488 631 ad
504 596 654 632 Poenos
672 595 842 632 deditio.
876 596 920 632 L.
939 597 1071 641 Atilio,
1091 596 1282 645 praefecto
1298 596 1486 645 praesidii,
1505 596 1652 645 quique

240 680 329 703 cum
355 678 404 702 eo
429 666 572 702 milites
591 666 764 702 Romani
789 673 915 709 erant,
944 667 1045 703 clam
1069 667 1109 703 in
1134 672 1294 715 portum
1320 667 1506 704 deductis
1532 672 1652 715 atque

239 738 435 786 impositis
480 737 518 773 in
559 749 695 781 naves,
742 742 783 772 ut
820 737 990 785 Regium
1032 737 1337 782 deveherentur,
1382 737 1652 774 Hamilcarem

240 810 469 856 Poenosque
503 820 550 843 ea
584 807 842 851 condicione,
878 813 918 842 ut
951 807 1083 844 foedus
1116 808 1318 856 extemplo
1352 808 1474 856 :equis
1499 808 1654 857 legibus

176 879 363 922 lofiffl-et,
389 879 428 914 in
455 879 592 914 urbem
618 883 881 926 acceperunt;
909 877 1019 914 cuius
1043 878 1098 913 rei
1123 890 1252 927 prope
1278 891 1359 915 non
1379 883 1535 915 servata
1553 878 1654 914 fides

242 950 390 986 deditis
416 955 488 993 est,
514 961 634 997 quum
660 949 808 984 Poenus
834 948 931 984 dolo
956 948 1165 985 dimissum
1188 949 1416 985 Romanum
1440 949 1653 993 incusaret,

146 1023 154 1030 ”
176 1020 221 1058 11
241 1020 467 1057 Locrenses
482 1019 709 1068 profugisse
724 1019 853 1067 ipsum
870 1024 1142 1055 causarentur.
1176 1019 1350 1055 Insecuti
1365 1019 1486 1055 etiam
1501 1019 1656 1067 equites

244 1096 347 1135 sunt,
381 1091 412 1127 si
446 1103 527 1138 quo
561 1102 655 1126 casu
690 1090 728 1125 in
754 1089 855 1125 freto
881 1095 999 1125 aestus
1023 1089 1169 1125 morari
1193 1094 1262 1125 aut
1286 1089 1443 1125 deferre
1467 1101 1591 1125 naves
1616 1089 1655 1125 in

245 1167 389 1197 terram
413 1166 565 1209 posset.
630 1161 681 1196 Et
704 1173 776 1197 eos
800 1160 977 1208 quidem,
1012 1172 1114 1208 quos
1139 1161 1423 1208 sequebantur,
1456 1172 1542 1196 non
1566 1164 1657 1196 sunt

246 1232 401 1280 adepti;
437 1232 535 1267 alias
560 1244 582 1267 a
607 1231 798 1268 Messana
822 1232 1065 1268 traiicientes
1091 1230 1193 1267 freto
1217 1231 1388 1279 Regium
1413 1243 1535 1267 naves
1560 1242 1657 1267 con-

178 1302 230 1341 12
245 1308 473 1350 spexerunt.
522 1301 668 1338 Milites
694 1308 807 1338 erant
831 1303 1005 1339 Romani
1029 1315 1053 1339 a
1079 1302 1252 1339 Claudio
1276 1307 1447 1352 praetore
1471 1301 1580 1338 missi
1603 1301 1658 1337 ad

247 1374 513 1409 obtinendam
536 1374 674 1409 urbem
699 1374 902 1422 praesidio.
951 1373 1090 1421 Itaque
1115 1374 1244 1422 Regio
1271 1373 1472 1421 extemplo
1498 1373 1659 1408 absces—

174 1443 225 1482 123
242 1456 328 1479 sum
362 1448 434 1480 est.
498 1443 770 1481 Locrensibus
803 1445 911 1481 iussu
944 1444 1185 1481 Hannibalis
1219 1445 1313 1480 data
1347 1457 1438 1492 pax,
1472 1449 1514 1480 ut
1545 1443 1657 1479 liberi

242 1516 320 1551 suis
360 1515 515 1563 legibus
555 1515 743 1558 viverent,
785 1515 876 1551 urbs
915 1520 1070 1563 pateret
1102 1515 1250 1559 Poenis,
1292 1519 1430 1563 portus
1469 1515 1509 1550 in
1541 1518 1657 1563 pote-

242 1591 343 1621 state
376 1585 639 1622 Locrensium
681 1591 800 1629 esset,
844 1586 1018 1622 societas
1059 1598 1109 1622 eo
1141 1586 1225 1622 iure
1259 1591 1393 1630 staret,
1434 1590 1476 1621 ut
1506 1585 1656 1621 Poenus

241 1656 487 1692 Locrensem
520 1655 817 1704 Locrensisque
850 1656 1019 1692 Poenum
1052 1669 1153 1705 pace
1186 1669 1232 1693 ac
1264 1657 1371 1693 bello
1403 1657 1568 1692 iuvaret.

150 1723 177 1765 2
359 1726 422 1762 Sic
463 1739 486 1762 a
526 1726 628 1763 freto
666 1727 781 1763 Poeni
821 1727 989 1771 reducti,
1032 1727 1293 1764 frementibus
1331 1727 1505 1772 Bruttiis,
1545 1728 1658 1776 quod

244 1796 412 1845 Regium
445 1809 492 1833 ac
515 1796 684 1842 Locros,
719 1809 818 1846 quas
852 1798 970 1833 urbes
1004 1798 1232 1847 direpturos
1266 1811 1308 1835 se
1342 1799 1656 1842 destinaverant,

201 1866 225 1905 2
241 1867 411 1903 intactas
435 1866 701 1914 reliquissent.
765 1867 904 1916 Itaque
929 1881 1000 1917 per
1025 1880 1067 1904 se
1091 1869 1180 1917 ipsi,
1215 1869 1453 1917 conscriptis
1478 1868 1658 1904 armatis-

241 1949 318 1985 que
351 1938 565 1973 iuventutis
595 1949 676 1973 suae
701 1938 932 1985 quindecim
958 1939 1141 1983 millibus,
1176 1940 1229 1974 ad
1255 1938 1477 1975 Crotonem
1502 1951 1658 1987 oppug-

201 2007 226 2045 3
244 2009 423 2044 nandum
449 2013 621 2056 pergunt
645 2008 714 2052 ire,
745 2007 928 2045 Graecam
957 2015 996 2045 et
1019 2010 1148 2058 ipsam
1174 2010 1311 2045 urbem
1337 2015 1377 2045 et
1403 2009 1655 2052 maritimam,

242 2078 451 2126 plurimum
480 2090 735 2114 accessurum
765 2079 922 2128 opibus,
955 2079 986 2115 si
1015 2080 1055 2115 in
1085 2092 1155 2116 ora
1183 2080 1303 2116 maris
1330 2080 1468 2115 urbem
1494 2092 1540 2116 ac
1565 2091 1657 2128 por-

199 2148 225 2186 4
243 2155 323 2184 tum
341 2149 541 2185 moenibus
560 2149 732 2185 validam
752 2149 987 2193 tenuissent,
1008 2150 1234 2186 credentes.
1275 2150 1335 2186 Ea
1354 2162 1447 2187 cura
1466 2151 1656 2199 angebat,

241 2219 353 2267 quod
377 2231 510 2267 neque
535 2231 618 2255 non
643 2232 850 2256 accersere
874 2221 928 2255 ad
947 2221 1133 2256 auxilium
1150 2221 1301 2257 Poenos
1320 2221 1415 2258 satis
1435 2221 1655 2265 audebant,

241 2301 292 2325 ne
318 2289 415 2337 quid
440 2302 524 2325 non
550 2301 623 2338 pro
650 2290 770 2326 sociis
794 2291 926 2339 egisse
952 2291 1193 2335 viderentur,
1220 2296 1272 2335 et,
1299 2292 1331 2328 si
1347 2292 1497 2328 Poenus
1522 2303 1655 2327 rursus

242 2360 369 2408 magis
403 2360 549 2396 arbiter
581 2360 692 2408 pacis
726 2372 845 2408 quam
879 2361 1040 2397 adiutor
1072 2362 1163 2397 belli
1198 2361 1348 2405 fuisset,
1384 2373 1434 2397 ne
1466 2361 1507 2398 in
1539 2361 1656 2397 liber-

242 2435 363 2465 tatem
404 2429 609 2474 Crotonis,
655 2430 755 2466 sicut
798 2435 891 2466 ante
931 2430 1167 2476 Locrorum,
1213 2432 1355 2468 frustra
1394 2437 1653 2480 pugnaretur.

200 2498 225 2535 Γ)
240 2499 381 2547 Itaque
424 2500 619 2548 optimum
662 2500 786 2536 visum
831 2506 903 2544 est,
949 2502 1002 2536 ad
1040 2501 1312 2538 Hannibalem
1354 2501 1455 2538 mitti
1497 2502 1655 2550 legatos

200 2570 224 2607 6
241 2570 452 2618 caverique
486 2571 536 2606 ab
570 2583 634 2615 eo,
668 2575 710 2606 ut
733 2576 918 2619 receptus
944 2570 1069 2607 Croto
1093 2571 1335 2608 Bruttiorum
1360 2578 1479 2608 esset.
1543 2571 1655 2608 Han-

243 2640 348 2676 nibal
373 2652 493 2688 quum
520 2641 774 2690 praesentium
801 2654 889 2677 eam
909 2642 1248 2679 consultationem
1267 2655 1357 2679 esse
1374 2643 1655 2692 respondisset
