1768 2943
247 111 302 152 22
669 107 772 139 Liber
799 107 890 139 XXI.
941 106 996 150 (A.
1024 118 1054 138 u.
1082 117 1111 139 e.
1139 106 1234 150 536.)

205 241 379 287 5Quem
413 246 454 276 ut
487 241 539 276 de
563 240 755 277 Rhodani
789 251 951 289 quoque
983 239 1151 276 transitu
1183 240 1336 290 agitare
1368 239 1663 283 animadvertit,

244 312 437 355 incertus,
465 322 643 359 quonam
668 312 704 348 ei
728 311 821 348 loco
849 316 1090 356 occurreret,
1119 312 1296 348 necdum
1322 311 1418 348 satis
1436 311 1595 348 refectis
1613 311 1664 348 ab

245 382 466 419 iactatione
491 382 689 419 maritima
711 382 913 426 militibus,
940 387 1145 420 trecentos
1169 382 1328 419 interim
1354 383 1537 419 delectos
1555 382 1666 430 equi-

245 458 306 489 tes
331 453 501 490 ducibus
520 452 842 489 Massiliensibus
865 458 905 489 et
927 453 1183 490 auxiliaribus
1198 453 1325 490 Gallis
1343 454 1397 489 ad
1415 452 1666 501 exploranda

204 523 229 563 6
247 523 384 560 omnia
400 524 675 571 visendosque
693 536 741 559 ex
760 528 845 559 tuto
865 524 1002 560 hostes
1020 525 1235 573 praemittit.
1277 523 1497 567 Hannibal,
1524 522 1666 559 ceteris

245 600 353 631 metu
386 600 453 631 aut
476 595 606 644 pretio
630 594 798 643 pacatis,
833 594 911 631 iam
935 595 977 632 in
1002 594 1220 632 Volcarum
1249 600 1488 644 pervenerat
1512 605 1664 643 agrum,

244 666 377 714 gentis
402 666 558 702 validae.
609 664 760 701 Colunt
783 670 915 702 autem
942 666 1047 702 circa
1071 672 1283 714 utramque
1309 666 1434 715 ripam
1453 665 1665 707 Rhodani;

246 737 320 772 sed
343 735 477 781 diffisi,
509 735 693 773 citeriore
717 747 815 784 agro
841 737 966 773 arceri
989 737 1159 773 Poenum
1185 749 1322 785 posse,
1354 742 1396 773 ut
1420 737 1569 773 flumen
1593 747 1666 784 pro

245 807 496 843 munimento
514 807 723 850 haberent,
749 807 936 844 omnibus
955 807 1080 843 ferme
1098 807 1179 844 suis
1198 813 1307 844 trans
1325 807 1572 843 Rhodanum
1591 810 1668 842 tra-

205 877 226 916 7
244 878 356 914 iectis
369 878 599 914 ulteriorem
613 878 739 926 ripam
756 878 885 914 amnis
898 878 1017 914 armis
1031 879 1285 915 obtinebant.
1321 878 1490 914 Ceteros
1506 877 1668 913 accolas

246 948 418 985 fluminis
444 948 652 984 Hannibal
685 954 725 985 et
757 960 897 985 eorum
921 949 1114 997 ipsorum,
1150 960 1252 997 quos
1278 948 1398 984 sedes
1423 959 1504 984 suae
1529 953 1669 983 tenue-

245 1025 346 1064 rant,
381 1020 495 1055 simul
527 1019 676 1068 pellicit
700 1020 822 1055 donis
847 1020 901 1055 ad
928 1032 1052 1056 naves
1078 1020 1258 1067 undique
1283 1018 1586 1056 contrahendas
1612 1017 1669 1053 fa-

246 1091 557 1139 brieandasque,
593 1091 708 1126 simul
742 1096 781 1126 et
814 1091 889 1138 ipsi
924 1091 1049 1127 traiici
1077 1091 1292 1127 exercitum
1322 1089 1523 1136 levarique
1548 1100 1668 1136 quam

245 1162 414 1210 primum
442 1161 653 1210 regionem
682 1174 794 1197 suam
824 1166 936 1197 tanta
962 1161 1173 1198 hominum
1201 1166 1369 1209 urgente
1394 1160 1511 1196 turba
1535 1158 1670 1207 cupie-

204 1232 227 1271 8
245 1234 354 1269 bant.
403 1232 544 1280 Itaque
568 1232 714 1281 ingens
740 1238 883 1269 coacta
906 1232 963 1268 vis
988 1232 1150 1269 navium
1169 1238 1230 1268 est
1247 1231 1501 1278 lintriumque
1518 1235 1669 1266 temere

245 1303 299 1338 ad
328 1303 539 1339 vicinalem
572 1315 686 1340 usum
715 1308 965 1351 paratarum;
1000 1315 1211 1351 novasque
1239 1302 1336 1338 alias
1366 1301 1536 1350 primum
1565 1299 1670 1336 Galli

206 1373 230 1413 9
246 1373 487 1410 inchoantes
531 1374 730 1410 cavabant
770 1386 817 1410 ex
858 1373 1022 1422 singulis
1062 1373 1285 1418 arboribus,
1330 1372 1483 1409 deinde
1523 1376 1563 1407 et
1594 1370 1669 1419 ipsi

245 1443 401 1488 milites,
436 1444 550 1480 simul
584 1445 704 1493 copia
736 1445 926 1489 materiae,
961 1445 1075 1482 simul
1109 1444 1299 1481 facilitate
1333 1443 1467 1492 operis
1499 1442 1666 1483 inducti,

245 1516 382 1551 alveos
407 1515 616 1560 informes,
642 1516 752 1560 nihil,
781 1516 1007 1552 dummodo
1027 1516 1167 1552 innare
1186 1527 1301 1563 aquae
1320 1520 1360 1550 et
1378 1525 1523 1562 capere
1542 1524 1668 1549 onera

244 1591 426 1634 possent,
453 1592 654 1630 curantes,
680 1586 838 1635 raptim,
865 1587 1009 1635 quibus
1033 1599 1076 1624 se
1095 1599 1248 1635 suaque
1267 1585 1584 1628 transveherent,
1612 1583 1668 1619 fa-

122 1653 182 1697 27
246 1656 420 1693 ciebant.
483 1657 651 1706 Iamque
685 1658 873 1694 omnibus
900 1658 995 1695 satis
1021 1658 1268 1706 comparatis
1293 1658 1347 1693 ad
1373 1655 1667 1697 traiiciendum‚

244 1729 450 1765 terrebant
488 1741 537 1765 ex
571 1729 744 1765 adverso
778 1729 930 1774 hostes,
971 1741 1135 1766 omnem
1169 1729 1297 1777 ripam
1331 1727 1486 1775 equites
1518 1725 1668 1773 virique

205 1798 230 1838 ἱ)
247 1799 492 1836 obtinentes.
559 1799 674 1845 Quos
699 1805 741 1836 ut
764 1805 974 1845 averteret,
1010 1800 1261 1837 Hannonem
1285 1797 1520 1834 Bomilcaris
1548 1796 1668 1832 filium

246 1870 378 1918 vigilia
412 1870 540 1918 prima
572 1870 705 1906 noctis
738 1881 827 1906 cum
860 1876 974 1918 parte
1002 1871 1224 1919 copiarum,
1258 1869 1431 1905 maxime
1459 1867 1668 1916 Hispanis,

204 1940 229 1979 3}
245 1941 417 1976 adverso
447 1940 610 1976 flumine
637 1940 693 1975 ire
720 1940 795 1976 iter
818 1941 935 1977 unius
959 1941 1040 1977 diei
1064 1941 1174 1977 iubet
1199 1946 1251 1984 et,
1285 1940 1352 1975 ubi
1378 1939 1549 1987 primum
1575 1950 1670 1987 pos-

245 2011 306 2055 sit,
333 2023 455 2059 quam
480 2010 750 2047 occultissime
769 2011 936 2048 traiecto
956 2011 1077 2053 amni,
1106 2011 1407 2048 circumducere
1427 2021 1587 2058 agmen,
1614 2014 1668 2052 ut,

203 2081 229 2119 4
246 2094 365 2129 quum
396 2093 498 2129 opus
528 2080 637 2117 facto
662 2081 723 2125 sit,
755 2081 962 2117 adoriatur
987 2082 1038 2118 ab
1064 2087 1180 2130 tergo
1206 2082 1378 2118 hostem.
1427 2081 1493 2116 Ad
1517 2080 1560 2116 id
1586 2079 1669 2115 dati

245 2153 370 2189 duces
404 2151 509 2188 Galli
551 2152 740 2195 edocent,
781 2151 878 2188 inde
921 2152 1042 2188 millia
1083 2152 1263 2200 quinque
1303 2157 1343 2188 et
1374 2151 1511 2200 viginti
1546 2150 1669 2187 ferme

246 2235 364 2271 supra
390 2234 522 2271 parvae
548 2222 688 2258 insulae
706 2222 990 2259 circumfusum
1009 2235 1171 2259 amnem
1190 2223 1345 2266 latiore,
1374 2222 1441 2257 ubi
1461 2221 1670 2257 divideba-

204 2292 318 2334 5tur.
349 2305 481 2341 eoque
511 2293 642 2328 minus
672 2292 754 2328 alto
783 2293 898 2329 alveo
924 2293 1133 2330 transitum
1162 2293 1393 2330 ostendere.
1443 2292 1501 2328 Ibi
1525 2292 1668 2341 raptim

247 2376 351 2401 caesa
391 2363 559 2399 materia
591 2368 780 2410 ratesque
814 2362 1031 2407 fabricatae,
1071 2364 1112 2400 in
1147 2363 1290 2411 quibus
1323 2363 1415 2411 equi
1448 2363 1598 2411 virique
1632 2369 1671 2398 et

246 2435 323 2471 alia
363 2446 490 2471 onera
523 2433 811 2471 traiicerentur.
886 2433 1060 2482 Hispani
1093 2434 1180 2470 sine
1213 2434 1292 2470 ulla
1324 2434 1445 2478 mole,
1489 2433 1529 2470 in
1563 2439 1670 2469 utres

246 2504 493 2542 vestimentis
512 2504 720 2549 coniectis,
739 2504 815 2553 ipsi
834 2504 961 2541 caetris
979 2504 1244 2553 superpositis
1262 2504 1502 2540 incubantes
1521 2504 1671 2540 flumen

207 2576 231 2612 (ὃ
254 2582 478 2612 tranavere.
527 2576 579 2612 Et
605 2576 705 2612 alius
733 2575 929 2611 exercitus
953 2575 1103 2611 ratibus
1128 2574 1272 2611 iunctis
1300 2575 1500 2618 traiectus,
1531 2574 1670 2610 castris

244 2658 372 2694 prope
412 2646 561 2683 flumen
601 2646 757 2695 positis,
800 2651 1000 2682 nocturno
1033 2645 1175 2682 itinere
1210 2650 1330 2693 atque
1364 2644 1498 2693 operis
1531 2644 1669 2680 labore
