1789 2955
258 65 311 101 24
652 62 768 103 Liber
792 61 938 97 XXVI.
987 63 1049 106 (A.
1077 76 1111 98 u.
1138 75 1166 98 c.
1193 63 1286 108 543.)

256 187 418 234 honore,
448 191 493 224 ut
523 188 641 226 facile
673 192 897 239 appareret,
929 188 1029 226 nihil
1052 190 1181 227 minus
1205 190 1349 239 vereri,
1383 204 1500 240 quam
1523 205 1572 229 ne
1597 193 1686 242 quis

215 258 436 296 4obstaret
466 259 605 307 gloriae
637 273 726 298 suae.
789 260 990 298 Successit
1034 260 1129 298 inde
1167 261 1319 299 Neroni
1359 260 1534 309 Silanus,
1577 265 1617 300 et
1649 263 1690 300 in

255 330 425 367 hiberna
455 331 602 368 milites
632 333 725 369 novi
756 332 928 370 deducti.
990 331 1138 382 Scipio,
1169 333 1363 379 omnibus,
1395 346 1482 382 quae
1509 333 1689 372 adeunda

256 401 492 451 agendaque
524 407 647 450 erant,
678 407 831 442 mature
863 404 985 442 aditis
1015 404 1277 453 peractisque,
1309 404 1572 442 Tarraconem
1600 414 1691 443 con-

215 472 238 509 5
257 473 386 511 cessit.
449 473 588 512 Nihilo
621 475 750 511 minor
780 476 885 513 fama
915 475 1023 525 apud
1055 476 1186 512 hostes
1219 475 1420 525 Scipionis
1453 479 1539 513 erat
1569 490 1688 526 quam

255 545 361 594 apud
394 545 497 582 cives
523 546 744 596 sociosque,
774 550 813 584 et
843 547 1040 584 divinatio
1072 546 1253 596 quaedam
1284 548 1418 595 futuri,
1450 561 1526 597 quo
1558 549 1689 586 minus

254 617 358 653 ratio
397 617 552 654 timoris
583 617 698 654 reddi
728 621 884 668 poterat
915 618 1047 655 oborti
1078 621 1236 665 temere,
1285 619 1476 656 maiorem
1515 620 1690 658 inferens

211 688 235 725 6
254 691 412 726 metum.
459 688 509 725 In
541 688 710 726 hiberna
737 690 886 728 diversi
912 692 1201 736 concesserant,
1233 689 1467 727 Hasdrubal
1499 690 1688 740 Gisgonis

254 772 379 808 usque
410 759 460 796 ad
486 758 686 797 Oceanum
720 764 760 798 et
791 761 937 808 Gades,
968 761 1090 810 Mago
1124 761 1164 797 in
1195 762 1487 800 mediterranea
1518 762 1689 800 maxime

254 844 375 880 supra
422 830 748 870 Castulonensem
793 834 958 879 saltum,
1016 832 1246 870 Hasdrubal
1290 833 1535 871 Hamilcaris
1579 833 1688 872 filius

255 902 459 951 proximus
492 902 646 941 Hibero
678 905 784 942 circa
817 904 1040 952 Saguntum
1072 904 1314 942 hibernavit.

210 974 230 1011 7
365 974 536 1011 AEstatis
568 975 654 1012 eius
686 979 873 1023 extremo,
906 990 984 1025 qua
1015 979 1132 1026 capta
1163 979 1220 1013 est
1250 976 1386 1025 Capua
1417 980 1456 1013 et
1481 975 1618 1026 Scipio
1646 977 1688 1014 in

254 1045 493 1094 Hispaniam
516 1047 638 1095 venit,
672 1047 828 1085 Punica
853 1048 991 1085 classis
1018 1062 1065 1085 ex
1084 1047 1224 1085 Sicilia
1241 1047 1459 1085 Tarentum
1483 1048 1610 1086 accita
1635 1049 1689 1087 ad

251 1117 445 1155 arcendos
462 1121 704 1156 commeatus
728 1120 910 1169 praesidii
939 1120 1123 1167 Romani,
1155 1119 1262 1168 quod
1286 1120 1327 1156 in
1354 1132 1442 1156 arce
1467 1119 1688 1157 Tarentina

205 1188 346 1237 Serat.
380 1189 578 1227 clauserat
609 1190 769 1239 quidem
802 1205 936 1229 omnes
967 1191 1018 1229 ad
1050 1205 1180 1229 arcem
1223 1205 1245 1228 a
1286 1192 1386 1229 mari
1427 1191 1571 1240 aditus,
1619 1191 1689 1229 sed

254 1260 463 1298 assidendo
497 1261 649 1299 diutius
682 1263 870 1301 artiorem
902 1277 1096 1301 annonam
1129 1263 1246 1300 sociis
1288 1276 1406 1312 quam
1435 1263 1542 1300 hosti
1572 1264 1690 1302 facie-

207 1332 228 1367 9
251 1332 338 1379 bat;
385 1346 463 1370 non
496 1333 599 1370 enim
631 1337 785 1371 tantum
817 1335 985 1372 subvehi
1016 1334 1227 1384 oppidanis
1273 1348 1344 1384 per
1381 1338 1523 1384 pacata
1564 1336 1684 1373 litora

251 1408 489 1454 apertosque
521 1408 660 1454 portus
691 1407 878 1455 praesidio
903 1407 1062 1443 navium
1090 1406 1333 1443 Punicarum
1362 1410 1530 1455 poterat,
1561 1421 1685 1456 quan-

250 1480 335 1513 tum
366 1477 555 1514 frumenti
587 1477 724 1515 classis
756 1479 843 1527 ipsa
867 1479 986 1515 turba
1019 1478 1152 1515 navali
1180 1478 1306 1515 mixta
1331 1491 1378 1514 ex
1405 1478 1511 1515 omni
1543 1491 1686 1527 genere

183 1547 232 1583 10
250 1547 454 1585 hominum
485 1548 732 1599 absumebat,
771 1552 817 1586 ut
847 1550 950 1587 arcis
982 1550 1215 1599 praesidium
1249 1550 1367 1586 etiam
1399 1550 1484 1587 sine
1514 1550 1685 1600 invecto,

250 1620 344 1668 quia
366 1620 487 1670 pauci
514 1624 638 1668 erant,
667 1635 715 1658 ex
744 1624 836 1658 ante
862 1624 1086 1671 praeparato
1112 1621 1329 1659 sustentari
1356 1624 1501 1671 posset,
1533 1621 1683 1660 Taren-

180 1689 227 1728 11
248 1692 346 1729 tinis
363 1693 560 1742 classique
578 1705 626 1729 ne
642 1693 843 1730 invectum
873 1693 1035 1742 quidem
1060 1693 1270 1730 sufficeret.
1330 1693 1508 1731 Tandem
1534 1694 1684 1732 maiore

250 1763 391 1811 gratia,
419 1777 538 1812 quam
555 1768 728 1811 venerat,
753 1764 891 1802 classis
919 1764 1081 1802 dimissa
1105 1768 1184 1812 est;
1215 1778 1373 1802 annona
1390 1765 1497 1803 haud
1513 1766 1682 1803 multum

248 1835 467 1883 laxaverat,
515 1837 608 1885 quia
639 1840 791 1874 remoto
829 1836 1031 1874 maritimo
1077 1838 1265 1887 praesidio
1305 1837 1471 1874 subvehi
1510 1837 1683 1874 frumen-

248 1910 332 1943 tum
364 1921 443 1944 11011
473 1911 641 1957 poterat.

139 1971 189 2019 21
363 1979 553 2017 Eiusdem
585 1980 737 2018 aestatis
769 1980 879 2017 exitu
909 1980 963 2017 M.
991 1980 1206 2018 Marcellus
1238 1994 1285 2017 ex
1310 1979 1451 2018 Sicilia
1475 1980 1685 2029 provincia

247 2063 367 2099 quum
400 2052 449 2088 ad
481 2052 620 2088 urbem
651 2052 835 2098 venisset,
876 2066 898 2089 a
930 2051 974 2090 O.
1008 2052 1225 2102 Calpurnio
1256 2055 1427 2101 praetore
1458 2054 1616 2088 senatus
1648 2051 1686 2088 ei

207 2121 229 2156 2
249 2121 298 2159 ad
331 2122 455 2159 aedem
486 2122 665 2160 Bellonae
697 2123 814 2160 datus
841 2127 910 2160 est.
971 2123 1038 2161 Ibi
1063 2137 1184 2173 quum
1209 2123 1258 2160 de
1276 2123 1394 2160 rebus
1419 2123 1469 2161 ab
1495 2136 1534 2160 se
1558 2123 1681 2172 gestis

248 2193 515 2243 disseruisset,
563 2198 725 2243 questus
763 2195 909 2232 leniter
947 2209 1026 2233 non
1057 2209 1167 2233 suam
1198 2195 1326 2244 magis
1358 2208 1476 2244 quam
1508 2194 1682 2232 militum

245 2266 383 2313 vicem,
430 2266 550 2316 quod,
595 2267 807 2316 provincia
853 2267 1044 2314 confecta,
1090 2267 1307 2305 exercitum
1354 2267 1564 2315 deportare
1604 2279 1683 2303 non

247 2337 436 2385 licuisset,
477 2338 710 2388 postulavit,
750 2342 795 2375 ut
823 2338 1090 2388 triumphanti
1120 2340 1259 2377 urbem
1291 2338 1394 2375 inire
1422 2338 1572 2375 liceret.
1632 2336 1684 2373 Id

207 2409 230 2444 3
249 2422 327 2446 non
345 2410 587 2459 impetravit.
635 2409 765 2456 Quum
782 2410 917 2447 multis
938 2411 1070 2448 verbis
1096 2415 1227 2448 actum
1253 2413 1368 2456 esset,
1391 2412 1525 2446 utrum
1548 2408 1680 2446 minus

247 2481 489 2528 conveniret,
522 2481 634 2519 cuius
665 2482 824 2520 nomine
856 2481 1032 2518 absentis
1064 2483 1113 2519 ob
1144 2495 1208 2519 res
1234 2495 1425 2531 prospere
1449 2480 1572 2517 ductu
1597 2481 1680 2518 eius

246 2555 376 2600 gestas
408 2553 647 2602 supplicatio
679 2554 839 2592 decreta
869 2553 974 2590 foret
1003 2556 1043 2590 et
1082 2553 1142 2591 dis
1181 2553 1473 2590 immortalibus
1519 2552 1680 2590 habitus

197 2622 221 2658 4
241 2622 375 2671 honos,
409 2624 445 2661 ei
477 2623 666 2674 praesenti
690 2636 836 2671 negare
859 2624 1114 2674 triumphum,
1147 2638 1207 2672 an,
1239 2637 1355 2674 quem
1379 2624 1540 2662 tradere
1566 2637 1677 2662 exer-
