1789 2955
544 77 659 111 Liber
683 76 806 111 XXX.
858 77 921 120 (A.
950 76 1012 112 oh.
1039 78 1132 121 201.)
1466 82 1546 120 269

120 205 346 251 insolentia,
379 205 523 254 quibus
555 218 658 242 nova
699 205 803 242 bona
835 204 997 241 fortuna
1027 205 1101 251 sit,
1133 205 1370 255 impotentes
1402 206 1549 243 laetitiae

124 277 320 324 insanire;
365 277 513 327 populo
546 276 726 314 Romano
770 276 918 313 usitata
950 290 993 313 ac
1025 290 1148 326 prope
1181 277 1259 314 iam
1291 277 1471 315 obsoleta
1503 290 1550 314 ex

120 348 291 387 victoria
321 349 469 397 gaudia
501 361 596 393 esse,
627 361 672 385 ac
703 348 793 397 plus
818 360 929 397 paene
958 348 1157 398 parcendo
1184 348 1300 386 victis
1325 362 1444 398 quam
1466 349 1549 386 vin-

122 420 250 458 cendo
267 421 477 471 imperium
494 420 664 467 auxisse,
692 442 740 447 —
770 423 992 458 ceterorum
1011 421 1283 458 miserabilior
1311 421 1437 458 oratio
1461 421 1551 467 fuit,
1577 421 1627 458 18

121 493 528 539 commemorantium,
559 506 607 529 ex
640 492 801 541 quantis
835 492 978 542 opibus
1010 506 1086 542 quo
1117 493 1355 530 recidissent
1386 492 1551 530 Cartha-

121 563 362 613 giniensium
394 578 477 601 res:
523 564 626 601 nihil
658 564 726 609 iis,
774 565 844 614 qui
886 565 1002 602 modo
1035 565 1169 602 orbem
1199 578 1324 614 prope
1355 569 1551 602 terrarum

121 636 372 673 obtinuerint
403 637 533 683 armis,
564 649 769 686 superesse
811 640 956 686 praeter
988 636 1244 686 Carthaginis
1287 636 1453 682 moenia;
1490 636 1553 673 his
1575 638 1623 674 19

120 708 295 746 inclusos
326 722 404 746 non
434 712 562 754 terra,
609 721 688 745 non
728 709 827 746 mari
876 709 1089 758 quicquam
1130 710 1193 746 sui
1233 708 1331 746 iuris
1371 721 1551 753 cernere,

121 781 260 818 urbem
293 793 451 830 quoque
484 781 611 831 ipsam
643 793 685 817 ac
718 784 882 830 penates
916 781 971 817 ita
1002 780 1222 828 habituros,
1262 781 1296 818 si
1326 793 1404 817 non
1436 780 1476 816 in
1509 793 1554 817 ea

119 865 293 902 quoque,
325 865 402 902 quo
429 853 532 890 nihil
560 852 729 890 ulterius
755 853 817 898 sit,
849 853 987 889 saevire
1013 852 1186 902 populus
1209 852 1413 890 Romanus
1443 851 1554 888 velit.

123 923 257 971 Quum
287 924 395 963 flecti
424 924 701 964 misericordia
741 927 874 973 patres
906 928 1134 974 appareret,
1177 927 1402 962 senatorum
1433 936 1555 960 unum
1575 924 1627 961 20

124 996 314 1034 infestum
345 996 524 1046 perfidiae
558 996 951 1044 Carthaginiensium
990 997 1251 1034 succlamasse
1292 996 1444 1041 ferunt,
1484 1007 1555 1044 per
1579 997 1629 1033 :21

123 1081 224 1118 quos
251 1068 347 1106 deos
373 1068 499 1106 foedus
524 1068 644 1106 icturi
671 1071 811 1115 essent,
835 1081 956 1117 quum
984 1082 1060 1117 eos.
1093 1082 1163 1117 per
1190 1081 1289 1117 quos
1315 1070 1406 1105 ante
1432 1067 1555 1104 ictum

125 1143 242 1187 esset,
273 1140 518 1178 fefellissent.
569 1139 673 1187 „Per
700 1139 881 1178 eosdem“
912 1140 1043 1189 inquit
1066 1139 1310 1186 Hasdrubal,
1340 1139 1555 1188 „quoniam

122 1215 204 1250 tam
237 1212 371 1249 infesti
402 1216 495 1249 sunt
524 1211 674 1249 foedera
704 1212 989 1250 violantibusst‘

238 1284 452 1322 Inclinatis
469 1286 643 1322 omnium
669 1284 718 1321 ad
744 1297 883 1334 pacem
908 1283 1060 1329 animis,
1093 1283 1162 1320 Cn.
1181 1283 1378 1321 Lentulus
1406 1283 1556 1322 consul.
1650 1279 1708 1329 43

125 1357 189 1394 cui
221 1357 359 1394 classis
391 1357 598 1406 provincia
629 1359 724 1402 erat,
757 1358 917 1393 senatus
949 1356 1129 1393 consulto
1160 1356 1398 1394 intercessit.
1456 1354 1558 1392 Tum
1580 1358 1602 1393 2

125 1427 194 1465 M’.
225 1428 387 1466 Acilius
419 1431 460 1465 et
491 1427 536 1475 Q.
569 1427 774 1464 Minucius
806 1427 961 1464 tribuni
992 1427 1120 1477 plebis
1153 1428 1203 1465 ad
1233 1428 1427 1478 populum
1458 1427 1558 1464 tule-

127 1503 232 1548 runt,
262 1500 414 1538 vellent
445 1500 682 1538 iuberentne
713 1503 891 1536 senatum
924 1499 1147 1546 decernere,
1187 1504 1232 1537 ut
1274 1513 1363 1537 cum
1395 1499 1560 1537 Cartha-

131 1572 382 1622 giniensibus
413 1585 493 1622 pax
524 1571 656 1618 fieret;
703 1575 740 1607 et
772 1584 889 1620 quem
922 1585 1003 1608 eam
1038 1585 1176 1621 pacem
1208 1572 1324 1619 dare,
1365 1585 1559 1621 quemque

132 1658 182 1682 ex
228 1643 371 1682 Africa
410 1644 631 1681 exercitum
683 1642 898 1692 deportare
946 1643 1139 1684 iuberent,
1209 1643 1273 1682 De
1318 1657 1414 1693 pace
1463 1643 1606 1691 „Uti3

129 1716 272 1765 rogas“
317 1729 452 1754 omnes
497 1716 627 1753 tribus
668 1714 888 1761 iusserunt;
926 1728 1064 1764 pacem
1112 1714 1206 1753 dare
1238 1715 1285 1754 P.
1319 1714 1562 1766 Scipionem,

128 1787 297 1826 eundem
344 1787 562 1825 exercitum
620 1787 845 1837 deportare.
921 1786 983 1824 Ex
1030 1788 1103 1825 hac
1149 1788 1360 1837 rogatione
1407 1788 1610 1825 senatus4

128 1860 327 1904 decrevit,
359 1862 404 1896 ut
434 1859 483 1897 P.
516 1858 651 1908 Scipio
683 1873 731 1896 ex
763 1858 898 1896 decem
932 1859 1153 1908 legatorum
1192 1860 1393 1897 sententia
1423 1872 1563 1909 pacem

130 1946 218 1970 cum
244 1931 395 1982 populo
415 1930 754 1979 Carthaginiensi,
788 1930 936 1980 quibus
965 1931 1123 1980 legibus
1148 1932 1184 1970 ei
1212 1933 1430 1981 vid-eretur,
1461 1932 1562 1969 face-

130 2007 205 2042 ret.
251 2002 414 2041 Gratias
446 2002 591 2040 deinde
621 2002 805 2052 patribus
830 2016 946 2052 egere
975 2003 1339 2053 Carthaginienses,
1370 2007 1410 2041 et
1440 2004 1565 2054 petie·
1587 2002 1610 2040 5

126 2080 231 2123 runt,
275 2079 321 2114 ut
364 2074 442 2113 sibi
473 2074 515 2111 in
560 2075 702 2112 urbem
750 2074 916 2112 introire
962 2079 1001 2113 et
1046 2076 1225 2126 colloqui
1272 2089 1361 2113 cum
1407 2076 1562 2113 civibus

127 2148 209 2186 suis
239 2147 391 2194 liceret,
421 2147 492 2195 qui
527 2146 634 2196 capti
666 2147 707 2183 in
739 2147 902 2196 publica
935 2148 1115 2186 custodia
1148 2151 1299 2186 essent:
1333 2161 1417 2186 esse
1444 2147 1484 2184 in
1517 2148 1607 2185 iisss

127 2219 274 2270 partim
305 2219 553 2269 propinquos
585 2218 811 2268 amicosque
846 2233 957 2266 SUOS,
1000 2221 1154 2258 nobiles
1186 2221 1384 2264 homines,
1416 2220 1564 2270 partim

127 2290 179 2329 ad
210 2303 309 2340 quos
339 2290 527 2328 mandata
559 2304 581 2328 a
611 2290 853 2340 propinquis
889 2292 1093 2331 haberent.
1157 2292 1312 2339 Quibus
1345 2292 1563 2338 conventis,
1584 2292 1606 2327 7

128 2375 251 2412 quum
281 2375 419 2400 rursus
449 2365 643 2412 peterent,
675 2366 719 2400 ut
749 2363 839 2409 sibi,
875 2377 974 2412 quos
997 2364 1161 2410 vellent,
1193 2378 1240 2401 ex
1264 2365 1316 2401 iis
1339 2363 1563 2401 redimendi

128 2436 304 2484 potestas
334 2432 458 2482 fieret,
488 2435 586 2473 iussi
616 2435 778 2473 nomina
809 2435 945 2481 edere,
985 2439 1023 2472 et
1063 2448 1183 2484 quum
1215 2435 1408 2473 ducentos
1439 2436 1563 2474 ferme

129 2504 311 2552 ederent,
357 2509 517 2544 senatus
563 2506 788 2545 consultum
835 2507 984 2544 factum
1027 2511 1106 2554 est,
1151 2511 1195 2544 ut
1234 2508 1360 2556 legati
1390 2507 1610 2545 RomaniS

129 2575 320 2614 ducentos
365 2590 413 2615 ex
445 2578 634 2628 captivis,
681 2592 779 2628 quos
819 2577 1173 2628 Carthaginienses
1219 2579 1389 2626 vellent,
1435 2578 1486 2616 ad
1518 2578 1563 2616 P.

130 2647 360 2686 Cornelium
392 2649 434 2687 in
464 2649 648 2688 Africam
681 2649 962 2700 deportarent,
1005 2651 1316 2701 nuntiarentque
1349 2651 1402 2698 ei,
1433 2654 1498 2697 ut,
1530 2651 1563 2688 si
