1789 2955
562 107 665 138 Liber
683 107 808 137 xxiv.
860 105 916 148 (A.
943 106 1004 138 Ch.
1031 105 1126 149 213.)
1461 108 1544 150 221

131 240 245 288 ginta
287 239 408 275 millia
450 250 500 274 eo
543 239 686 287 proelio
731 239 939 275 hominum
973 250 1078 275 caesa
1110 239 1310 275 dicuntur.
1388 237 1590 287 Syphax5

131 321 221 346 cum
263 309 403 358 paucis
445 309 645 356 equitibus
687 309 728 344 in
766 308 995 344 Maurusios
1028 321 1077 344 ex
1108 308 1195 344 acie
1228 308 1426 346 Numidas
1468 307 1549 360 (ex-

131 379 246 416 tremi
285 390 413 427 prope
446 377 660 416 Oceanum
698 379 892 415 adversus
925 378 1066 415 Gades
1099 376 1251 428 colunt)
1288 379 1447 428 refugit,
1491 380 1550 416 af-

132 449 428 497 fluentibusque
452 450 508 486 ad
533 449 682 486 famam
707 451 792 486 eius
816 450 996 497 undique
1013 450 1206 494 barbaris,
1235 450 1422 497 ingentes
1440 451 1550 486 brevi

132 520 273 569 copias
298 520 478 565 armavit,
509 532 600 557 eum
626 521 769 568 quibus
792 520 834 556 in
851 519 1092 568 Hispaniam
1116 525 1290 569 angusto
1308 520 1550 568 diremptam
1565 520 1589 558 «5

132 590 235 627 freto
268 591 481 627 traiiceret.
543 591 605 627 Eo
629 590 846 627 Masinissa
878 603 968 627 cum
991 590 1142 627 victore
1166 591 1341 627 exercitu
1365 590 1549 634 advenit;

131 661 246 709 isque
276 661 331 696 ibi
364 672 454 697 cum
480 661 666 710 Syphace
697 661 853 710 ingenti
883 661 1012 709 gloria
1043 673 1114 709 per
1139 673 1195 705 se,
1230 662 1317 698 sine
1344 662 1430 698 ullis
1454 661 1551 698 Car-

132 731 446 780 thaginiensium
479 732 638 780 opibus,
672 732 798 780 gessit
829 732 989 767 bellum.

250 801 297 838 In
323 801 523 850 Hispania
539 803 644 838 nihil
669 802 930 838 memorabile
952 807 1124 850 gestum,
1149 808 1415 850 praeterquam
1441 804 1554 851 quod
1569 800 1590 840 7

134 871 379 909 Celtiberum
410 872 658 909 iuventutem
687 873 833 909 eadem
857 873 1060 917 mercede,
1095 885 1175 920 qua
1198 879 1317 921 pacta
1342 885 1434 910 cum
1457 873 1553 910 Car-

133 942 453 991 thaginiensibus
486 948 584 988 erat,
617 943 883 992 imperatores
907 943 1082 979 Romani
1115 944 1170 980 ad
1194 956 1238 980 se
1265 945 1552 992 perduxerunt,

134 1018 174 1049 et
196 1013 470 1050 nobilissimos
488 1012 698 1062 Hispanos
723 1026 843 1063 supra
867 1020 1072 1051 trecentos
1095 1014 1137 1050 in
1153 1014 1309 1050 Italiam
1334 1015 1390 1050 ad
1409 1014 1553 1051 sollici·
1569 1016 1593 1053 ὅ

134 1084 285 1120 tandos
308 1084 540 1132 populares,
565 1085 637 1131 qui
650 1085 753 1122 inter
770 1085 916 1121 auxilia
932 1085 1174 1121 Hannibalis
1193 1090 1319 1129 erant,
1346 1085 1553 1121 miserunt.

132 1154 182 1191 Id
219 1155 347 1191 modo
379 1155 464 1191 eius
496 1156 593 1191 anni
625 1155 668 1191 in
699 1155 899 1204 Hispania
931 1157 985 1192 ad
1017 1155 1255 1191 memoriam
1287 1154 1447 1203 insigne
1480 1161 1553 1199 est,

135 1226 249 1273 quod
271 1227 564 1263 mercenarium
593 1226 759 1262 militem
781 1226 823 1262 in
846 1226 985 1263 castris
1009 1226 1216 1263 neminem
1234 1231 1454 1273 antequam
1472 1232 1554 1262 tum

136 1294 362 1333 Celtiberos
393 1296 569 1333 Romani
602 1297 841 1333 habuerunt.
