1768 2943
909 91 1008 123 XXII

254 205 360 247 mille)
387 206 581 245 XXXVIII,
610 207 629 240 7
655 206 817 249 (quinque
844 210 924 239 add.
952 210 980 240 l.
1010 207 1134 251 Periz.)
1178 209 1198 241 9
1225 209 1484 251 (quinquaginta
1511 210 1657 250 quinque

255 265 292 295 P.
319 266 432 295 Drak.
459 266 713 308 quinquaginta.
758 267 879 297 Livius
904 268 1032 298 oblitus
1057 273 1145 306 erat,
1171 270 1320 310 quinque
1335 269 1418 299 illas
1445 276 1566 306 naves,
1587 279 1659 310 quae

253 324 386 363 legatos
422 324 569 355 Romam
590 329 795 365 portarunt,
833 326 874 355 de
911 326 1020 355 classe
1057 327 1098 359 P,
1145 327 1282 357 Valerii
1304 328 1480 357 detractas
1511 325 1658 369 fuisse.)

253 381 413 418 XXXIX,
446 381 466 413 2
499 382 649 423 (ignarus
682 394 739 414 rex
781 384 887 413 Gron.
922 394 940 413 e
965 384 1011 414 P.-
1043 384 1178 424 ignarus
1211 395 1261 415 ex.
1314 386 1426 416 Drak.
1455 385 1590 425 ignarus
1617 385 1658 416 de

253 439 309 481 iis)
339 439 361 473 3
393 439 506 483 (Illud
537 442 589 472 cui
622 465 629 472 .
658 465 666 472 .
694 466 699 472 .
734 446 805 472 erat
837 442 1030 471 damnabat
1065 443 1171 473 Gron.
1231 444 1301 474 Sed
1329 454 1390 474 nec
1421 444 1458 473 id
1488 447 1661 474 annotare

252 498 313 538 qui
344 499 380 528 c'n
411 503 558 530 mentem
590 499 747 540 cuiquam
780 501 925 536 venerit,
964 501 1081 530 Graece
1112 503 1321 540 praesertim,
1347 503 1457 539 video,
1484 512 1545 532 nec
1571 505 1661 532 recte

252 557 306 587 lzic
330 558 421 588 nude
446 558 658 595 nominatur,
698 558 817 588 addito
844 559 880 587 z'n
906 559 1038 588 duobus
1057 559 1186 598 patria>
1212 560 1357 590 nomine.
1390 561 1514 601 Itaque
1538 560 1574 590 in
1599 560 1662 590 hoc

252 615 361 646 nescio
411 627 477 656 quo
516 617 594 646 lusu
632 619 830 646 revocatum
867 616 1046 658 antiquum
1088 628 1273 657 cognomen
1308 617 1419 659 puto.)
1462 616 1465 660 Ι
1505 618 1660 649 Boeotius

252 672 378 713 (Gron.
412 685 429 704 e
454 675 501 705 P:
531 674 729 705 boeusotius.
781 675 894 705 Drak.
930 675 1112 706 Beroeaeus.
1149 675 1204 706 De
1229 677 1378 707 nominis
1402 677 1577 717 scriptura
1603 677 1661 706 ad-

252 734 372 762 monui
396 731 509 774 alibi.)
559 732 580 765 8
608 732 814 774 (Suessulam
848 732 1043 764 Cluverius.
1063 734 1307 773 Pbesumiam,
1334 736 1447 766 Drak.
1468 732 1662 773 Vesuvium)

253 790 324 827 XL,
358 790 379 823 4
407 791 551 832 (Hostus
587 791 648 822 Sil.
684 792 727 822 It.
755 792 842 829 XII,
876 794 954 824 347.
988 794 1067 825 403.
1100 795 1178 826 413.
1215 795 1248 827 P
1271 794 1324 823 hic
1349 793 1489 830 hostius,
1516 793 1613 830 XLI,
1639 795 1661 825 3

251 848 368 879 hostis.
397 850 509 880 Drak.
525 848 680 892 Hiostus)
695 850 715 882 9
733 849 827 891 (dein
847 860 906 890 per
928 851 1000 890 Mg.
1023 851 1101 882 Em.
1123 854 1192 885 326
1206 863 1223 882 e
1237 852 1283 882 P.-
1309 852 1467 891 deinceps
1486 860 1661 891 procursa—

252 907 361 938 tiones
386 907 483 938 levia.
535 908 648 939 Drak.
685 908 807 939 deinde
833 919 985 949 procurs.
1014 909 1181 952 leviaque)
1209 910 1298 947 XLI,
1327 909 1368 942 11
1397 910 1526 951 (ducto,
1560 915 1661 940 vento

253 971 403 1006 aestuque
429 976 490 997 suo
523 966 652 1004 Weiss„
679 967 753 1007 Mg.
782 967 859 997 Em.
887 970 967 1001 326.
999 967 1103 999 codd.
1132 969 1234 998 ducto
1260 973 1410 1009 aestuque
1437 978 1507 998 suo.
1547 968 1661 998 Drak.

253 1024 371 1059 ducto.
404 1031 552 1067 aestuque
583 1025 748 1068 secundo)
779 1026 887 1063 XLII,
919 1026 941 1058 2
974 1027 1026 1057 his
1059 1026 1080 1059 5
1113 1026 1230 1067 (quum
1269 1027 1436 1067 ploratum
1472 1027 1546 1057 edd.
1581 1030 1660 1057 vett.

257 1082 374 1121 Codd„
424 1085 539 1115 Drak.
578 1084 842 1125 comploratum‚
880 1086 1039 1115 oratione
1069 1086 1176 1115 aliter
1213 1084 1449 1127 interpuncta)
1488 1084 1532 1118 10
1570 1083 1662 1125 (pro-

252 1142 405 1182 praetoris
448 1142 576 1174 Walclz.
623 1144 656 1173 P
686 1143 818 1184 propri,
857 1143 971 1174 Drak.
1005 1141 1145 1185 proprii)
1184 1142 1228 1176 13
1265 1143 1527 1184 praesidiumque
1565 1142 1663 1173 simul

252 1201 349 1231 nobis
375 1206 407 1232 et
433 1201 532 1232 Nolae
559 1200 648 1243 (Mg.
677 1202 754 1232 Em.
783 1192 861 1235 327.
890 1202 923 1231 P
947 1213 989 1232 m.
1024 1206 1043 1235 1
1074 1201 1336 1243 praesidiumque
1370 1201 1469 1232 misul
1500 1201 1598 1232 nobis
1629 1206 1662 1231 et

252 1259 350 1290 Nolae
395 1260 652 1291 ademdemeris.
722 1261 834 1290 Drak.
874 1261 1135 1302 praesidiumque
1179 1260 1315 1291 missum
1354 1259 1452 1290 nobis
1491 1264 1524 1290 et
1561 1259 1661 1290 Nolae

252 1317 429 1360 ademerit)
462 1319 593 1356 XLIII,
625 1318 646 1351 4
681 1317 828 1361 (quoque
860 1328 896 1350 se
924 1320 1074 1360 Siesbye.
1111 1318 1225 1356 Codes„
1263 1319 1376 1348 Drak.
1404 1328 1439 1348 se
1467 1315 1615 1360 quoque)
1642 1317 1661 1350 7

250 1375 312 1417 (ita
349 1383 465 1417 egerat
502 1378 618 1409 Alsch.
658 1388 676 1407 e
707 1377 756 1408 P.-
793 1377 839 1408 ita
873 1382 977 1418 gerat.
1011 1379 1124 1408 Drak.
1159 1377 1206 1407 ita
1239 1376 1399 1418 gerebat)
1427 1374 1429 1418 2
1460 1375 1570 1418 (Koch
1606 1381 1663 1406 aut

251 1435 341 1465 hosti
379 1442 505 1467 temere
536 1434 701 1477 probab.)
743 1434 746 1478 Ι
786 1434 932 1476 (fuerant
975 1435 1074 1467 Crev.
1120 1435 1241 1473 codd„
1281 1436 1394 1466 Drak.
1434 1434 1579 1476 fuerunt)
1620 1433 1662 1467 13

253 1493 374 1535 (magis
413 1496 492 1526 add.
538 1494 714 1529 Wesenb.;
752 1496 789 1524 in
820 1495 944 1534 paucis
975 1496 1068 1525 codd.
1102 1505 1182 1524 recc.
1210 1498 1293 1533 post
1325 1494 1473 1534 ipsorum
1507 1494 1661 1524 additur,

257 1553 334 1596 er.
374 1554 452 1584 Em.
486 1557 531 1587 97
569 1558 603 1584 et
633 1555 674 1583 de
706 1554 829 1584 ordine
860 1555 1044 1584 verborum
1080 1553 1129 1589 II,
1156 1555 1187 1590 7,
1228 1555 1282 1589 10,
1320 1553 1392 1589 III,
1419 1556 1451 1589 2,
1481 1554 1523 1585 13
1549 1555 1583 1582 et
1606 1553 1662 1588 42,

254 1616 271 1645 1
299 1616 332 1642 et
356 1615 410 1648 61.
443 1615 475 1650 3,
517 1613 617 1649 VIII,
650 1615 706 1649 25,
741 1614 794 1649 12,
828 1612 874 1648 Χ,
906 1614 962 1649 23,
995 1614 1026 1648 8,
1060 1611 1178 1648 XXV,
1213 1613 1269 1647 40,
1301 1614 1333 1648 8,
1366 1611 1506 1648 XXVI,
1539 1612 1596 1648 41,
1629 1612 1661 1647 8,

252 1671 412 1708 XXVII,
440 1673 494 1708 14,
526 1674 559 1709 2,
591 1670 774 1707 XXVIII,
800 1673 856 1707 29,
883 1673 916 1707 8,
949 1671 1104 1708 XXXV,
1130 1673 1162 1708 2,
1195 1673 1227 1707 2,
1263 1672 1300 1700 in
1324 1669 1448 1710 quibus
1473 1669 1557 1699 locis
1582 1671 1664 1698 ante

251 1730 412 1760 adverbii
442 1731 720 1769 comparativum
759 1729 995 1768 interponitur
1022 1727 1149 1770 quam.)
1206 1727 1250 1761 14
1287 1727 1421 1769 (casura
1457 1727 1661 1767 Nipperdei.

255 1787 368 1823 codd„
394 1788 508 1818 Drak.
536 1786 685 1829 cessura)
711 1787 833 1825 XLIV,
862 1787 879 1819 1
907 1787 1020 1828 (fuerit
1051 1789 1158 1819 Gron.
1180 1793 1249 1828 pro
1277 1786 1398 1826 suerat)
1424 1785 1446 1818 2
1471 1786 1561 1826 (sero
1587 1794 1663 1815 esse

252 1851 391 1877 mutare.
442 1848 499 1877 An
532 1870 538 1877 .
567 1870 574 1876 .
603 1872 610 1879 .
643 1845 883 1877 arcessendum
915 1846 989 1886 Mg.
1022 1847 1100 1876 Em.
1133 1849 1202 1880 328
1234 1857 1266 1876 n.
1301 1856 1318 1875 e
1350 1846 1389 1882 P,
1427 1845 1464 1874 in
1497 1854 1560 1885 quo
1594 1847 1660 1873 est:

252 1910 380 1935 mutare
419 1915 492 1935 eam
531 1904 704 1935 dedituris.
757 1905 871 1934 Drak.
923 1904 1098 1935 Dedituris
1130 1914 1165 1935 se
1195 1904 1239 1934 H.
1273 1914 1340 1934 non
1374 1901 1492 1945 fuisse)
1525 1901 1546 1935 5
1572 1900 1663 1944 (nam

258 1963 374 1994 Weiss.
408 1964 442 1993 P
462 1969 546 2004 tam;
573 1964 680 1992 ceteri
710 1966 743 1992 et
769 1963 880 1993 Drak.
913 1961 1038 2005 tamen)
1068 1962 1070 2005 Ι
1100 1962 1183 2005 (Pro
1210 1963 1347 2003 triginta
1377 1963 1483 1992 Gron.
1512 1960 1662 1997 trecenti,

248 2020 507 2062 probabiliter.)
539 2020 560 2054 8
592 2021 766 2061 proximus
798 2031 919 2051 errore
951 2022 1054 2059 XLV,
1088 2021 1109 2054 52
1134 2021 1184 2063 (in
1211 2021 1301 2062 agris
1327 2021 1513 2056 Lucanus,
1548 2025 1581 2049 et
1608 2019 1664 2059 qui

253 2081 368 2114 Alsclz,
407 2080 524 2117 Codd„
557 2081 671 2110 Drak.
706 2080 741 2110 in
775 2090 868 2120 agro.
905 2081 964 2110 sed
998 2079 1068 2122 qui)
1093 2080 1115 2113 8
1140 2079 1298 2121 (derepto
1326 2080 1418 2110 Duk.
1442 2083 1508 2118 pro
1535 2083 1663 2118 erepto.

254 2139 460 2179 Demffiimur
491 2143 525 2170 et
555 2135 777 2169 detrahimur
808 2139 849 2168 de
881 2149 965 2179 equo
998 2143 1061 2168 aut
1091 2149 1133 2169 ex
1164 2149 1258 2181 equo,
1291 2149 1359 2168 non
1389 2135 1585 2177 eripimur.)
1622 2136 1665 2169 lO

254 2209 306 2235 en,
340 2198 448 2228 minor
480 2208 532 2228 res
563 2202 632 2234 est;
659 2197 715 2228 hic
742 2197 885 2238 experiri
918 2196 1007 2237 (Μέρη
1036 2197 1114 2227 Em.
1141 2200 1210 2230 327
1236 2208 1253 2226 e
1278 2197 1322 2226 P:
1357 2196 1446 2227 enim
1474 2195 1585 2225 minor
1611 2203 1664 2224 res

253 2262 303 2287 est
329 2256 383 2287 hic
410 2255 501 2297 exp.)
534 2256 654 2293 XLVI,
682 2255 703 2288 6
735 2254 781 2297 (et
813 2255 956 2296 Hispani
997 2255 1113 2286 Weiss.
1150 2256 1262 2286 Drak.
1295 2253 1523 2302 Hispan-ique)
1555 2252 1575 2285 9
1608 2252 1665 2294 (ad

254 2315 474 2346 obtinendum
506 2315 580 2355 slsg.
614 2315 691 2345 Em.
727 2317 796 2348 328
828 2325 846 2344 e
870 2314 919 2344 P.-
952 2314 994 2344 ad
1021 2313 1213 2354 petendum.
1265 2313 1378 2342 Drak.
1406 2312 1449 2342 ad
1475 2308 1665 2352 tutandum)

256 2373 299 2407 13
331 2374 360 2404 is
391 2378 470 2404 tune
503 2384 520 2403 e
551 2375 637 2404 cons.
671 2373 814 2404 Luclzsii
845 2372 995 2413 (W'alch.
1035 2372 1158 2409 Codd.,
1193 2372 1306 2401 Drak.
1335 2370 1451 2411 Hunc)
1477 2369 1616 2406 XLVII.
1642 2368 1663 2402 4

255 2432 476 2463 extrahebant
508 2431 636 2472 (Gron.
671 2443 689 2462 e
720 2432 768 2462 P.-
799 2429 1072 2469 extraherebant)
1109 2430 1129 2462 6
1163 2428 1255 2471 (Em.
1290 2432 1359 2462 328
1391 2428 1442 2470 n.)
1474 2429 1492 2462 7
1525 2427 1580 2469 (ea
1611 2428 1666 2458 via

250 2497 317 2531 pro
344 2502 385 2522 ex
413 2492 467 2522 via
495 2492 537 2521 A.
564 2491 673 2521 Periz.
704 2490 823 2521 SedP
843 2500 917 2520 cum
943 2499 1030 2520 exua
1055 2489 1157 2529 longe
1183 2487 1428 2528 perequitasset
1454 2487 1533 2527 quia
1559 2486 1663 2523 nullo,

256 2561 297 2579 ex
323 2560 388 2590 quo
415 2550 512 2592 effici
535 2550 691 2580 videtur:
729 2559 829 2589 quum
863 2558 945 2579 cava
976 2548 1077 2588 longe
1110 2547 1354 2588 perequitasset
1380 2546 1445 2582 via,
1471 2545 1566 2576 nullo
1589 2543 1665 2586 cet.)

255 2608 276 2641 8
308 2607 402 2650 (vera
434 2608 475 2639 sit
514 2609 620 2639 Gron.
657 2609 690 2642 P
712 2607 848 2644 vetatis,
882 2607 994 2637 Drak.
1029 2605 1109 2636 satis
1142 2604 1283 2646 certam)
1311 2603 1316 2648 ᾗ
1345 2603 1458 2645 (porta
1483 2604 1557 2644 Mg.
1585 2603 1662 2633 Em.
