1789 2955
235 86 318 126 248
667 84 768 115 Liber
788 85 894 115 XXV.
935 83 991 126 (A.
1014 96 1045 117 u.
1067 96 1096 117 c.
1120 85 1215 127 542.)

234 216 289 251 ad
320 215 530 252 libidinem
560 214 729 251 militum
762 214 864 252 forte
899 217 1217 264 procurrentium
1250 217 1649 265 consistentiumque,

233 297 315 333 quo
348 286 440 322 loco
473 285 652 334 ipsorum
687 284 843 322 tulisset
875 287 1045 332 animus,
1080 288 1231 324 deinde
1256 300 1326 336 per
1350 288 1558 324 libidinem
1584 293 1653 324 aut

193 353 385 394 6metum
423 355 696 391 deserentium
735 355 882 393 locum.
944 357 1076 394 Prima
1114 358 1221 406 legio
1254 362 1295 393 et
1326 358 1485 394 sinistra
1516 358 1581 394 ala
1611 358 1652 394 in

195 423 217 463 7
234 425 364 474 primo
392 425 594 462 instructae
622 430 662 461 et
689 425 729 462 in
753 426 1051 474 longitudinem
1075 432 1261 476 porrecta
1286 428 1407 464 acies.
1464 427 1652 464 Claman—

234 495 339 532 tibus
372 495 552 538 tribunis,
585 495 680 531 nihil
712 495 906 533 introrsus
933 498 1091 534 roboris
1116 509 1163 534 ac
1188 497 1327 533 virium
1353 509 1443 534 esse
1469 503 1521 541 et,
1555 510 1652 546 qua-

235 577 394 614 cunque
411 565 604 614 impetum
623 565 814 603 fecissent
831 566 982 610 hostes,
1003 572 1275 616 perrupturos,
1293 567 1404 611 nihil,
1424 568 1537 615 quod
1549 567 1653 604 salu-

234 641 319 671 tare
352 640 472 679 esset,
505 648 591 672 non
623 637 750 673 modo
783 637 837 672 ad
862 636 1054 680 animum,
1089 638 1163 674 sed
1188 650 1240 674 ne
1265 638 1319 673 ad
1344 650 1460 674 aures
1488 637 1652 685 quidem

194 704 488 745 Sadmittebat.
567 705 618 742 Et
649 705 855 742 Hannibal
887 707 1206 755 haudquaquam
1238 708 1374 745 similis
1408 709 1489 744 dux
1520 719 1654 755 neque

236 775 352 812 simili
376 776 551 813 exercitu
576 788 709 824 neque
732 777 788 812 ita
813 776 1007 814 instructo
1037 778 1192 814 aderat.
1239 777 1349 826 Ergo
1367 790 1418 814 ne
1437 778 1655 814 clamorem

236 846 401 894 quidem
440 851 562 895 atque
598 846 793 895 impetum
832 846 1003 894 primum
1036 859 1176 884 eorum
1208 848 1382 885 Romani
1416 848 1653 884 sustinuere.

195 913 220 954 9
235 916 327 953 Dux
352 916 516 953 stultitia
539 921 579 953 et
603 917 827 953 temeritate
846 916 1048 954 Centenio
1072 930 1156 966 par,
1184 919 1320 954 animo
1339 918 1655 965 haudquaquam

236 988 551 1035 comparandus,
585 987 653 1023 ubi
685 999 767 1023 rem
799 987 1033 1024 inclinatam
1068 1000 1115 1025 ac
1138 988 1388 1037 trepidantes
1413 999 1508 1024 suos
1533 987 1654 1031 videt,

168 1054 222 1096 10
236 1069 343 1105 equo
376 1063 537 1106 arrepto
570 1069 660 1094 cum
693 1057 878 1094 ducentis
905 1057 1030 1094 ferme
1056 1059 1256 1106 equitibus
1282 1058 1439 1106 effugit;
1474 1062 1610 1094 cetera
1633 1069 1657 1093 a

237 1127 370 1164 fronte
386 1128 515 1176 pulsa,
533 1127 622 1164 inde
640 1140 663 1163 a
682 1132 796 1176 tergo
815 1133 936 1176 atque
956 1129 1027 1165 alis
1046 1128 1317 1166 circumventa
1334 1128 1442 1165 acies
1460 1139 1510 1164 eo
1529 1139 1656 1175 usque

237 1202 299 1234 est
336 1209 454 1242 caesa,
494 1203 537 1234 ut
576 1211 624 1234 ex
656 1197 937 1246 duodeviginti
969 1199 1141 1236 millibus
1174 1198 1383 1235 hominum
1416 1199 1499 1235 duo
1532 1197 1654 1234 millia

237 1268 349 1304 haud
380 1268 550 1317 amplius
583 1268 795 1305 evaserint.
860 1268 1010 1306 Castris
1043 1270 1182 1306 hostes
1214 1269 1330 1318 potiti
1364 1273 1468 1305 sunt.

112 1333 174 1377 22
355 1338 430 1375 Hae
454 1339 605 1383 clades,
637 1351 756 1387 super
779 1339 898 1375 aliam
926 1339 1016 1383 alia,
1043 1340 1216 1376 Romam
1243 1351 1364 1387 quum
1393 1343 1529 1375 essent
1557 1349 1656 1374 nun-

238 1409 358 1453 tiatae,
392 1409 536 1457 ingens
569 1409 732 1456 quidem
766 1414 806 1445 et
829 1410 956 1446 luctus
982 1415 1022 1445 et
1046 1422 1171 1458 pavor
1197 1409 1395 1446 civitatem
1422 1409 1548 1457 cepit;
1583 1408 1657 1444 sed

238 1485 388 1523 tamen,
414 1479 508 1527 quia
533 1480 733 1523 consules,
761 1479 828 1515 ubi
853 1492 1009 1516 summa
1032 1492 1163 1516 rerum
1187 1484 1306 1522 esset,
1331 1480 1385 1515 ad
1409 1480 1452 1515 id
1476 1479 1657 1515 locorum

238 1562 433 1599 prospere
465 1562 549 1586 rem
580 1555 779 1598 gererent,
813 1550 945 1587 minus
979 1550 1039 1586 his
1073 1550 1254 1586 cladibus
1282 1549 1656 1586 commovebantur.

198 1617 418 1668 2Legatos
451 1621 505 1656 ad
533 1620 721 1656 consules
744 1620 905 1656 mittunt
931 1620 976 1656 C.
1003 1619 1233 1663 Laetorium,
1267 1619 1323 1656 M.
1349 1619 1558 1663 Metilium,
1592 1618 1659 1667 qui

239 1689 483 1733 nuntiarent,
522 1694 565 1726 ut
595 1691 782 1738 reliquias
815 1691 987 1727 duorum
1022 1690 1266 1727 exercituum
1300 1702 1389 1726 cum
1423 1701 1515 1726 cura
1549 1689 1659 1726 colli-

199 1757 382 1809 3gerent
413 1761 638 1808 darentque
671 1773 851 1809 operam,
885 1773 937 1796 ne
970 1773 1042 1809 per
1073 1765 1224 1797 metum
1255 1772 1303 1797 ac
1327 1759 1657 1808 desperationem

239 1830 346 1867 hosti
365 1843 407 1867 se
426 1831 638 1875 dederent,
667 1831 710 1866 id
727 1831 840 1879 quod
859 1835 953 1879 post
972 1830 1234 1867 Cannensem
1252 1829 1466 1866 accidisset
1483 1829 1656 1873 cladem,

198 1897 280 1937 4et
318 1905 360 1936 ut
401 1901 632 1937 desertores
665 1902 718 1937 de
751 1900 926 1937 exercitu
958 1901 1150 1937 volonum
1184 1900 1481 1948 conquirerent.
1544 1899 1659 1936 Idem

241 1970 394 2019 negotii
426 1971 470 2007 P.
505 1970 696 2007 Cornelio
737 1971 889 2014 datum,
933 1971 995 2007 cui
1028 1976 1067 2007 et
1100 1970 1269 2007 dilectus
1302 1970 1519 2006 mandatus
1553 1974 1656 2013 erat;

241 2041 355 2089 isque
384 2053 455 2089 per
480 2041 567 2077 fora
591 2040 939 2088 conciliabulaque
963 2040 1100 2085 edixit,
1130 2045 1172 2076 ut
1197 2040 1440 2088 conquisitio
1464 2041 1657 2077 volonum

242 2111 354 2147 fieret
376 2111 604 2159 repertique
628 2111 682 2146 ad
707 2110 822 2158 signa
847 2111 1149 2152 reducerentur.
1198 2110 1297 2147 Haec
1322 2111 1459 2147 omnia
1475 2109 1658 2146 intentis-

243 2182 344 2218 sima
377 2193 471 2218 cura
503 2186 608 2218 acta.

201 2248 228 2288 5
361 2252 466 2300 App.
492 2250 685 2288 Claudius
714 2251 869 2297 consul,
899 2250 949 2287 D.
976 2251 1092 2288 Iunio
1118 2252 1172 2287 ad
1199 2251 1345 2288 ostium
1370 2251 1569 2294 Vulturni,
1599 2250 1656 2287 M.

242 2321 404 2358 Aurelio
434 2320 556 2358 Cotta
582 2320 760 2357 Puteolis
792 2321 1026 2370 praeposito,
1063 2321 1142 2369 qui,
1177 2327 1219 2357 ut
1251 2333 1420 2369 quaeque
1453 2332 1577 2357 naves
1611 2332 1659 2356 ex

243 2391 400 2428 Etruria
424 2403 471 2428 ac
489 2391 675 2428 Sardinia
699 2391 980 2435 accessissent,
1007 2392 1210 2440 extemplo
1235 2391 1276 2428 in
1301 2396 1432 2428 castra
1455 2390 1658 2427 mitterent

201 2459 498 2506 6frumentum,
530 2462 617 2510 ipse
650 2462 704 2497 ad
729 2460 911 2510 Capuam
944 2473 1150 2509 regressus
1183 2462 1234 2508 Q.
1258 2461 1436 2497 Fulvium
1461 2461 1660 2509 collegam

243 2532 394 2569 invenit
427 2531 606 2569 Casilino
646 2531 783 2568 omnia
822 2532 1108 2580 deportantem
1147 2531 1454 2577 molientemque
1492 2531 1547 2567 ad
1587 2543 1660 2580 op-

203 2600 225 2639 7
242 2603 506 2650 pugnandam
533 2602 729 2651 Capuam.
792 2602 896 2638 Tum
929 2602 1050 2638 ambo
1084 2602 1428 2638 circumsederunt
1451 2601 1590 2637 urbem
1619 2605 1659 2637 et
