1768 2943
269 110 324 150 84
699 110 803 141 Liber
828 110 936 141 XXII.
965 109 1019 154 (A.
1047 122 1077 143 u.
1105 121 1133 142 e.
1161 110 1255 154 537.)

266 240 467 276 fortunam
497 253 624 285 suam,
658 241 690 277 si
723 242 896 278 dictator
928 243 967 278 in
1002 244 1260 280 cunctatione
1295 255 1341 280 ac
1375 244 1545 292 segnitie
1577 245 1677 281 deo-

221 303 347 346 5rum
389 311 678 360 hominumque
717 312 868 348 iudicio
909 313 1104 350 damnata
1144 319 1353 362 perstaret.
1416 313 1556 362 Itaque
1595 327 1676 363 quo

263 382 329 418 die
347 383 516 430 primum
535 394 777 431 congressus
796 388 858 420 est
875 395 964 419 cum
984 383 1034 429 Q.
1054 384 1194 428 Fabio,
1215 385 1476 420 statuendum
1495 385 1673 422 omnium

221 446 246 485 6
262 452 431 501 primum
457 454 511 490 ait
536 466 639 498 esse,
665 454 1011 501 quemadmodum
1035 455 1204 502 imperio
1231 460 1390 502 aequato
1416 459 1595 492 utantur:
1631 468 1673 493 se

262 524 457 572 optimum
490 525 652 568 ducere,
686 529 754 561 aut
779 525 922 561 diebus
949 525 1112 562 alternis
1131 530 1211 569 aut,
1246 525 1278 562 si
1296 525 1450 561 maiora
1467 525 1673 563 intervalla

261 594 479 642 placerent,
494 595 646 643 partitis
663 595 911 644 temporibus
926 595 1085 632 alterius
1101 607 1298 632 summum
1311 595 1372 632 ius
1384 595 1674 645 imperiumque

222 658 243 697 7
261 676 364 708 esse,
391 670 433 701 ut
456 677 527 713 par
555 666 660 702 hosti
684 677 767 702 non
792 665 921 702 solum
947 666 1132 710 consilio,
1159 667 1233 702 sed
1250 666 1395 702 viribus
1414 666 1534 702 etiam
1553 673 1673 712 esset,

221 728 246 768 8
262 735 293 770 si
319 747 439 783 quam
465 736 725 772 occasionem
754 736 809 772 rei
833 736 1025 784 gerendae
1050 736 1268 773 habuisset.
1318 736 1368 782 Q.
1395 736 1521 773 Fabio
1547 737 1675 774 haud-

262 817 464 853 quaquam
481 806 524 842 id
541 807 719 855 placere:
747 807 884 843 omnia
903 806 1104 842 fortunam
1123 819 1213 842 eam
1231 807 1426 850 habitura,
1454 819 1673 855 quamcun—

262 888 339 923 que
379 876 582 913 temeritas
623 877 788 925 collegae
829 876 1054 920 habuisset;
1095 877 1169 913 sibi
1209 877 1548 914 communicatum
1582 891 1670 915 cum

228 940 253 980 9
269 945 350 990 illo,
384 959 467 983 non
491 948 726 995 ademptum
744 947 953 995 imperium
971 959 1080 991 esse;
1099 947 1234 995 itaque
1253 959 1296 983 se
1313 960 1519 995 nunquam
1537 949 1674 986 volen-

262 1002 347 1054 tem*
367 1023 493 1066 parte,
528 1030 606 1066 qua
633 1023 785 1067 posset,
815 1030 943 1053 rerum
970 1018 1140 1055 consilio
1165 1019 1435 1066 gerendarum
1455 1031 1671 1065 cessurum,

260 1101 336 1126 nec
369 1101 412 1125 se
439 1095 622 1137 tempora
640 1094 708 1125 aut
725 1088 812 1125 dies
830 1088 985 1137 imperii
1003 1100 1093 1125 cum
1111 1101 1175 1133 eo,
1207 1089 1421 1125 exercitum
1442 1090 1670 1135 divisurum,

261 1160 422 1208 suisque
441 1159 631 1204 consiliis,
666 1160 858 1207 quoniam
877 1159 1013 1195 omnia
1031 1171 1116 1196 non
1133 1159 1281 1199 liceret.
1302 1171 1389 1207 quae
1408 1165 1560 1207 posset,
1591 1172 1672 1197 ser-

196 1226 247 1266 lO
261 1235 454 1267 vaturum.
502 1230 561 1266 Ita
580 1229 764 1274 obtinuit,
790 1235 832 1265 ut
849 1230 1045 1278 legiones,
1073 1230 1174 1266 sicut
1191 1230 1423 1266 consulibus
1441 1242 1530 1266 mos
1549 1237 1668 1275 esset,

259 1301 362 1337 inter
395 1313 438 1337 se
470 1301 710 1337 dividerent.
773 1300 903 1336 Prima
936 1306 976 1336 et
1008 1305 1149 1349 quarta
1181 1300 1381 1344 Minucio,
1419 1302 1599 1337 secunda
1632 1307 1672 1338 et

195 1368 243 1407 11
262 1372 378 1408 tertia
396 1372 523 1408 Fabio
543 1377 775 1408 evenerunt.
824 1371 924 1407 Item
951 1371 1106 1419 equites
1135 1371 1219 1419 pari
1247 1382 1414 1407 numero
1434 1372 1671 1420 sociumque

260 1448 300 1478 et
322 1442 456 1479 Latini
479 1442 654 1479 nominis
678 1442 822 1478 auxilia
846 1441 1078 1478 diviserunt.
1129 1441 1278 1477 Castris
1305 1453 1467 1489 quoque
1493 1454 1535 1478 se
1553 1454 1670 1491 sepa-

260 1513 336 1549 rari
368 1513 559 1562 magister
591 1513 767 1561 equitum
801 1512 937 1549 voluit.

120 1577 181 1621 28
377 1584 536 1633 Duplex
560 1583 657 1620 inde
685 1583 903 1619 Hannibali
927 1584 1121 1632 gaudium
1147 1583 1236 1626 fuit;
1270 1595 1403 1631 neque
1430 1583 1535 1619 enim
1563 1585 1672 1632 quic-

260 1666 380 1702 quam
414 1666 573 1699 eorum,
608 1666 696 1702 quae
729 1654 839 1702 apud
873 1654 1010 1690 hostes
1043 1659 1278 1702 agerentur,
1313 1665 1403 1689 eum
1438 1653 1601 1691 fallebat
1633 1662 1673 1691 et

220 1721 436 1773 2perfugis
461 1726 585 1761 multa
609 1724 882 1761 indicantibus
909 1729 949 1759 et
972 1736 1042 1772 per
1068 1736 1163 1760 suos
1188 1725 1484 1773 explorantem:
1511 1737 1605 1761 nam
1633 1731 1673 1761 et

258 1795 424 1831 liberam
457 1795 623 1832 Minucii
663 1794 928 1831 temeritatem
969 1806 1011 1830 se
1052 1807 1125 1831 suo
1165 1795 1291 1831 modo
1326 1800 1598 1842 captaturum,
1633 1801 1673 1831 et

223 1862 449 1902 3sollertiae
482 1866 595 1901 Fabii
635 1865 845 1901 dimidium
886 1864 1023 1900 virium
1057 1865 1297 1902 decessisse.
1361 1865 1555 1902 Tumulus
1588 1872 1672 1903 erat

258 1937 360 1972 inter
393 1942 524 1973 castra
541 1936 706 1972 Minucii
725 1942 765 1971 et
781 1935 1010 1979 Poenorum,
1042 1948 1160 1984 quern
1185 1937 1251 1985 qui
1278 1942 1532 1984 occupasset,
1562 1937 1670 1973 haud

216 2004 381 2042 4dubie
414 2006 654 2054 iniquiorem
686 2011 771 2041 erat
804 2006 908 2041 hosti
941 2006 1072 2042 locum
1108 2007 1294 2044 facturus.
1345 2006 1446 2041 Eum
1479 2018 1563 2043 non
1589 2012 1669 2043 tam

262 2088 407 2125 capere
433 2077 519 2113 sine
537 2078 756 2114 certamine
781 2076 942 2112 volebat
960 2076 1178 2122 Hannibal,
1212 2088 1444 2125 quanquam
1468 2076 1510 2112 id
1536 2089 1671 2126 operae

258 2147 427 2195 pretium
460 2153 558 2192 erat,
593 2160 713 2196 quam
746 2158 910 2184 causam
940 2148 1168 2185 certaminis
1201 2160 1290 2185 cum
1323 2147 1517 2190 Minucio,
1551 2160 1670 2196 quem

218 2214 541 2265 5pr0cursurum
559 2219 612 2254 ad
631 2218 911 2254 obsistendum
937 2217 1033 2254 satis
1061 2220 1228 2263 sciebat,
1263 2218 1515 2255 contrahere.
1564 2220 1671 2268 Ager

259 2288 391 2324 omnis
423 2288 581 2323 medius
600 2294 684 2324 erat
708 2289 835 2336 prima
861 2289 996 2336 specie
1021 2289 1168 2326 inutilis
1194 2287 1433 2332 insidiatori,
1467 2289 1560 2336 quia
1585 2301 1670 2325 non

258 2358 386 2394 modo
419 2358 596 2394 silvestre
630 2359 857 2407 quicquam,
892 2361 965 2395 sed
998 2372 1048 2396 ne
1082 2360 1268 2409 vepribus
1296 2359 1460 2407 quidem
1485 2359 1670 2395 vestitum

217 2426 447 2472 Ghabebat‚
481 2440 523 2464 re
556 2429 644 2477 ipsa
675 2434 793 2465 natus
825 2430 1013 2477 tegendis
1045 2430 1214 2474 insidiis,
1249 2442 1299 2466 eo
1331 2429 1461 2477 magis
1494 2430 1606 2477 quod
1629 2430 1669 2466 in

258 2499 369 2534 nuda
401 2498 502 2534 valle
534 2499 643 2535 nulla
675 2499 762 2535 talis
797 2499 903 2535 fraus
936 2499 1063 2535 timeri
1097 2504 1274 2548 poterat;
1308 2504 1348 2535 et
1380 2503 1494 2535 erant
1525 2492 1573 2534 iff
1598 2511 1669 2535 an—

260 2568 450 2604 fractibus
476 2580 583 2606 cavae
601 2581 732 2618 rupes,
759 2574 801 2605 ut
818 2570 1004 2616 quaedam
1023 2582 1158 2606 earum
1177 2571 1362 2605 ducenos
1380 2573 1557 2605 armatos
1575 2581 1669 2617 pos·

220 2637 241 2678 7
260 2645 349 2674 sent
381 2650 539 2687 capere.
573 2639 616 2675 In
652 2640 723 2675 has
757 2640 942 2683 latebras,
977 2646 1076 2687 quot
1108 2651 1307 2687 quemque
1337 2640 1470 2676 locum
1493 2644 1587 2687 apte
1609 2640 1668 2675 in-
