1789 2955
264 90 341 125 152
636 83 751 118 Liber
776 83 966 119 xxvm.
1017 83 1081 129 (A.
1107 97 1143 120 u.
1169 97 1198 120 c.
1225 86 1318 131 548.)

210 214 422 264 b'amplam
469 226 513 250 ac
560 211 827 261 mag11ifican13
876 215 1052 249 ceterum
1085 214 1210 251 maior
1249 215 1457 263 praesentis
1487 218 1693 255 veneratio

251 287 369 336 cepit,
417 290 456 323 et
502 288 769 334 praeterquam
810 284 915 333 quod
963 288 1103 334 suapte
1149 289 1292 323 natura
1337 287 1462 324 multa
1507 288 1694 327 maiestas

256 359 397 403 inerat,
431 356 653 394 adornabat
683 355 880 405 promissa
911 357 1091 394 caesaries
1122 357 1365 408 habitusque
1403 361 1583 409 corporis
1615 374 1693 398 non

252 431 382 467 cultus
400 429 621 475 munditiis,
640 428 709 466 sed
726 427 857 465 virilis
873 441 966 465 vere
992 442 1036 465 ac
1054 429 1258 477 militaris,
1281 434 1320 467 et
1344 434 1438 468 aetas
1456 435 1541 469 erat
1557 432 1598 469 in
1615 446 1692 470 me-

220 503 240 536 7
263 502 329 540 dio
342 502 486 540 virium
503 500 657 548 robore,
670 501 777 550 quod
794 500 950 550 plenius
968 501 1216 551 nitidiusque
1234 515 1282 539 ex
1300 503 1437 540 morbo
1454 503 1565 541 velut
1580 517 1694 541 reno-

221 574 377 612 8vatus
408 574 480 611 fios
512 573 682 610 iuventae
714 572 898 610 faciebat.
968 572 1103 622 Prope
1135 574 1328 611 attonitus
1360 575 1447 624 ipso
1480 588 1696 624 congressu

256 646 433 684 Numida
464 645 615 694 gratias
649 644 696 681 de
728 644 868 682 fratris
899 644 982 682 filio
1013 646 1178 683 remisso
1204 646 1300 695 agit.
1349 646 1410 682 Ex
1437 659 1480 683 eo
1511 649 1690 697 tempore

255 719 430 756 affirmat
462 731 545 754 eam
578 731 618 754 se
651 717 840 766 quaesisse
875 717 1143 764 occasionem,
1176 731 1290 767 quam
1325 718 1486 755 tandem
1519 719 1694 756 oblatam

214 791 373 828 9deum
407 789 694 826 immortalium
739 788 930 826 beneficio
976 802 1056 826 non
1102 789 1292 826 omiserit.
1356 789 1510 840 Cupere
1557 804 1597 827 se
1629 791 1693 829 illi

254 863 484 913 populoque
516 861 698 898 Romano
732 874 893 910 operam
925 874 1072 898 navare
1105 862 1171 907 ita,
1211 865 1256 898 ut
1286 875 1400 898 nemo
1432 875 1534 899 unus
1566 866 1694 900 exter-

190 935 239 972 10
257 949 330 973 nus
376 935 502 983 magis
550 935 665 971 enixe
711 933 914 970 adiuverit
959 947 1040 970 rem
1082 933 1315 970 Romanam.
1375 933 1426 971 Id
1457 948 1509 980 se,
1541 935 1697 972 etiamsi

256 1008 335 1044 iam
368 1007 525 1057 pridem
557 1006 691 1052 vellet,
723 1006 852 1042 minus
877 1009 1067 1054 praestare
1094 1005 1135 1042 in
1167 1005 1383 1055 Hispania,
1416 1006 1546 1043 aliena
1576 1010 1697 1056 atque

256 1081 393 1128 ignota
423 1085 544 1124 terra,
579 1079 773 1127 potuisse;
807 1077 848 1114 in
881 1090 960 1126 qua
992 1080 1125 1115 autem
1157 1078 1316 1126 genitus
1348 1077 1622 1128 educatusque
1653 1080 1694 1116 in

187 1153 362 1202 llspem
408 1150 568 1202 paterni
605 1150 720 1198 regni
766 1152 890 1195 esset,
936 1148 1056 1186 facile
1102 1153 1395 1198 praestaturum.
1459 1149 1695 1200 Siquidem

255 1225 425 1262 eundem
458 1223 688 1272 Scipionem
722 1221 862 1258 ducem
894 1221 936 1258 in
968 1220 1151 1258 Africam
1182 1221 1355 1258 Romani
1386 1223 1569 1269 mittant,
1599 1224 1695 1262 satis

188 1297 234 1332 1⁶2
256 1310 432 1346 sperare,
462 1295 669 1345 perbrevis
701 1294 775 1330 aevi
809 1292 1094 1342 Carthaginem
1128 1307 1222 1333 esse.
1284 1293 1419 1331 Laetus
1452 1308 1537 1332 eum
1559 1294 1695 1346 Scipio

253 1369 359 1407 vidit
376 1368 624 1416 audivitque,
656 1379 778 1415 quum
811 1368 931 1414 caput
957 1379 1088 1401 rerum
1108 1365 1150 1402 in
1177 1366 1284 1402 omni
1309 1366 1485 1403 hostium
1512 1367 1696 1416 equitatu

254 1441 509 1478 Masinissam
538 1439 658 1475 fuisse
687 1437 819 1485 sciret,
854 1440 889 1473 et
923 1437 1009 1486 ipse
1042 1438 1196 1475 iuvenis
1228 1438 1427 1487 specimen
1457 1439 1580 1476 animi
1612 1452 1693 1488 prae

252 1527 292 1551 se
324 1514 458 1550 ferret.
519 1511 621 1549 Fide
654 1510 748 1547 data
781 1512 1024 1558 acceptaque
1056 1510 1258 1558 profectus
1289 1512 1397 1547 retro
1428 1510 1695 1548 Tarraconem

188 1586 236 1622 13
257 1590 324 1625 est.
359 1584 576 1622 Masinissa
593 1582 789 1632 permissu
806 1581 1090 1627 Romanorum,
1108 1594 1157 1617 ne
1184 1581 1268 1618 sine
1295 1595 1413 1619 causa
1430 1581 1638 1619 traiecisse
1656 1583 1696 1619 in

255 1658 528 1695 continentem
559 1655 775 1699 videretur,
795 1654 1012 1703 populatus
1029 1653 1233 1702 proximos
1260 1667 1376 1702 agros
1395 1652 1528 1691 Gades
1559 1654 1694 1692 rediit.

107 1726 163 1774 36
369 1728 547 1777 Magoni,
579 1726 800 1776 desperatis
840 1725 880 1761 in
911 1724 1112 1774 Hispania
1142 1725 1271 1771 rebus,
1312 1726 1354 1762 in
1385 1740 1552 1775 quarum
1584 1739 1695 1776 spem

251 1801 397 1839 seditio
429 1800 599 1849 primum
633 1797 832 1845 militaris,
865 1797 1009 1834 deinde
1027 1797 1198 1834 defectio
1216 1797 1405 1834 Indibilis
1432 1799 1586 1835 animos
1612 1798 1695 1836 eius

251 1873 510 1918 sustulerant,
543 1871 704 1921 paranti
732 1869 922 1907 traiicere
954 1869 997 1906 in
1030 1868 1211 1906 Africam
1250 1870 1478 1907 nuntiatum
1518 1870 1566 1907 ab
1601 1869 1694 1907 Car-

251 1945 415 1994 thagine
435 1948 503 1991 est,
522 1943 662 1980 iubere
681 1945 875 1992 senatum,
908 1945 954 1979 ut
970 1942 1148 1988 classem,
1167 1955 1286 1990 quam
1305 1940 1487 1979 Gadibus
1516 1941 1697 1990 haberet,

206 2018 292 2054 2in
339 2017 502 2054 Italiam
547 2015 775 2061 traiiceret3
824 2014 1019 2051 conducta
1060 2013 1118 2050 ibi
1159 2012 1369 2050 Gallorum
1411 2028 1456 2051 ac
1488 2014 1695 2063 Ligurum,

251 2092 402 2140 quanta
447 2088 617 2125 maxima
663 2089 810 2136 posset,
858 2086 1064 2124 iuventute
1105 2085 1368 2134 coniungeret
1399 2099 1440 2123 se
1470 2085 1696 2124 Hannibali

250 2175 327 2199 neu
351 2173 558 2198 senescere
588 2159 740 2196 bellum
766 2158 941 2196 maximo
968 2158 1132 2207 impetu,
1158 2158 1309 2195 maiore
1335 2158 1496 2195 fortuna
1522 2161 1694 2208 coeptum

207 2234 411 2271 3sineret.
474 2231 542 2269 Ad
575 2244 660 2268 eam
692 2244 774 2267 rem
807 2234 846 2268 et
886 2244 908 2268 a
941 2229 1186 2278 Carthagine
1228 2230 1398 2279 pecunia
1429 2230 1596 2278 Magoni
1627 2230 1695 2267 ad-

250 2311 364 2343 vecta
397 2307 466 2351 est,
500 2307 539 2341 et
570 2303 667 2352 ipse,
716 2305 906 2352 quantam
937 2301 1083 2351 potuit,
1115 2316 1137 2339 a
1169 2301 1382 2339 Gaditanis
1415 2302 1573 2350 exegit,
1616 2315 1696 2339 non

252 2378 393 2415 aerario
426 2376 541 2414 modo
576 2387 721 2421 eorum,
753 2374 823 2412 sed
855 2374 973 2412 etiam
1005 2374 1165 2423 templis
1198 2374 1393 2423 spoliatis,
1436 2377 1475 2411 et
1505 2373 1696 2423 privatim

252 2449 433 2487 omnibus
467 2447 613 2485 coactis
653 2460 794 2484 aurum
827 2448 1116 2495 argentumque
1163 2445 1203 2482 in
1249 2446 1455 2495 publicum
1503 2445 1697 2493 conferre,

206 2522 383 2569 4Quum
418 2519 783 2570 praeterveheretur
815 2518 1023 2567 Hispaniae
1067 2530 1187 2564 oran),
1218 2516 1325 2554 haud
1357 2517 1499 2567 procul
1531 2517 1697 2554 Cartha-

253 2594 345 2643 gine
363 2593 478 2631 Nova
504 2591 697 2642 expositis
723 2591 761 2627 in
790 2594 937 2627 terram
965 2589 1169 2634 militibus,
1202 2589 1404 2638 proximos
1431 2589 1697 2640 depopulatur

204 2668 227 2705 5
249 2679 388 2714 agr0s3
422 2664 514 2701 inde
547 2663 597 2701 ad
631 2663 768 2700 urbem
816 2663 981 2700 classem
1023 2660 1193 2711 appulit.
1263 2660 1327 2697 Ibi
1360 2674 1482 2710 quum
1515 2660 1696 2698 interdiu

252 2737 396 2775 milites
429 2737 469 2773 in
487 2735 655 2774 navibus
672 2734 875 2781 tenuisset,
908 2736 1022 2771 nocte
1056 2733 1096 2770 in
1126 2732 1221 2770 litus
1239 2733 1441 2782 expositos
1467 2731 1516 2769 ad
1539 2728 1696 2782 partem
