1768 2943
754 107 820 137 VII

80 229 168 271 (Mg.
186 227 265 258 Em.
284 229 364 260 270.
403 224 508 256 Codd.
527 225 573 255 M
586 228 620 254 et
641 222 669 255 C
691 223 804 254 norint
830 222 987 264 inditum)
1014 223 1174 260 XXXIX,
1203 222 1222 255 1
1250 222 1311 265 (N.
1338 223 1382 254 ad
1408 233 1498 254 arma

77 295 200 318 vocare
225 284 428 316 exercitum?
453 284 529 324 Mg.
557 283 635 313 Em.
663 285 732 316 271
759 283 807 319 n.)
839 281 860 314 4
887 280 1055 324 (volentes
1082 305 1089 312 .
1110 305 1117 312 .
1139 305 1145 312 .
1176 282 1357 312 veniebant
1389 283 1496 313 Gron.

81 344 185 376 Codd.
220 344 367 375 volentis
393 367 400 374 .
421 367 428 373 .
449 365 456 373 .
481 342 648 373 veniebat.
708 341 933 384 PVerfflinus
966 340 1082 372 volens
1109 364 1116 370 .
1137 363 1171 370 ..
1201 340 1372 382 veniebat)
1406 341 1428 373 5
1460 351 1498 371 ac

76 402 239 434 iunxisset
265 400 390 445 (Codd.
423 401 696 431 coniunctionem
730 397 810 441 om.)
859 398 881 432 8
907 398 995 429 Nam
1021 398 1227 429 Hannibalis
1255 405 1288 429 et
1315 399 1405 439 apud
1431 400 1498 429 Ro-

75 471 194 492 manos
226 459 317 503 (Mg.
343 460 422 491 Em.
449 462 518 493 271
546 457 594 501 n.)
629 458 703 496 XL,
739 458 758 490 7
791 457 861 500 [qui
980 455 1161 499 supersint]
1201 455 1319 499 (quum
1346 463 1416 498 pro
1443 459 1499 499 qui

80 521 188 551 Gron.
216 520 452 550 Damnarunt
485 519 555 548 hoec
579 519 688 548 verba
719 518 820 547 Grut.
849 520 883 547 et
913 515 1018 547 Cobet
1041 517 1212 547 Mnemos.
1241 515 1333 557 Xp.
1364 516 1446 558 104)
1480 517 1500 549 9

77 577 436 621 (Inter-pungebatur.-
473 576 616 617 effigies,
657 576 760 606 immo
793 575 937 618 umbrae)
972 575 1016 608 10
1049 575 1199 617 (habetis
1229 580 1298 615 pro
1331 575 1500 606 habebitis

82 636 110 668 C
140 640 224 668 teste
255 634 443 678 Frz'gellio)
484 642 487 678 Ι
529 634 619 678 (cum
652 645 713 666 vos
746 635 822 676 Mg.
849 635 928 665 Em.
956 637 1036 668 271.
1076 635 1279 665 Edebatur:
1320 644 1380 664 vos
1413 644 1498 664 cum.

83 693 186 726 Codd.
222 705 282 726 nec
317 705 475 735 umquam
508 704 569 725 vos
602 704 678 725 cum
704 692 950 735 pugnaveritis)
978 694 1068 731 XLI,
1102 692 1123 726 4
1150 699 1307 733 poteram
1335 690 1499 732 neque**.

77 763 249 795 regressus
281 753 324 784 ad
355 753 459 791 naviS,
498 758 622 794 quanta
654 751 749 795 (cod.
780 753 853 792 Sz'g.
885 753 994 783 Boni:
1032 758 1186 792 poteram
1220 761 1331 791 neque
1358 761 1383 781 r.
1411 761 1439 781 a.
1469 762 1498 781 n.

77 807 151 843 erat·
175 811 315 854 quanta)
350 810 353 854 ᾗ
388 811 532 843 maxime
559 810 699 854 (Gron.‚
728 812 864 851 Zumpt.
893 813 941 841 ad
969 811 1062 841 Curt.
1091 811 1157 847 JV,
1187 812 1242 847 34,
1274 807 1343 847 10.)
1379 809 1400 842 5
1425 809 1501 851 (ini-

76 871 240 912 providus
261 875 329 911 pro
355 871 558 912 improvisus
592 870 800 913 lVoeffflc'n.)
828 871 936 907 XLII,
963 869 984 902 3
1010 871 1149 910 legeret,
1179 869 1343 910 cuiusque
1361 867 1500 909 (Valla.

80 929 182 960 Codd.
220 930 348 971 legeret
386 935 419 961 et
458 930 637 970 cuiusque;
678 930 792 959 Drak.
826 930 964 970 legeret.
1022 928 1067 960 Ut
1101 926 1279 969 cuiusque)
1319 928 1445 965 XLIII,
1481 928 1499 960 1

79 986 206 1030 (Quum
238 989 286 1019 sic
324 990 431 1020 Gron.
463 989 578 1026 Codd.,
619 989 732 1019 Drak.
772 988 863 1018 Dum
895 987 958 1029 sic)
983 987 1005 1020 4
1032 986 1214 1030 (habentes
1246 988 1353 1017 Gron.
1386 986 1501 1021 Codd..

78 1047 192 1077 Drak.
226 1047 449 1088 habentibus)
483 1046 486 1090 ᾗ
522 1047 635 1077 Padus
669 1048 745 1077 sine
770 1047 867 1077 uncis
893 1046 998 1089 (Edd.
1025 1045 1124 1087 vett.)
1153 1045 1171 1078 7
1199 1046 1308 1087 (agite
1335 1045 1425 1083 dum,
1452 1045 1503 1075 dis

83 1105 245 1136 Kochius.
282 1105 396 1144 Codd.,
428 1107 544 1136 Drak.
578 1105 669 1146 agite
703 1116 779 1136 cum
811 1104 891 1147 diis)
930 1106 1052 1143 XLIV,
1086 1104 1108 1136 ‘2
1143 1103 1262 1147 (quum
1294 1114 1356 1144 pro
1393 1104 1503 1144 patria

91 1163 220 1201 Weiss„
247 1165 322 1205 Mg.
346 1164 447 1195 Codd.
476 1175 552 1194 cum
578 1164 738 1205 patriam;
766 1165 880 1195 Drak.
910 1175 1011 1205 quum
1038 1165 1082 1195 ob
1109 1161 1211 1205 patr.)
1244 1162 1264 1195 6
1284 1172 1358 1193 cum
1379 1163 1503 1203 Sagun-

79 1221 175 1252 tinis!
209 1222 252 1252 ad
276 1221 358 1253 Hib.
393 1229 444 1254 est
469 1222 676 1264 Saguntum?
711 1233 877 1263 nusquam
905 1222 994 1265 (λίς.
1021 1223 1100 1254 Em.
1128 1225 1207 1256 273.
1260 1223 1503 1263 Interrogatio

78 1291 121 1311 ne
140 1283 324 1323 partg'cula
349 1283 488 1323 quidem
515 1286 637 1313 notata
664 1292 734 1312 non
759 1283 847 1312 satis
873 1283 1043 1322 exprimit
1068 1282 1213 1322 imperii
1235 1280 1352 1321 iniqui
1367 1285 1401 1310 et
1414 1285 1503 1320 prie-

79 1343 171 1370 texto
198 1341 301 1371 etiam
327 1343 479 1371 carentis
504 1342 766 1371 recusationem.
824 1341 907 1371 Non
935 1341 1218 1380 improbabiliter
1249 1343 1366 1370 tamen
1397 1339 1503 1369 Crau-

78 1398 178 1436 szius,
205 1410 306 1440 quem
341 1399 566 1442 Woeffflz'nus
591 1398 783 1442 sequz'tur):
818 1406 851 1431 at
884 1400 1029 1430 liberum
1056 1404 1108 1430 est
1135 1396 1350 1440 Saguntum.)
1379 1398 1397 1430 7
1425 1400 1504 1428 ade-

81 1457 196 1488 misti?
235 1458 355 1489 adimis
387 1458 490 1489 etiam
521 1458 726 1499 Hispanias?
764 1464 808 1496 et,
842 1458 920 1489 inde
956 1458 983 1488 si
1016 1459 1206 1495 decessero,
1241 1457 1275 1487 in
1308 1457 1380 1488 Afr.
1415 1464 1505 1487 tran-

79 1516 231 1548 scendes.
266 1518 491 1548 transcendes
524 1519 657 1548 autem?
691 1518 944 1549 transcendisse
972 1518 1049 1548 dico
1077 1516 1281 1547 coniecturis
1307 1516 1446 1546 Heerw.
1475 1520 1508 1546 et

79 1585 144 1605 sua
163 1579 198 1605 et
212 1586 289 1606 mea
306 1577 495 1607 coniunctis
512 1575 602 1619 (zllg.
622 1577 701 1607 Em.
721 1580 790 1610 271
810 1581 843 1607 et
859 1588 902 1607 ex
915 1581 1022 1617 parte
1039 1577 1302 1615 Frendenberg.
1337 1576 1369 1606 Ρ
1384 1575 1505 1606 adimis

80 1634 180 1665 etiam
206 1635 342 1676 spanias
368 1641 402 1666 et
427 1636 506 1666 inde
528 1646 664 1666 cessero
684 1636 717 1666 in
738 1636 856 1666 Africa
876 1636 1094 1666 transcendes
1116 1634 1373 1666 transcendisse
1395 1640 1506 1665 autem

81 1691 172 1735 dico)
202 1691 205 1709 ¹
234 1692 487 1735 (vindicarimus
507 1699 577 1734 pro
602 1694 851 1725 vindicaremus
870 1696 945 1724 edd.
965 1698 1058 1731 vett„
1085 1694 1164 1724 Em.
1184 1691 1268 1735 273)
1295 1692 1317 1725 8
1334 1692 1506 1734 (mortem-

81 1761 146 1792 que
173 1752 326 1783 Wesenb.
359 1752 476 1791 Codd.,
503 1754 618 1783 Drak.
646 1752 848 1795 mortemve)
874 1753 894 1786 9
922 1753 1079 1784 omnibus
1106 1753 1137 1783 si
1162 1752 1369 1783 destinatum
1393 1752 1506 1783 animo

81 1808 170 1852 (Mg.
189 1811 267 1842 Em.
295 1810 379 1854 273)
408 1810 411 1854 ξ
441 1811 560 1854 (Codd.
587 1812 714 1842 nullum
741 1817 974 1852 contemptum
1001 1812 1043 1842 ad
1070 1811 1286 1842 vincendum.
1326 1812 1505 1841 Lacunam

81 1870 238 1910 explevit
270 1871 460 1901 Strothius.
525 1871 719 1901 Aberravit
750 1872 868 1901 oculus
899 1882 921 1901 a
955 1876 1024 1902 tum
1058 1872 1107 1900 ad
1130 1868 1226 1911 lum.)
1278 1870 1382 1908 XLV,
1422 1869 1443 1903 3
1470 1869 1506 1911 (a

81 1927 285 1960 Victumulis
313 1929 500 1961 Strotlu'us.
551 1930 584 1959 P
607 1939 626 1960 a
651 1930 729 1960 vico
755 1930 902 1968 tumulis,
935 1931 1049 1960 Drak.
1078 1939 1097 1960 a
1121 1927 1338 1971 Victumviis)
1372 1928 1393 1961 5
1426 1930 1507 1960 velit

83 1985 274 2030 (Wesenb.)
306 1988 429 2027 XLVI,
456 1988 478 2022 3
504 1987 561 2031 (ex
587 1989 782 2029 propinquo
809 1988 993 2030 copiasque
1025 1990 1132 2019 Gron.
1157 1988 1259 2018 Codd.
1281 1999 1323 2018 ex
1342 1998 1409 2029 quo
1428 1999 1506 2029 pro-

81 2046 211 2088 pinquo
236 2047 362 2088 copias.
414 2049 529 2079 Drak.
556 2048 714 2086 hostium,
741 2058 850 2089 exque
877 2059 909 2089 p.
938 2046 1068 2090 copias)
1094 2047 1115 2080 4
1142 2047 1319 2078 hominum
1347 2052 1381 2078 et
1405 2058 1505 2088 equo-

82 2114 155 2135 rum
186 2103 305 2148 (Codd.
338 2104 438 2149 νει-ε.)
484 2106 505 2139 6
535 2105 692 2148 (venerat
729 2108 836 2138 Gron.
877 2108 909 2137 P
938 2108 1054 2143 iverat,
1090 2108 1206 2137 Drak.
1242 2106 1341 2145 ierat)
1374 2106 1395 2139 S
1421 2105 1507 2149 (erat

82 2164 176 2194 codd.
203 2175 285 2195 recc.
313 2168 348 2194 et
371 2166 446 2196 edd.
473 2169 557 2196 ante
587 2167 695 2196 Gron.
727 2166 826 2208 Conf.
854 2166 995 2204 XXIV,
1022 2168 1078 2203 43,
1105 2168 1138 2203 8,
1164 2166 1225 2196 ubi
1251 2166 1368 2196 itidem
1394 2166 1426 2196 P
1446 2166 1507 2196 erit

79 2227 146 2262 pro
172 2223 272 2265 erat.)
304 2223 444 2262 XLVII,
473 2224 490 2257 1
519 2222 567 2266 (et
593 2226 675 2255 tolli
697 2225 800 2255 iussit
825 2224 1031 2267 Sauppius.)
1064 2224 1086 2257 3
1113 2223 1204 2266 (ripa
1229 2225 1312 2256 Padi
1344 2226 1451 2256 Gron.
1481 2225 1510 2255 Ρ

82 2281 211 2322 rapadi,
245 2282 360 2313 Drak.
395 2282 484 2326 ripa)
516 2283 538 2316 5
568 2281 718 2325 (fuerunt
751 2284 820 2314 cod.
859 2285 966 2321 Gud.;
1001 2285 1033 2314 Ρ
1061 2288 1096 2314 et
1127 2284 1347 2324 antiquiores
1373 2284 1505 2314 fuerint.

84 2339 198 2370 Drak.
238 2340 380 2373 fuerant.
432 2342 506 2383 Mg.
543 2343 621 2373 Em.
655 2340 738 2384 270)
772 2343 792 2374 6
827 2341 872 2384 (et
905 2344 984 2373 add.
1027 2340 1159 2384 Weiss.)
1205 2342 1223 2375 7
1259 2342 1350 2372 circa
1384 2342 1507 2372 flumen

83 2397 166 2440 (Ed.
193 2399 380 2440 Alogunt.;
404 2401 471 2443 cfr.
497 2400 520 2443 ἕ
536 2403 558 2434 3
584 2401 619 2431 in
645 2400 802 2432 citeriore
829 2401 912 2442 ripa,
939 2403 995 2438 48,
1023 2404 1044 2434 6
1070 2401 1156 2432 citra
1181 2399 1322 2442 flumen)
1349 2401 1506 2434 XLVIII.

86 2456 106 2490 7
137 2456 362 2500 (iactati'pro
395 2459 530 2491 iactanti
563 2461 641 2491 Nic.
676 2459 816 2500 Heins.)
866 2459 990 2498 XLIX,
1032 2459 1050 2492 7
1091 2461 1267 2500 extemplo
1300 2464 1332 2490 et
1366 2459 1457 2489 circa
1489 2470 1508 2490 a

84 2521 232 2557 praetore
271 2517 315 2548 ad
353 2528 382 2549 c.
416 2528 460 2549 m.
498 2519 603 2560 legati
641 2519 836 2560 tribunique
864 2529 954 2550 suos
985 2519 1176 2555 intendere,
1215 2524 1248 2548 et
1282 2523 1360 2548 ante
1394 2519 1508 2549 omnia

85 2572 174 2617 (Μὲ.
201 2575 280 2606 Em·
307 2579 376 2610 273
401 2587 452 2618 sq.
503 2577 535 2608 P
557 2583 591 2608 et
619 2578 710 2609 cirea
735 2583 882 2618 praetore
909 2588 928 2609 a
953 2578 1089 2609 civitate
1117 2602 1123 2608 .
1145 2602 1151 2608 .
1173 2601 1179 2608 .
1208 2577 1402 2618 tribunique
1430 2587 1507 2608 suos

114 2657 121 2665 .
142 2657 149 2665 .
176 2634 391 2667 intenderent
417 2641 495 2667 ante
521 2636 633 2667 omnia
659 2637 698 2667 L.
727 2637 834 2667 teneri
861 2643 1060 2678 apparatum
1087 2636 1168 2667 belli
1196 2660 1201 2666 .
1224 2659 1230 2666 .
1251 2659 1258 2666 .
1286 2636 1455 2668 deferrent
1475 2643 1506 2667 et
