1789 2955
261 109 344 150 23ss
694 108 797 139 Liber
823 108 928 139 XXV.
963 106 1018 149 (A.
1039 119 1069 140 u.
1092 119 1120 140 c.
1143 107 1238 149 542.)

261 244 424 275 senatus
457 239 642 275 consulto
675 238 811 275 talium
844 238 1031 276 librorum
1066 240 1189 284 fieret,
1231 240 1272 276 in
1304 239 1360 276 M.
1394 239 1542 276 AEmilii
1574 251 1674 288 prae-

260 309 356 345 toris
384 309 539 352 urbani,
569 309 635 356 qui
666 321 757 344 eam
784 320 868 345 rem
897 310 1058 357 agebat,
1088 323 1232 348 manus
1254 317 1466 354 venerant;
1496 310 1529 347 is
1552 310 1674 359 proti-

218 379 334 417 4nus
365 390 472 415 novo
503 379 663 427 praetori
688 379 804 415 Sullae
832 380 1067 416 tradiderat.
1122 380 1182 416 Ex
1211 381 1326 417 huius
1349 381 1489 418 Marcii
1513 381 1674 418 duobus

260 449 501 485 carminibus
534 449 695 484 alterius
728 453 822 496 post
852 460 936 484 rem
959 449 1104 486 factam
1129 450 1226 486 editi
1248 452 1514 499 comprobata
1536 456 1676 488 aucto-

259 520 353 555 ritas
377 524 521 555 eventu
545 518 657 554 alteri
681 530 856 566 quoque,
891 520 1001 556 cuius
1025 521 1208 556 nondum
1232 526 1389 569 tempus
1411 526 1588 564 venerat,
1617 521 1676 557 af-

219 589 244 627 ἶ)
260 589 415 625 serebat
439 589 575 625 fidem.
637 589 774 625 Priore
799 589 975 626 carmine
1002 588 1230 627 Cannensis
1254 592 1448 639 praedicta
1472 592 1610 628 clades
1634 591 1675 627 in

261 660 343 696 haec
383 659 466 695 fere
498 660 620 695 verba
653 664 756 696 erat:
807 660 1016 702 «Amnem,
1058 659 1306 708 Troiugena,
1349 660 1442 709 fuge
1475 660 1674 705 Cannam,

259 742 310 765 ne
358 734 396 764 te
445 729 683 777 alienigenae
731 734 882 777 cogant
927 729 967 765 in
1016 741 1162 778 campo
1204 730 1418 767 Diomedis
1461 743 1676 768 conserere

218 796 242 836 (3
258 811 416 836 manus.
492 799 574 835 Sed
606 811 738 846 neque
772 800 914 835 credes
947 805 987 835 tu
1020 799 1128 842 mihi,
1173 801 1308 837 donec
1340 802 1553 849 compleris
1586 813 1678 838 san-

258 871 379 918 guine
421 881 620 917 campum,
664 869 867 917 multaque
908 869 1029 905 millia
1071 870 1205 906 occisa
1246 876 1313 906 tua
1353 871 1510 907 deferet
1547 872 1677 908 amnis

260 941 298 976 in
330 944 499 988 pontum
528 951 720 988 magnum
750 952 798 975 ex
827 945 930 974 terra
954 938 1162 987 frugifera;
1195 941 1372 988 piscibus
1395 946 1516 989 atque
1539 942 1677 978 avibus

259 1010 447 1057 ferisque,
489 1021 577 1057 quae
609 1009 792 1045 incolunt
824 1015 961 1052 terras,
1001 1009 1048 1046 iis
1083 1010 1167 1046 fuat
1199 1023 1293 1047 esca
1326 1023 1420 1047 caro
1453 1016 1540 1054 tua;
1582 1023 1677 1047 nam

220 1076 240 1116 T
258 1080 353 1116 mihi
381 1081 435 1116 ita
459 1079 637 1128 Iuppiter
666 1080 770 1116 fatus
800 1085 899 1115 est.»
967 1079 1018 1115 Et
1041 1079 1255 1117 Diomedis
1281 1081 1415 1129 Argivi
1446 1092 1613 1129 campos
1639 1087 1679 1117 et

260 1150 444 1186 Cannam
477 1151 626 1186 flumen
660 1150 697 1193 ii,
732 1150 799 1197 qui
831 1150 1098 1186 militaverant
1129 1151 1168 1186 in
1201 1151 1248 1187 iis
1273 1151 1386 1194 locis,
1419 1152 1527 1187 iuxta
1555 1157 1676 1199 atque

218 1215 386 1269 ss'ipsam
410 1221 569 1256 cladem
594 1222 888 1269 agnoscebant.
948 1220 1053 1256 Tum
1076 1221 1244 1257 alterum
1268 1233 1430 1257 carmen
1451 1221 1676 1265 recitatum,

259 1303 342 1327 non
362 1303 412 1327 eo
431 1296 586 1327 tantum
606 1291 828 1334 obscurius,
852 1291 946 1338 quia
964 1291 1179 1327 incertiora
1198 1291 1328 1327 futura
1345 1292 1554 1340 praeteritis
1573 1297 1676 1335 sunt,

217 1358 242 1398 9
259 1362 332 1397 sed
354 1361 581 1409 perplexius
605 1361 725 1397 etiam
749 1362 952 1409 scripturae
975 1373 1139 1408 genere.
1200 1361 1390 1405 «Hostes,
1424 1362 1611 1408 Romani,
1646 1361 1677 1398 si

258 1432 457 1480 expellere
482 1432 596 1467 vultis
621 1432 906 1477 vomicamque,
941 1442 1028 1478 quae
1052 1433 1232 1479 gentium
1256 1433 1364 1468 venit
1388 1427 1523 1481 longe,
1552 1433 1677 1481 Apol-

258 1502 324 1538 lini
358 1502 569 1538 vovendos
602 1514 753 1538 censeo
786 1502 918 1545 ludos,
954 1503 1020 1549 qui
1054 1503 1271 1550 quotannis
1305 1503 1472 1539 comiter
1498 1503 1675 1551 Apollini

259 1573 374 1616 fiant;
416 1584 536 1619 quum
570 1572 743 1619 populus
777 1572 936 1608 dederit
970 1585 1018 1608 ex
1050 1573 1212 1620 publico
1245 1578 1413 1621 partem,
1447 1574 1588 1622 privati
1621 1573 1676 1609 uti

190 1639 244 1679 10
259 1642 473 1679 conferant
489 1654 562 1690 pro
583 1654 625 1678 se
643 1647 764 1690 atque
783 1642 884 1685 suis;
902 1642 949 1678 iis
968 1643 1071 1679 ludis
1091 1642 1289 1679 faciendis
1302 1644 1459 1692 praeerit
1472 1648 1619 1692 praetor
1629 1644 1676 1688 is,

259 1713 325 1761 qui
357 1713 417 1749 ius
449 1713 603 1761 populo
637 1713 851 1761 plebeique
885 1713 998 1749 dabit
1031 1725 1249 1757 summum;
1284 1713 1499 1750 decemviri
1532 1713 1678 1750 Graeco

259 1783 333 1819 ritu
368 1783 509 1819 hostiis
544 1795 658 1819 sacra
691 1783 855 1819 faciant.
920 1783 1011 1821 Hoc
1045 1784 1076 1820 si
1109 1789 1217 1819 recte
1247 1783 1415 1828 facietis,
1447 1783 1679 1832 gaudebitis

261 1866 420 1902 semper
460 1853 607 1900 fietque
648 1865 711 1888 res
749 1858 879 1889 vestra
913 1854 1072 1897 melior;
1114 1866 1209 1890 narn
1241 1854 1273 1890 is
1307 1854 1421 1891 divus
1453 1854 1681 1902 exstinguet

194 1920 241 1959 11
259 1924 487 1972 perduelles
511 1929 679 1967 vestros,
706 1924 772 1971 qui
797 1929 951 1960 vestros
970 1936 1137 1972 campos
1155 1925 1285 1972 pascit
1301 1924 1502 1972 placide.»
1553 1925 1618 1960 Ad
1635 1924 1678 1960 id

261 2006 422 2031 carmen
462 1995 765 2042 explanandum
799 1993 906 2029 diem
940 2006 1061 2030 unum
1095 2000 1371 2042 sumpserunt;
1411 2000 1577 2043 postero
1611 1995 1678 2031 die

261 2069 424 2100 senatus
453 2064 679 2101 consultum
705 2063 854 2100 factum
880 2068 952 2107 est,
987 2069 1029 2100 ut
1054 2065 1269 2100 decemviri
1295 2065 1348 2101 de
1373 2065 1476 2101 ludis
1501 2065 1677 2113 Apollini

193 2130 246 2170 12
260 2146 384 2182 reque
409 2134 545 2170 divina
569 2133 759 2169 facienda
783 2134 1041 2181 inspicerent.
1096 2134 1157 2170 Ea
1181 2147 1303 2182 quum
1327 2135 1511 2184 inspecta
1535 2136 1678 2172 relata-
1736 2176 1739 2178 ,

263 2215 340 2251 que
380 2204 433 2238 ad
474 2208 657 2239 senatum
698 2209 846 2246 essent,
887 2210 1130 2241 censuerunt
1162 2210 1310 2254 patres,
1350 2206 1527 2254 Apollini
1559 2206 1678 2242 ludos

263 2274 473 2309 vovendos
492 2273 787 2321 faciendosque
806 2279 857 2318 et,
884 2276 1050 2322 quando
1070 2276 1152 2311 ludi
1171 2275 1265 2312 facti
1283 2281 1432 2319 essent,
1458 2276 1678 2312 duodecim

263 2343 383 2379 millia
416 2343 502 2380 aeris
535 2344 694 2391 praetori
728 2345 781 2379 ad
813 2356 896 2380 rem
930 2345 1108 2382 divinam
1132 2350 1171 2382 et
1196 2347 1298 2382 duas
1323 2346 1476 2382 hostias
1503 2346 1677 2382 maiores

195 2411 247 2451 13
263 2414 437 2450 dandas.
488 2414 665 2449 Alterum
690 2419 854 2451 senatus
880 2416 1106 2452 consultum
1130 2415 1278 2452 sactum
1304 2421 1376 2460 est,
1402 2421 1445 2452 ut
1461 2416 1676 2453 decemviri

264 2495 419 2520 sacrum
438 2475 583 2520 Graeco
606 2484 681 2519 ritu
707 2484 886 2521 facerent
909 2486 1018 2522 hisce
1042 2486 1196 2530 hostiis,
1220 2486 1397 2534 Apollini
1414 2486 1518 2523 bove
1536 2491 1677 2523 aurato

264 2560 303 2590 et
335 2554 466 2602 capris
499 2555 656 2590 duabus
690 2555 790 2591 albis
823 2556 984 2598 auratis,
1018 2555 1187 2592 Latonae
1219 2557 1323 2592 bove
1352 2556 1501 2593 femina
1520 2549 1677 2593 aurata.

195 2622 249 2662 14
262 2623 402 2660 Ludos
435 2629 581 2672 praetor
613 2625 653 2661 in
686 2625 792 2662 circo
825 2626 1000 2661 maximo
1034 2637 1155 2673 quum
1185 2625 1360 2662 facturus
1386 2631 1506 2670 esset,
1539 2625 1676 2669 edixit,
