1768 2943
533 127 637 158 Liber
663 127 755 157 xxi.
807 126 862 168 (A.
892 127 952 157 Ch.
980 125 1074 167 218.)
1455 128 1508 167 15

91 263 340 307 pugnantem
373 257 680 306 deposcebatis;
714 262 891 293 ceterum
925 258 1009 294 haec
1042 258 1192 305 legatio
1217 258 1347 294 verbis
1376 259 1509 295 adhuc

92 329 219 365 lenior
242 333 315 372 est,
339 340 382 364 re
406 329 599 376 asperior.
648 327 764 363 Tunc
791 327 899 363 enim
917 327 1123 363 Hannibal
1148 333 1187 363 et
1204 327 1550 364 insimulabaturr')

92 404 130 435 et
172 399 489 447 deposcebatur;
528 410 636 434 nunc
669 398 720 433 ab
753 398 872 433 nobis
906 403 945 433 et
979 397 1185 434 confessio
1220 399 1347 446 culpae
1380 398 1508 447 expri-

90 469 206 505 mitur
253 474 292 504 et
337 474 381 504 ut
427 481 450 504 a
497 468 695 505 confessis
736 480 800 504 res
843 468 1046 516 extemplo
1092 473 1338 516 repetuntur.
1416 469 1507 517 Ego
1525 468 1549 505 (3

90 545 223 576 autem
245 551 344 584 non,
369 539 525 588 privato
551 539 768 587 publicone
794 539 965 575 consilio
985 538 1208 586 Saguntum
1227 544 1508 587 oppugnatum

90 611 150 654 sit,
184 611 444 658 quaerendum
480 622 683 652 censeam,
719 610 792 645 sed
825 614 955 645 utrum
990 609 1073 643 iure
1099 621 1150 644 an
1175 609 1338 652 iniuria;
1372 608 1548 647 nostra7

89 680 195 717 enim
223 681 307 717 haec
335 680 504 728 quaestio
531 685 652 728 atque
680 680 979 715 animadversio
1007 680 1049 715 in
1076 679 1203 715 civem
1227 685 1410 716 nostrum
1436 685 1509 722 est,

89 751 186 798 quid
208 756 349 787 nostro
374 756 443 787 aut
464 762 538 787 suo
562 750 702 787 fecerit
726 750 910 793 arbitrio;
938 750 1148 785 vobiscum
1166 762 1246 785 una
1265 749 1509 797 disceptatio

88 827 160 865 est,
185 821 392 857 licueritne
410 833 481 869 per
498 821 631 857 foedus
650 820 746 856 fieri.
795 820 935 867 Itaque
955 820 1152 867 quoniam
1170 820 1346 855 discerni
1364 819 1509 867 placet,
1526 818 1550 857 8

94 891 192 938 quid
224 892 385 940 publico
420 892 604 936 consilio,
638 892 735 939 quid
769 903 841 927 sua
874 895 1020 938 sponte
1052 890 1316 938 imperatores
1348 890 1512 934 faciant,

93 961 213 997 nobis
254 962 463 998 vobiscum
502 962 636 998 foedus
669 967 730 998 est
762 974 785 997 a
819 961 864 998 C.
897 960 1060 997 Lutatio
1094 961 1261 996 consule
1293 961 1430 1004 ictum,
1472 961 1513 996 in

94 1043 175 1079 quo
209 1043 331 1079 quum
364 1037 569 1068 caveretur
600 1038 860 1080 utrorumque
894 1032 1027 1075 sociis,
1066 1031 1163 1067 nihil
1196 1032 1248 1067 de
1282 1031 1514 1079 Saguntinis

95 1099 285 1151 (necdum
317 1103 426 1139 enim
458 1108 572 1139 erant
604 1103 703 1139 socii
735 1099 868 1152 vestri)
902 1107 1063 1138 cautum
1095 1107 1168 1137 est.
1237 1103 1290 1138 At
1321 1103 1429 1138 enim
1461 1099 1551 1139 eo9

94 1171 262 1215 foedere,
291 1174 405 1221 quod
429 1185 520 1210 cum
544 1173 801 1210 Hasdrubale
824 1173 947 1209 ictum
973 1178 1046 1215 est,
1072 1173 1284 1220 Saguntini
1309 1173 1514 1220 excipiun—

87 1254 152 1279 ur.
217 1244 421 1280 Adversus
460 1245 574 1292 quod
613 1256 691 1293 ego
737 1244 834 1280 nihil
873 1244 1053 1280 dicturus
1087 1255 1186 1287 sum,
1230 1243 1306 1279 nisi
1340 1244 1453 1290 quod
1486 1256 1510 1278 a

85 1314 199 1350 vobis
238 1314 377 1351 didici.
440 1314 528 1350 Vos
571 1315 693 1359 enim,
734 1314 848 1362 quod
887 1313 932 1350 C.
972 1313 1156 1350 Lutatius
1197 1314 1338 1350 consul
1380 1314 1508 1361 primo
1527 1310 1580 1350 1Ο

86 1384 298 1421 nobiscum
326 1385 460 1422 foedus
486 1386 566 1429 icit,
600 1386 695 1433 quia
721 1397 855 1432 neque
884 1384 1123 1420 auctoritate
1152 1389 1310 1433 patrum
1335 1395 1412 1420 nec
1437 1396 1510 1432 po-

87 1455 168 1503 puli
193 1455 303 1491 iussu
325 1455 448 1492 ictum
472 1461 569 1496 erat,
597 1456 778 1504 negastis
802 1467 875 1491 vos
901 1467 951 1491 eo
977 1455 1124 1499 teneri;
1158 1456 1295 1503 itaque
1320 1455 1430 1490 aliud
1455 1455 1508 1490 de

86 1525 244 1573 integro
273 1525 406 1562 foedus
430 1527 592 1574 publico
619 1527 790 1562 consilio
814 1527 936 1562 ictum
960 1531 1033 1562 est.
1097 1526 1136 1561 Si
1160 1537 1232 1561 vos
1256 1537 1342 1561 non
1367 1530 1508 1561 tenent
1524 1522 1572 1560 11

88 1595 244 1632 foedera
267 1602 398 1633 vestra
421 1597 498 1633 nisi
523 1610 571 1633 ex
595 1597 834 1633 auctoritate
860 1602 927 1632 aut
950 1597 1060 1632 iussu
1085 1602 1217 1631 vestro
1243 1596 1334 1639 icta,
1360 1608 1413 1631 ne
1430 1608 1507 1631 nos

87 1666 251 1714 quidem
276 1666 544 1704 Hasdrubalis
574 1667 721 1710 foedus,
755 1667 869 1714 quod
896 1667 1015 1702 nobis
1042 1667 1178 1702 insciis
1211 1666 1290 1709 icit,
1326 1666 1506 1713 obligare

86 1737 228 1785 potuit.
257 1737 435 1773 Proinde
449 1738 619 1773 omittite
628 1737 796 1785 Sagunti
809 1741 930 1783 atque
940 1736 1080 1772 Hiberi
1094 1737 1344 1772 mentionem
1358 1736 1504 1779 facere,
1523 1733 1575 1772 12

87 1813 138 1850 et,
164 1808 278 1855 quod
302 1808 371 1843 diu
394 1808 561 1856 parturit
584 1808 741 1843 animus
769 1811 912 1850 vester,
938 1807 1160 1854 aliquando
1179 1807 1348 1855 pariat.»
1401 1804 1574 1843 Tum13

61 1869 65 1873 ’
86 1878 308 1922 Romanus,
343 1879 432 1914 sinu
457 1891 505 1914 ex
528 1883 626 1926 toga
651 1877 774 1921 facto,
816 1876 942 1913 «Hic»
972 1877 1101 1924 inquit
1129 1877 1268 1912 «vobis
1294 1877 1441 1913 bellum
1468 1882 1508 1913 et

86 1960 231 1996 pacem
262 1954 490 1997 portamus;
523 1953 654 1984 utrum
686 1948 832 1996 placet,
868 1947 1051 1983 sumite.»
1118 1947 1199 1982 Sub
1228 1946 1334 1983 hanc
1363 1960 1506 1984 vocem

87 2019 197 2054 haud
227 2019 359 2055 minus
392 2018 592 2063 ferociter,
627 2020 755 2062 daret,
788 2023 918 2054 utrum
943 2017 1072 2061 vellet,
1108 2017 1398 2054 succlamatum
1426 2023 1504 2062 est;

87 2093 126 2123 et
150 2100 272 2136 quum
295 2089 329 2125 is
351 2089 507 2135 iterum,
534 2090 623 2126 sinu
646 2089 789 2133 effuso,
815 2089 963 2124 bellum
988 2088 1086 2123 dare
1112 2088 1291 2132 dixisset,
1318 2089 1504 2137 accipere
1522 2085 1574 2124 14

88 2170 130 2194 se
163 2171 306 2196 omnes
330 2161 631 2208 responderunt
655 2165 706 2204 et,
741 2159 885 2207 quibus
909 2158 1143 2206 acciperent
1169 2159 1327 2203 animis,
1361 2160 1506 2195 iisdem

89 2240 129 2264 se
161 2235 361 2277 gesturos.

204 2299 303 2336 Haec
335 2300 490 2337 directa
518 2301 774 2349 percontatio
812 2312 859 2336 ac
891 2300 1147 2335 denuntiatio
1178 2300 1270 2335 belli
1299 2300 1428 2347 magis
1458 2312 1507 2335 ex
1602 2294 1646 2339 19

88 2369 284 2418 dignitate
308 2371 446 2419 populi
465 2371 639 2406 Romani
663 2370 748 2406 visa
772 2375 833 2406 est
850 2382 971 2418 quam
995 2371 1048 2406 de
1082 2370 1280 2406 foederum
1312 2370 1395 2405 iure
1419 2382 1504 2405 ver-

34 2431 36 2434 *
89 2440 148 2476 bis
191 2441 432 2489 disceptare,
477 2453 598 2488 quum
637 2438 749 2485 ante,
794 2446 876 2477 tum
919 2441 1092 2476 maxime
1132 2441 1313 2489 Sagunto
1355 2440 1503 2475 excisa.

89 2508 192 2546 Nam
224 2511 256 2547 si
287 2511 499 2547 verborum
532 2512 839 2560 disceptationis
871 2524 935 2547 res
968 2516 1087 2555 esset,
1120 2511 1217 2558 quid
1242 2510 1375 2546 foedus
1400 2509 1544 2547 Has-2

89 2580 266 2618 drubalis
289 2593 379 2618 cum
403 2580 550 2618 Lutatii
574 2582 707 2630 priore
733 2582 900 2626 foedere,
935 2582 1047 2629 quod
1072 2586 1268 2617 mutatum
1293 2585 1366 2623 est,
1395 2591 1505 2616 com-

89 2652 314 2698 parandum
339 2657 436 2696 erat,
462 2663 584 2699 quum
607 2652 647 2688 in
666 2651 813 2688 Lutatii
838 2652 994 2688 foedere
1013 2652 1161 2687 diserte
1179 2651 1364 2686 additum
1382 2655 1501 2694 esset,
1515 2648 1542 2689 3
