1768 2943
243 80 268 120 6
669 78 774 108 Liber
799 78 891 109 xxr.
942 77 997 121 (A.
1026 89 1054 110 u.
1083 89 1111 110 c.
1139 78 1234 121 536.)

243 210 344 246 sima
375 209 602 253 videbatur,
636 209 741 254 vicit,
775 210 977 258 legatique
1010 222 1060 247 eo
1094 211 1284 248 maturius
1316 212 1440 256 missi,
1474 213 1518 249 P.
1538 212 1660 249 Vale·
1761 202 1764 254 l

241 280 321 317 rius
353 280 522 317 Flaccus
556 285 597 316 et
621 279 672 325 Q.
691 279 851 316 Baebius
876 279 1126 329 Tamphilus,
1161 281 1385 330 Saguntum
1419 284 1473 318 ad
1505 283 1660 321 Hanni·
1762 262 1764 319 i

242 350 376 386 balem
408 356 530 398 atque
562 350 659 386 inde
679 349 980 399 Carthaginem,
1006 352 1038 388 si
1063 363 1149 388 non
1174 352 1431 389 absisteretur
1456 354 1576 398 bello,
1606 356 1660 390 ad
1762 337 1764 357 ³

243 421 390 457 ducem
421 421 554 469 ipsum
586 421 628 457 in
659 432 825 470 poenam
858 420 1022 458 foederis
1054 422 1158 470 rupti
1191 423 1515 471 deposcendum.

120 487 147 530 7
359 491 468 527 Dum
499 503 550 528 ea
581 491 756 528 Romani
789 497 936 539 parant
966 492 1293 540 consultantque,
1327 493 1408 530 iam
1437 494 1658 543 Saguntum

201 560 227 600 2
243 574 398 599 summa
416 562 452 598 vi
470 562 796 611 oppugnabatur.
847 561 996 599 Civitas
1023 575 1072 599 ea
1095 563 1217 611 longe
1237 564 1543 612 opulentissima
1560 565 1660 601 ultra

242 632 437 669 Hiberum
471 632 556 676 fuit,
590 632 667 668 sita
690 644 834 681 passus
858 632 964 669 mille
990 632 1114 669 ferme
1138 646 1162 669 a
1186 634 1298 670 mari.
1348 633 1520 671 Oriundi
1545 648 1569 671 a
1586 635 1660 671 Za-

242 703 392 752 cyntho
424 703 556 741 insula
584 702 784 747 dicuntur,
817 703 1009 751 mixtique
1039 704 1160 739 etiam
1185 704 1236 740 ab
1262 705 1398 740 Ardea
1424 705 1660 741 Rutulorum

201 771 226 811 3
243 774 409 822 quidam
439 773 621 822 generis;
656 779 833 809 ceterum
864 773 905 809 in
939 779 1072 810 tantas
1098 774 1206 810 brevi
1234 781 1442 811 creverant
1467 787 1567 824 opes
1589 787 1660 811 seu

241 844 449 881 maritimis
490 856 561 881 seu
601 844 853 887 terrestribus
892 843 1083 881 fructibus
1124 857 1195 881 seu
1234 845 1500 882 multitudinis
1531 846 1660 881 incre-

241 920 379 951 mento
398 927 470 951 seu
488 914 711 963 disciplinae
736 914 962 958 sanctitate,
997 926 1077 962 qua
1101 915 1223 951 fidem
1248 916 1440 952 socialem
1458 927 1586 963 usque
1604 917 1658 952 ad

198 982 226 1021 4
241 985 461 1034 perniciem
493 997 606 1022 suam
631 985 855 1021 coluerunt.
905 983 1111 1021 Hannibal
1135 985 1284 1023 infesto
1306 987 1482 1022 exercitu
1507 987 1660 1034 ingres-

241 1068 307 1092 sus
325 1055 439 1100 fines,
458 1056 696 1104 pervastatis
721 1055 871 1104 passim
890 1055 1008 1103 agris,
1039 1056 1178 1092 urbem
1197 1057 1392 1106 tripertito
1411 1056 1656 1105 aggreditur.

201 1123 227 1163 5
242 1127 423 1175 Angulus
455 1126 556 1162 muri
575 1132 660 1162 erat
682 1126 724 1162 in
748 1125 975 1174 planiorem
998 1127 1365 1175 patentioremque,
1387 1139 1508 1176 quam
1526 1133 1660 1164 cetera

241 1197 359 1241 circa,
394 1196 535 1232 vallem
569 1207 759 1245 vergens;
794 1197 987 1232 adversus
1021 1208 1113 1233 eum
1146 1198 1284 1234 vineas
1324 1210 1445 1246 agere
1477 1198 1658 1241 instituit,

199 1264 223 1304 6
239 1280 310 1317 per
343 1279 444 1315 quas
477 1267 580 1303 aries
604 1267 805 1303 moenibus
828 1267 1035 1303 admoveri
1060 1274 1213 1316 posset.
1262 1268 1345 1304 Sed
1370 1274 1411 1304 ut
1437 1269 1550 1305 locus
1568 1280 1660 1317 pro-

240 1339 303 1375 cul
334 1350 449 1375 muro
483 1338 579 1374 satis
613 1349 750 1385 aequus
783 1337 956 1385 agendis
988 1338 1114 1375 vineis
1149 1338 1234 1382 fuit,
1261 1339 1315 1374 ita
1342 1339 1660 1386 haudquaquam

239 1421 447 1458 prospere,
481 1414 699 1457 postquam
731 1409 786 1444 ad
819 1408 1006 1445 effectum
1040 1409 1173 1457 operis
1213 1414 1376 1445 ventum
1409 1414 1481 1453 est,
1517 1408 1659 1457 coeptis

200 1475 222 1515 ’ἶ
241 1480 501 1516 succedebat.
550 1478 602 1515 Et
626 1479 740 1516 turris
761 1479 907 1527 ingens
931 1480 1180 1524 imminebat,
1216 1486 1256 1516 et
1277 1491 1426 1524 murus,
1460 1485 1503 1515 ut
1526 1479 1568 1515 in
1595 1491 1659 1516 su—

239 1555 380 1599 specto
414 1550 520 1594 loco,
555 1561 675 1598 supra
707 1554 851 1586 ceterae
883 1551 1053 1586 modum
1086 1550 1306 1588 altitudinis
1332 1549 1531 1586 emunitus
1559 1556 1656 1593 erat,

239 1625 279 1656 et
309 1620 493 1656 iuventus
512 1620 684 1664 delecta,
718 1620 786 1655 ubi
810 1620 1022 1668 plurimum
1046 1621 1212 1669 periculi
1229 1633 1277 1657 ac
1294 1620 1447 1656 timoris
1467 1621 1658 1656 ostende-

199 1687 368 1735 Sbatur,
401 1691 456 1727 ibi
488 1690 524 1725 vi
556 1690 711 1726 maiore
747 1690 1012 1727 obsistebant.
1061 1692 1121 1727 Ac
1148 1691 1278 1739 primo
1305 1690 1519 1727 missilibus
1553 1702 1658 1727 sum-

239 1774 402 1799 movere
434 1762 595 1797 hostem
626 1772 703 1797 nec
736 1760 951 1808 quicquam
985 1761 1081 1798 satis
1107 1767 1234 1798 tutum
1257 1761 1529 1798 munientibus
1553 1761 1656 1807 pati;

239 1833 392 1868 deinde
423 1831 505 1867 iam
535 1842 621 1867 non
653 1843 727 1879 pro
760 1831 960 1867 moenibus
987 1833 1114 1868 modo
1133 1837 1255 1879 atque
1279 1832 1373 1867 turri
1388 1831 1466 1867 tela
1494 1831 1655 1875 micare,

239 1903 314 1938 sed
346 1903 401 1938 ad
425 1902 720 1949 erumpendum
738 1901 860 1937 etiam
876 1901 918 1937 in
936 1901 1132 1938 stationes
1155 1913 1361 1950 operaque
1380 1901 1555 1938 hostium
1572 1903 1657 1938 ani-

198 1968 222 2008 9
238 1984 326 2009 mus
345 1977 449 2015 erat3
484 1971 628 2019 quibus
647 1971 910 2007 tumultuariis
928 1972 1212 2008 certaminibus
1238 1963 1348 2008 hau'd
1373 1971 1498 2008 ferme
1524 1973 1656 2021 plures

171 2039 225 2079 10
240 2042 450 2091 Saguntini
469 2042 675 2078 cadebant
698 2053 819 2089 quam
836 2041 964 2078 Poeni.
1006 2041 1061 2078 Ut
1085 2053 1179 2078 vero
1198 2041 1403 2078 Hannibal
1432 2043 1532 2091 ipse,
1559 2043 1655 2078 dum

239 2125 394 2149 murum
417 2112 617 2149 incautius
641 2112 758 2156 subit,
788 2112 1000 2148 adversum
1030 2111 1157 2148 femur
1183 2113 1339 2160 tragula
1363 2112 1534 2161 graviter
1554 2113 1655 2149 ictus

240 2183 399 2227 cecidit,
433 2188 546 2219 tanta
578 2182 683 2219 circa
717 2182 812 2230 fuga
844 2193 892 2218 ac
925 2182 1143 2231 trepidatio
1179 2181 1262 2227 fuit,
1298 2188 1340 2218 ut
1371 2195 1456 2219 non
1489 2183 1655 2219 multum

98 2249 127 2293 8
239 2254 414 2292 abesset.
448 2253 544 2300 quin
577 2264 702 2301 opera
735 2264 782 2289 ac
807 2253 933 2289 vineae
958 2253 1252 2289 desererentur.
1302 2251 1476 2289 Obsidio
1502 2253 1654 2289 deinde

239 2335 310 2372 per
341 2334 496 2372 paucos
529 2323 617 2359 dies
649 2323 778 2371 magis
811 2335 932 2371 quam
965 2324 1217 2372 oppugnatio
1252 2323 1343 2367 fuit,
1385 2324 1482 2360 dum
1514 2324 1654 2361 vulnus

239 2394 353 2431 ducis
386 2399 608 2437 curaretur;
641 2406 713 2442 per
737 2394 850 2441 quod
875 2399 1032 2441 tempus
1064 2399 1105 2429 ut
1135 2393 1249 2441 quies
1275 2394 1537 2430 certaminum
1554 2402 1652 2438 erat,

198 2463 292 2503 2ita
325 2465 376 2500 ab
409 2469 606 2513 apparatu
639 2475 807 2512 operum
839 2475 888 2500 ac
910 2463 1179 2500 munitionum
1203 2463 1300 2500 nihil
1326 2470 1541 2501 cessatum.
1574 2464 1652 2501 Ita-

240 2547 317 2582 que
351 2535 480 2572 acrius
508 2535 561 2571 de
584 2535 742 2583 integro
769 2539 953 2570 coortum
979 2539 1040 2570 est
1065 2534 1224 2578 bellum,
1250 2533 1509 2582 pluribusque
1533 2535 1653 2583 parti—

240 2605 326 2648 bus,
360 2605 423 2641 vix
455 2605 745 2654 accipientibus
769 2605 1012 2652 quibusdam
1043 2616 1168 2652 opera
1202 2604 1314 2647 locis,
1347 2604 1474 2640 vineae
1509 2611 1651 2653 coeptae
