1789 2955
282 92 334 128 90
673 86 787 121 Liber
811 85 978 122 XXVII.
1028 87 1088 130 (A,
1116 98 1149 121 u.
1176 98 1206 121 c.
1231 88 1327 131 546.)

281 218 318 252 et
364 213 635 264 supplicatum
681 226 752 264 per
789 214 963 264 compita
999 217 1086 251 tota
1123 213 1222 251 urbe
1261 217 1331 261 est,
1377 217 1415 252 et
1453 214 1498 252 P.
1535 214 1717 254 Licinius

282 285 413 323 Varus
443 288 592 334 praetor
621 285 798 322 urbanus
827 286 958 335 legem
988 287 1091 323 ferre
1122 285 1173 322 ad
1202 286 1397 335 populum
1429 286 1570 333 iussus,
1610 290 1656 325 ut
1686 287 1717 325 ii

281 357 368 394 ludi
408 357 448 394 in
479 360 716 406 perpetuum
749 357 791 394 in
823 360 967 395 statam
998 357 1102 395 diem
1132 361 1381 396 voverentur.
1440 358 1535 408 Ipse
1564 359 1718 408 primus

283 430 339 467 ita
379 428 502 475 vovit,
546 429 718 478 fecitque
758 432 848 467 ante
890 429 992 467 diem
1032 429 1196 467 tertium
1237 442 1361 467 nonas
1399 429 1616 476 Quintiles.
1676 430 1718 467 Is

282 501 368 538 dies
400 500 546 538 deinde
577 501 781 538 sollemnis
811 504 1002 541 servatus

132 569 191 617 24
394 572 458 610 De
491 572 698 610 Arretinis
729 575 768 610 et
798 573 904 611 fama
936 573 975 609 in
1008 572 1094 610 dies
1131 572 1294 621 gravior
1331 575 1372 610 et
1410 586 1502 610 cura
1542 585 1719 611 crescere

280 644 479 693 patribus.
530 643 675 694 Itaque
703 643 744 682 C.
761 645 938 683 Hostilio
966 644 1159 693 scriptum
1186 647 1256 692 est,
1280 658 1330 681 ne
1358 644 1536 682 differret
1560 644 1719 682 obsides

281 716 329 753 ab
354 714 562 753 Arretinis
587 716 781 766 accipere,
809 719 858 764 et,
886 717 949 753 cui
974 716 1153 754 traderet
1177 717 1346 754 Romam
1377 716 1644 764 deducendos,
1675 715 1718 755 O.

236 788 257 822 2
277 787 492 824 Terentius
511 787 643 825 Varro
675 801 762 825 cum
793 788 963 838 imperio
991 788 1144 827 missus.
1194 788 1274 835 Qui
1295 791 1342 825 ut
1366 789 1487 835 venit,
1519 789 1719 838 extemplo

281 858 483 896 Hostilius
526 859 726 908 legionem
765 874 897 907 unam,
942 873 1030 909 quae
1072 863 1163 897 ante
1203 861 1342 898 urbem
1374 863 1504 898 castra
1533 859 1721 907 habebat,

281 930 396 979 signa
422 931 464 968 in
488 931 628 968 urbem
654 932 759 969 ferre
784 932 901 969 iussit
924 931 1192 981 praesidiaque
1209 932 1309 970 locis
1326 932 1481 970 idoneis
1500 931 1720 981 disposuit;

237 1005 363 1040 stum
405 1003 448 1040 in
488 1004 573 1041 foro
612 1003 746 1041 citatis
787 1004 1041 1041 senatoribus
1083 1003 1248 1041 obsides
1288 1004 1512 1054 imperavit.
1586 1002 1719 1050 Quum

284 1078 444 1112 senatus
475 1074 643 1112 biduum
675 1076 725 1113 ad
750 1075 1083 1113 considerandum
1109 1075 1295 1125 [tempus]
1323 1079 1490 1125 peteret,
1521 1078 1589 1113 aut
1611 1075 1720 1125 ipsos

284 1148 484 1197 extemplo
525 1147 621 1184 dare
662 1150 730 1184 aut
770 1160 811 1184 se
851 1150 1011 1196 postero
1053 1147 1118 1184 die
1148 1151 1376 1186 senatorum
1408 1161 1542 1185 omnes
1573 1148 1720 1185 liberos

284 1222 538 1268 sumpturum
561 1218 700 1257 edixit.
747 1219 849 1256 Inde
873 1223 1010 1269 portas
1037 1220 1236 1257 custodire
1261 1220 1359 1258 iussi
1375 1220 1531 1257 tribuni
1546 1219 1721 1257 militum

282 1291 542 1340 praefectique
575 1292 723 1328 socium
757 1294 796 1328 et
827 1292 1092 1338 centuriones,
1122 1305 1171 1329 ne
1196 1292 1286 1341 quis
1314 1296 1429 1329 nocte
1454 1291 1555 1329 urbe
1581 1292 1721 1329 exiret.

241 1363 333 1399 4Id
365 1363 527 1412 segnius
558 1363 911 1413 negligentiusque
943 1364 1110 1410 factum,
1143 1366 1295 1413 septem
1323 1363 1525 1414 principes
1549 1367 1722 1410 senatus,

283 1434 516 1484 priusquam
559 1435 747 1472 custodiae
791 1435 833 1472 in
872 1436 1000 1485 portis
1038 1436 1279 1483 locarentur,
1324 1439 1416 1472 ante
1447 1438 1600 1474 noctem
1633 1449 1722 1473 cum

239 1506 260 1541 5
280 1506 421 1543 liberis
454 1510 676 1545 evaserunt.
738 1506 909 1545 Postero
942 1507 1006 1545 die
1037 1508 1126 1545 luce
1158 1507 1298 1557 prima,
1337 1520 1456 1556 quum
1490 1511 1650 1544 senatus
1681 1508 1722 1544 in

282 1578 410 1616 forum
438 1578 555 1615 citari
580 1582 731 1628 coeptus
749 1581 861 1622 esset,
886 1579 1114 1626 desiderati,
1139 1580 1324 1629 bonaque
1343 1593 1477 1617 eorum
1494 1579 1723 1626 venierunt;

283 1663 304 1686 a
337 1649 482 1687 ceteris
514 1650 765 1687 senatoribus
798 1654 956 1688 centum
986 1651 1135 1700 viginti
1167 1651 1338 1697 obsides,
1383 1651 1502 1688 liberi
1533 1651 1722 1701 ipsorum,

238 1725 259 1757 13
283 1722 436 1771 accepti
466 1721 688 1770 traditique
721 1721 762 1759 C.
794 1721 984 1760 Terentio
1017 1723 1188 1761 Romam
1220 1723 1457 1760 deducendi.
1516 1723 1558 1760 Is
1590 1723 1724 1760 omnia

285 1794 546 1842 suspectiora,
585 1807 702 1843 quam
734 1798 826 1831 ante
856 1794 1026 1841 fuerant,
1057 1796 1098 1832 in
1130 1798 1268 1833 senatu
1299 1795 1402 1832 fecit.
1462 1795 1606 1844 Itaque
1635 1798 1722 1832 tan·

286 1879 404 1913 quani
435 1866 668 1903 imminente
690 1865 861 1904 Etrusco
884 1867 1070 1913 tumultu,
1102 1867 1301 1917 legionem
1324 1880 1454 1912 unam,
1485 1867 1650 1904 alteram
1675 1879 1723 1904 ex

282 1938 460 1986 urbanis,
493 1938 705 1975 Arretium
748 1937 891 1975 ducere
934 1938 1063 1975 iussus
1103 1938 1188 1987 ipse
1230 1938 1272 1976 C.
1304 1938 1516 1976 Terentius
1558 1951 1724 1987 eamque

242 2010 260 2042 Τ
283 2009 431 2046 habere
463 2009 503 2046 in
535 2010 723 2059 praesidio
755 2010 890 2058 urbis3
933 2009 974 2047 C.
1008 2010 1231 2048 Hostilium
1263 2024 1349 2047 cum
1383 2013 1513 2047 cetero
1545 2010 1724 2047 exercitu

283 2081 434 2129 placuit
465 2084 592 2118 totam
623 2082 872 2131 provinciam
897 2095 1118 2131 peragrare
1146 2086 1185 2119 et
1211 2095 1361 2129 cavere,
1391 2095 1440 2119 ne
1466 2095 1545 2131 qua
1568 2081 1724 2118 occasio

242 2152 432 2189 Snovare
475 2153 730 2202 cupientibus
771 2167 834 2190 res
874 2154 1049 2191 claretur.
1112 2153 1154 2191 C.
1187 2154 1399 2191 Terentius
1438 2156 1483 2190 ut
1513 2152 1723 2191 Arretium

287 2237 375 2261 cum
407 2224 567 2272 legione
597 2225 719 2270 venit,
761 2225 890 2262 claves
923 2229 1128 2274 portarum
1161 2239 1281 2275 quum
1313 2225 1569 2274 magistratus
1598 2237 1722 2274 popo-

285 2296 436 2342 scisset,
475 2296 717 2345 negantibus
752 2296 798 2333 iis
830 2309 1071 2346 comparere,
1104 2297 1244 2335 fraude
1275 2301 1426 2335 amotas
1457 2297 1584 2345 magis
1614 2299 1724 2333 ratus

286 2381 403 2416 quam
432 2368 684 2417 negligentia
708 2367 972 2414 intercidisse,
997 2369 1084 2418 ipse
1107 2369 1207 2406 alias
1233 2369 1363 2406 claves
1387 2368 1569 2406 omnibus
1594 2367 1724 2416 portis

290 2439 493 2488 imposuit,
533 2440 718 2489 cavitque
757 2453 844 2476 cum
885 2452 989 2485 cura,
1022 2444 1067 2477 ut
1097 2440 1231 2477 omnia
1262 2440 1305 2477 in
1335 2443 1533 2489 potestate
1564 2452 1635 2476 sua
1665 2451 1723 2477 es·

239 2513 261 2545 9
281 2514 386 2557 sent,
418 2510 638 2549 Hostilium
672 2512 865 2549 intentius
897 2511 1063 2557 monuit,
1089 2515 1135 2548 ut
1160 2511 1201 2548 in
1225 2524 1271 2548 eo
1296 2524 1417 2560 spem,
1443 2525 1523 2549 non
1547 2514 1724 2548 moturos

285 2583 498 2632 quicquam
516 2583 720 2631 Etruscos,
736 2586 914 2633 poneret,
939 2582 986 2629 si,
1002 2596 1051 2620 ne
1077 2582 1174 2632 quid
1197 2582 1349 2620 moveri
1375 2586 1520 2632 posset,
1545 2583 1724 2620 cavisset.

137 2650 191 2698 25
397 2654 461 2692 De,
493 2655 724 2692 Tarentinis
759 2654 851 2693 inde
883 2667 1029 2703 magna
1061 2654 1315 2695 contentione
1347 2654 1387 2690 in
1420 2658 1559 2692 senatu
1592 2657 1723 2692 actum
