1789 2955
272 76 326 112 74
665 72 781 107 Liber
805 71 973 107 XXVII.
1023 73 1083 116 (A.
1110 85 1144 107 u.
1170 84 1199 107 c.
1224 74 1318 117 545.)

224 200 304 237 8Ιί
338 213 520 237 censores
551 203 596 237 ut
626 212 765 247 agrum
799 199 1046 249 Campanum
1078 200 1289 237 fruendum
1321 200 1511 247 locarent,
1543 214 1589 238 ex
1620 215 1708 239 auc·-

226 272 430 309 9t01·itate
455 275 614 320 patrum
639 272 763 308 latum
790 271 840 308 ad
864 272 1024 321 plebem
1051 275 1110 309 est
1126 272 1342 321 plebesque
1360 272 1489 310 scivit.
1538 271 1708 310 Senatus

272 344 483 380 lectionem
516 343 721 380 contentio
754 343 858 380 inter
890 357 1070 381 censores
1096 344 1144 381 de
1168 344 1350 393 principe
1373 344 1541 392 legendo
1565 345 1708 381 tenuit.

202 416 253 453 10
272 413 500 464 Sempronii
530 414 649 452 lectio
683 417 788 461 erat;
835 418 1009 453 ceterum
1043 415 1250 453 Cornelius
1281 429 1430 453 morem
1460 416 1655 452 traditum
1687 429 1709 452 a

269 487 452 536 patribus
484 485 728 536 sequendum
762 486 906 534 aiebat,
937 492 992 534 ut,
1018 489 1086 536 qui
1117 488 1268 536 primus
1300 501 1439 525 censor
1470 501 1517 524 ex
1549 487 1610 534 iis,
1640 488 1709 536 qui

272 559 465 605 viverent,
497 559 651 604 fuisset,
682 571 769 594 eum
802 560 1025 609 principem
1055 560 1254 608 legerent,
1288 559 1322 596 is
1353 559 1398 596 T.
1416 559 1594 596 Manlius
1609 558 1708 596 Tor-

198 631 411 680 liquatus
443 634 545 676 erat3
586 628 857 678 Sempronius,
889 632 952 667 cui
985 631 1026 668 di
1058 634 1202 668 sortem
1235 630 1395 679 legendi
1426 630 1641 677 dedissent,
1672 630 1710 668 ei

273 702 335 739 ius
366 702 538 739 liberum
571 701 728 738 eosdem
755 701 911 740 dedisse
936 703 1047 749 deos;
1081 717 1120 740 se
1146 702 1187 739 id
1212 716 1281 739 suo
1307 702 1475 739 arbitrio
1500 703 1709 749 facturum,

271 774 547 822 lecturumque
579 773 628 820 Q
646 773 817 810 Fabium
842 775 1074 821 Maximum,
1108 788 1223 824 quem
1253 778 1338 811 tum
1369 774 1595 824 principem
1627 774 1708 811 Ro-

200 846 248 882 12
268 858 393 882 manae
421 845 599 882 civitatis
625 859 708 882 esse
731 847 792 883 vel
810 846 1039 883 Hannibale
1065 847 1195 883 iudice
1219 847 1397 883 victurus
1416 849 1528 882 esset.
1577 845 1708 892 Quum

273 917 342 954 diu
375 920 568 954 certatum
600 917 733 954 verbis
765 922 876 964 esset,
922 918 1162 955 concedente
1203 919 1357 966 collega
1389 918 1514 955 lectus
1547 932 1568 955 a
1600 916 1708 954 Sem-

271 989 413 1039 pronio
447 989 633 1038 princeps
665 990 704 1026 in
738 993 877 1027 senatu
910 990 958 1037 Q.
992 991 1142 1027 Fabius
1174 990 1372 1027 Maximus
1405 990 1553 1027 consul.
1607 989 1708 1026 Inde

271 1061 374 1097 alius
406 1060 532 1097 lectus
563 1064 735 1110 senatus,
777 1065 865 1099 octo
897 1062 1124 1110 praeteritis,
1165 1062 1269 1098 inter
1307 1075 1405 1110 quos
1436 1061 1491 1099 M.
1525 1061 1710 1098 Caecilius

270 1132 460 1169 Metellus
492 1135 590 1181 erat,
623 1133 782 1171 infamis
814 1136 953 1171 auctor
985 1133 1211 1171 deserendae
1243 1133 1377 1170 Italiae
1410 1136 1500 1182 post
1527 1132 1707 1170 Cannen-

200 1205 249 1241 13
269 1216 351 1240 sem
399 1204 560 1241 cladem.
634 1205 683 1241 In
729 1205 982 1254 equestribus
1029 1219 1186 1255 quoque
1231 1205 1337 1242 notis
1379 1205 1515 1242 eadem
1554 1209 1709 1242 servata

199 1276 248 1313 14
267 1289 405 1321 causa;
453 1276 521 1313 sed
555 1280 669 1313 erant
699 1278 901 1326 perpauci,
945 1291 1042 1326 quos
1075 1291 1119 1314 ea
1150 1277 1315 1314 infamia
1346 1276 1580 1325 attingeret;
1628 1276 1709 1313 illis

273 1347 456 1384 omnibus
488 1348 545 1396 (et
575 1349 691 1386 multi
724 1349 852 1399 erant)
884 1349 1062 1398 adempti
1095 1349 1198 1398 equi,
1231 1349 1299 1398 qui
1318 1348 1585 1386 Cannensium
1612 1349 1709 1397 legi-

271 1431 389 1456 onum
422 1419 576 1468 equites
609 1420 652 1456 in
684 1419 824 1458 Sicilia
855 1424 978 1457 erant.
1038 1420 1305 1458 Addiderunt
1336 1421 1545 1458 acerbitati
1587 1420 1708 1457 etiam

270 1494 438 1540 tempus,
464 1504 511 1528 ne
537 1492 742 1540 praeterita
769 1492 969 1541 stipendia
1000 1493 1264 1541 procederent
1296 1493 1358 1538 iis,
1385 1506 1472 1542 quae
1505 1505 1606 1542 equo
1638 1505 1707 1541 pu-

270 1562 376 1599 blico
409 1567 670 1610 emeruerant,
710 1564 779 1600 sed
811 1564 914 1600 dena
945 1564 1146 1613 stipendia
1177 1565 1290 1614 equis
1320 1565 1491 1614 privatis
1522 1565 1708 1601 facerent.

206 1635 254 1671 15
272 1634 465 1682 Magnum
497 1639 692 1684 praeterea
722 1649 931 1673 numerum
963 1649 1096 1673 eorum
1130 1637 1471 1686 conquisiverunt,
1505 1637 1575 1686 qui
1606 1649 1707 1685 equo

270 1719 420 1743 merere
446 1706 648 1753 deberent,
676 1710 794 1756 atque
820 1721 867 1744 ex
896 1707 957 1754 iis,
985 1708 1053 1757 qui
1080 1709 1280 1758 principio
1306 1709 1391 1746 eius
1422 1708 1519 1746 belli
1551 1711 1707 1757 septen-

266 1774 398 1815 decim
431 1792 554 1815 annos
585 1779 671 1815 nati
703 1780 858 1816 fuerant
890 1793 1017 1829 neque
1050 1781 1332 1826 militaverant,
1371 1794 1505 1817 omnes
1544 1779 1708 1816 aerarios

196 1850 244 1886 16
263 1850 453 1887 fecerunt.
501 1850 755 1888 Locaverunt
771 1852 863 1888 inde
891 1851 1120 1898 reficienda,
1146 1865 1233 1901 quae
1252 1853 1356 1889 circa
1372 1852 1498 1889 forum
1518 1851 1707 1889 incendio

270 1925 503 1971 consumpta
539 1926 663 1969 erant,
699 1927 849 1972 septem
877 1923 1075 1970 tabernas,
1107 1924 1326 1970 macellum,
1362 1924 1508 1960 atrium
1539 1924 1707 1972 regium.

130 1989 181 2037 12
385 1993 617 2031 Transactis
649 1995 844 2042 omnibus,
884 2008 971 2045 quae
1003 1996 1141 2033 Romae
1174 1995 1328 2044 agenda
1359 2000 1485 2045 erant,
1527 1995 1707 2033 consules

229 2064 320 2101 2ad
352 2064 503 2102 bellum
534 2067 715 2115 profecti.
777 2067 895 2104 Prior
918 2067 1085 2105 Fulvius
1116 2080 1359 2117 praegressus
1392 2068 1586 2117 Capuam3
1617 2069 1708 2116 post

270 2149 417 2186 paucos
450 2137 533 2173 dies
566 2142 797 2175 consecutus
829 2138 994 2185 Fabius,
1035 2140 1104 2188 qui
1136 2144 1175 2177 et
1205 2140 1402 2189 collegam
1434 2153 1565 2177 coram
1598 2139 1706 2176 obte-

271 2210 397 2245 status
438 2211 477 2245 et
517 2222 588 2258 per
627 2210 782 2247 litteras
820 2211 1079 2257 Marcellum,
1127 2215 1171 2248 ut
1210 2225 1327 2261 quam
1366 2212 1558 2249 acerrimo
1598 2211 1706 2248 bello

230 2281 253 2316 3
273 2279 503 2316 detinerent
533 2280 814 2328 Hannibalem,
860 2283 951 2319 dum
990 2283 1075 2332 ipse
1106 2283 1324 2321 Tarentum
1363 2286 1613 2333 oppugnaret
1644 2282 1708 2331 (ea

196 2361 205 2372 ⁴
272 2351 370 2387 urbe
402 2351 588 2400 adempta
618 2352 723 2389 hosti
756 2353 832 2390 iam
864 2354 1043 2403 undique
1084 2356 1210 2405 pulso,
1255 2369 1326 2393 nec
1364 2355 1431 2392 ubi
1474 2355 1708 2392 consisteret

272 2436 344 2459 nec
377 2423 484 2472 quod
515 2423 638 2460 fidum
668 2425 896 2473 respiceret,
927 2426 1099 2472 habenti,
1131 2441 1180 2464 ne
1211 2428 1393 2464 morandi
1426 2427 1588 2476 quidem
1617 2438 1705 2462 cau-

228 2495 353 2531 4sam
393 2495 434 2531 in
475 2495 596 2533 Italia
634 2496 746 2544 fore),
791 2497 961 2545 Regium
1003 2499 1121 2535 etiam
1158 2499 1341 2535 nuntium
1374 2499 1496 2536 mittit
1527 2499 1575 2535 ad
1606 2511 1704 2548 prae-

272 2566 416 2603 fectum
456 2567 647 2617 praesidii,
696 2569 801 2617 quod
833 2569 882 2605 ab
916 2568 1081 2606 Laevino
1114 2571 1272 2607 consule
1304 2571 1491 2607 adversus
1523 2571 1705 2608 Bruttios

225 2637 322 2675 5ibi
369 2638 539 2676 locatum
588 2643 686 2686 erat,
733 2644 821 2678 octo
868 2641 995 2678 millia
1041 2642 1255 2689 hominum,
1301 2656 1392 2691 pars
1439 2644 1609 2680 maxima
1655 2643 1704 2680 ab
