1789 2955
265 90 318 128 20
663 87 778 121 Liber
802 86 946 124 XXVI.
997 88 1058 131 (A.
1085 99 1119 121 u.
1147 99 1176 122 c.
1203 89 1297 131 543.)

201 214 249 251 11
267 213 398 252 Roma
429 214 642 263 quotannis
687 214 888 251 missuros.
948 213 1014 251 Ita
1059 213 1109 250 ad
1141 213 1316 263 Capuam
1363 227 1426 251 res
1472 215 1702 264 compositae

272 286 440 324 consilio
470 286 520 323 ab
537 285 643 322 omni
659 288 772 334 parte
795 284 1001 322 laudabili.
1034 283 1180 322 Severe
1204 289 1244 322 et
1261 286 1445 324 celeriter
1471 287 1511 324 in
1533 286 1703 325 maxime

268 357 410 395 noxios
443 356 783 402 animadversum
827 356 1042 393 multitudo
1075 357 1221 394 civium
1254 358 1446 407 dissipata
1476 358 1516 394 in
1547 358 1700 395 nullam

200 429 250 467 12
268 442 379 478 spem
407 428 578 475 reditus3
609 441 686 465 non
703 427 883 465 saevitum
902 428 1096 465 incendiis
1119 428 1327 478 ruinisque
1353 429 1394 465 in
1420 431 1525 466 tecta
1541 429 1704 467 innoxia

266 513 496 549 murosque,
541 503 580 537 et
620 513 709 536 cum
741 499 1007 536 emolumento
1053 500 1219 548 quaesita
1264 500 1383 537 etiam
1429 499 1535 549 apud
1573 502 1702 538 socios

266 571 448 609 lenitatis
475 571 626 620 species
650 570 925 608 incolumitate
952 571 1062 608 urbis
1087 571 1350 608 nobilissimae
1376 572 1702 621 opulentissimae-

267 657 354 693 que,
381 643 494 680 cuius
511 642 638 679 ruinis
656 642 782 679 omnis
800 641 1032 691 Campania,
1061 656 1206 690 omnes,
1232 643 1300 692 qui
1317 642 1575 692 Campaniam
1593 642 1702 681 circa

197 714 246 751 13
265 715 460 762 accolunt,
484 713 624 764 populi
641 714 949 763 ingemuissent3
980 714 1173 752 confessio
1198 727 1382 764 expressa
1406 715 1524 761 hosti,
1553 718 1704 764 quanta

265 787 399 824 visin
430 785 624 823 Romanis
665 785 714 822 ad
757 785 995 835 expetendas
1026 799 1163 835 poenas
1210 785 1260 823 ab
1308 785 1536 823 infidelibus
1582 785 1703 824 sociis

268 862 308 896 et
339 872 457 907 quam
488 857 589 895 nihil
630 857 672 894 in
703 857 934 895 Hannibale
981 857 1123 894 auxilii
1170 857 1221 894 ad
1266 860 1449 907 receptos
1496 857 1538 894 in
1582 856 1703 894 fidem

265 930 433 967 tuendos
465 932 577 967 esset.

129 997 177 1045 17
380 1001 553 1038 Romani
569 1003 703 1050 patres
719 1000 930 1049 perfuncti,
956 1000 1062 1049 quod
1080 999 1128 1037 ad
1156 999 1333 1049 Capuam
1361 1000 1569 1047 attinebat,
1598 1013 1704 1046 cura,

268 1072 312 1110 C.
328 1072 482 1110 Neroni
508 1086 555 1110 ex
584 1072 631 1109 iis
659 1072 811 1108 duabus
837 1072 1078 1121 legionibus,
1106 1085 1204 1121 quas
1229 1072 1278 1109 ad
1296 1071 1472 1122 Capuam
1496 1072 1702 1118 habuerat,

267 1157 337 1182 sex
369 1144 498 1181 millia
522 1143 704 1193 peditum
730 1146 768 1180 et
794 1146 993 1181 trecentos
1020 1144 1184 1193 equites,
1225 1157 1324 1194 quos
1353 1144 1438 1194 ipse
1461 1144 1632 1192 legisset,
1665 1147 1704 1180 et

266 1215 418 1253 socium
437 1215 573 1253 Latini
591 1215 763 1252 nominis
789 1214 969 1264 peditum
998 1229 1203 1253 numerum
1228 1227 1363 1265 parem
1389 1218 1427 1252 et
1453 1216 1703 1264 octingentos

222 1288 244 1323 2
264 1288 417 1337 equites
442 1287 669 1325 decernunt.
729 1287 833 1323 Eum
861 1287 1082 1324 exercitum
1109 1287 1295 1325 Puteolis
1328 1287 1370 1323 in
1397 1299 1517 1324 naves
1543 1286 1702 1336 imposi-

265 1362 349 1396 tum
389 1359 497 1397 Nero
542 1359 583 1395 in
624 1358 864 1408 Hispaniam
908 1359 1212 1408 transportavit.
1272 1357 1405 1405 Quum
1436 1358 1703 1396 Tarraconem

267 1430 436 1468 navibus
466 1430 652 1476 venisset,
684 1431 955 1480 expositisque
979 1431 1037 1467 ibi
1066 1431 1191 1480 copiis
1216 1434 1254 1468 et
1281 1430 1449 1467 navibus
1484 1430 1703 1477 subductis,

267 1502 396 1540 socios
428 1515 586 1551 quoque
618 1503 778 1539 navales
810 1503 1082 1540 multitudinis
1121 1502 1311 1551 augendae
1353 1515 1470 1538 causa
1501 1505 1704 1546 armasset,

217 1574 459 1624 3profectus
490 1574 540 1610 ad
570 1573 769 1611 Hiberum
811 1573 956 1611 flumen
1003 1574 1223 1611 exercitum
1271 1574 1320 1612 ab
1359 1573 1420 1614 Ti.
1453 1573 1625 1611 Fonteio
1665 1577 1704 1610 et

222 1646 314 1684 412.
348 1645 502 1683 Marcio
545 1646 711 1695 accepit.
772 1645 872 1683 Inde
912 1646 1045 1695 pergit
1084 1646 1133 1682 ad
1169 1646 1302 1683 hostes
1341 1646 1411 1683 ire.
1470 1645 1705 1683 Hasdrubal

267 1717 515 1755 Hamilcaris
547 1718 596 1754 ad
620 1718 794 1767 Lapides
826 1721 933 1756 atros
965 1721 1093 1754 castra
1122 1718 1314 1763 habebat3
1346 1717 1389 1754 in
1420 1716 1639 1754 Ausetanis
1670 1717 1703 1753 is

268 1789 377 1826 locus
410 1792 469 1826 est
500 1790 603 1826 inter
635 1789 781 1839 oppida
806 1789 1014 1838 Iliturgim
1047 1792 1086 1825 et
1109 1789 1354 1826 Mentissam.
1413 1789 1546 1826 Huius
1578 1788 1703 1826 saltus

224 1860 247 1897 ὃ
265 1862 396 1898 fauces
414 1861 521 1898 Nero
551 1862 711 1899 insedit.
749 1861 1006 1905 Hasdrubal,
1035 1872 1158 1908 quum
1175 1861 1214 1897 in
1241 1863 1328 1897 arto
1353 1873 1416 1897 res
1443 1863 1557 1909 esset,
1583 1859 1701 1898 cadu-

269 1936 466 1970 ceatorem
496 1933 616 1980 misit,
648 1932 718 1981 qui
743 1932 1009 1981 promitteret,
1040 1932 1075 1968 si
1099 1932 1192 1969 inde
1219 1932 1383 1968 emissus
1409 1932 1523 1981 foret,
1556 1945 1596 1969 se
1623 1944 1702 1968 om-

229 2005 251 2040 6
270 2017 359 2041 nem
391 2005 608 2041 exercitum
641 2017 687 2041 ex
715 2003 915 2053 Hispania
946 2003 1259 2053 deportaturum.
1321 2003 1450 2049 Quam
1472 2017 1554 2040 rem
1582 2016 1702 2052 quum

267 2076 359 2112 laeto
392 2076 525 2112 animo
566 2076 770 2113 Romanus
811 2075 1039 2124 accepisset,
1085 2075 1189 2112 diem
1228 2077 1432 2124 posterum
1472 2074 1704 2112 Hasdrubal

270 2147 471 2197 colloquio
498 2147 652 2197 petivit,
678 2150 723 2184 ut
754 2160 884 2184 coram
908 2147 1016 2196 leges
1042 2147 1387 2184 conscriberentur
1419 2146 1467 2184 de
1497 2145 1704 2183 tradendis

269 2219 428 2256 arcibus
460 2219 619 2256 urbium
652 2219 794 2267 dieque
833 2218 1054 2265 statuenda,
1086 2218 1135 2255 ad
1165 2232 1283 2267 quam
1314 2217 1503 2268 praesidia
1534 2217 1703 2255 deduce.-

232 2292 409 2328 Trentur
440 2303 589 2340 suaque
638 2291 768 2327 omnia
809 2289 892 2326 sine
930 2291 1067 2327 fraude
1099 2290 1216 2327 Poeni
1257 2290 1524 2340 deportarent.
1585 2288 1702 2336 Quod

267 2362 338 2400 ubi
355 2363 596 2413 impetravit,
622 2362 818 2411 extemplo
841 2361 982 2410 primis
1009 2362 1187 2398 tenebris
1211 2365 1330 2410 atque
1347 2361 1440 2398 inde
1466 2364 1551 2398 tota
1576 2364 1704 2407 nocte,

270 2435 377 2484 quod
393 2435 674 2483 gravissimum
692 2433 888 2470 exercitus
915 2436 1010 2479 erat,
1038 2433 1285 2480 Hasdrubal,
1309 2445 1542 2482 quacunque
1557 2435 1702 2482 posset,

237 2506 261 2542 8
280 2508 448 2544 evadere
481 2519 499 2544 o
531 2507 635 2544 saltu
668 2505 794 2543 iussit.
854 2504 964 2541 Data
995 2504 1133 2541 sedulo
1167 2518 1287 2554 opera
1318 2508 1387 2551 est,
1429 2518 1477 2541 ne
1509 2505 1626 2541 multi
1657 2517 1703 2542 ea

268 2582 383 2616 nocte
401 2578 570 2627 exirent,
598 2582 643 2615 ut
659 2578 746 2627 ipsa
763 2576 945 2626 paucitas
973 2589 1094 2625 quum
1121 2575 1170 2612 ad
1197 2576 1349 2613 hostem
1375 2575 1537 2613 silentio
1560 2575 1701 2612 fallen-

273 2649 364 2686 dum
391 2650 535 2699 aptior,
568 2653 652 2686 tum
680 2649 730 2686 ad
758 2647 1003 2686 evadendum
1030 2661 1100 2697 per
1124 2650 1230 2685 artas
1255 2647 1416 2685 semitas
1440 2660 1484 2685 ac
1517 2646 1702 2684 difficiles
