1768 2943
494 82 598 113 Liber
624 82 735 112 XXII.
785 81 841 123 (A.
871 82 932 113 Ch.
961 82 1054 125 217.)
1430 84 1485 125 59

71 225 141 262 per
172 213 312 249 urbem
343 212 568 249 Saturnalia
601 212 710 248 diem
741 225 788 249 ac
820 218 985 249 noctem
1013 214 1197 258 clamata,
1231 216 1485 264 populusque

71 295 163 320 eum
195 283 304 319 diem
337 282 482 320 festum
514 283 664 319 habere
697 295 745 319 ac
777 295 936 320 servare
968 284 1010 319 in
1042 290 1280 332 perpetuum
1311 286 1454 323 iussus.

188 353 295 390 Dum
313 354 452 391 consul
471 353 683 402 placandis
702 354 842 390 Romae
869 354 931 390 dis
955 354 1230 402 habendoque
1249 355 1398 393 dilectu
1415 358 1486 393 dat
1549 351 1576 394 2

70 436 250 473 operam,
276 423 481 460 Hannibal
505 423 711 472 profectus
736 436 784 460 ex
809 424 998 468 hibernis,
1028 424 1120 472 quia
1144 425 1223 460 iam
1248 425 1485 463 Flaminium

70 495 279 531 consulem
296 494 494 530 Arretium
518 494 749 542 pervenisse
775 494 882 530 fama
909 500 1006 539 erat,
1033 507 1155 543 quum
1179 496 1289 532 aliud
1313 497 1485 546 longius,
1502 495 1528 533 2

69 570 247 601 ceterum
279 565 534 601 commodius
568 564 850 600 ostenderetur
889 565 975 609 iter,
1015 566 1248 614 propiorem
1279 567 1384 602 viam
1416 580 1488 616 per

68 635 239 684 paludes
271 635 382 683 petit,
426 647 505 683 qua
536 635 676 671 fluvius
709 635 841 671 Arnus
874 647 944 683 per
978 647 1050 671 eos
1084 636 1171 672 dies
1205 636 1324 673 solito
1357 638 1486 686 magis

66 706 346 742 inundaverat.
410 704 619 754 Hispanos
663 710 702 741 et
739 704 860 741 Afros
903 711 944 741 et
986 717 1108 742 omne
1146 709 1325 744 veterani
1367 703 1527 744 robur3

67 777 277 821 exercitus,
311 776 498 812 admixtis
530 776 710 823 ipsorum
741 774 1056 823 impedimentis,
1089 778 1236 814 necubi
1265 779 1487 815 consistere

68 847 219 884 coactis
252 847 482 884 necessaria
509 847 563 882 ad
588 858 681 882 usus
715 846 919 890 deessent,
949 846 1100 894 primos
1123 847 1180 883 ire
1207 848 1339 892 iussit;
1374 850 1487 897 sequi

67 916 223 962 Gallos,
256 922 300 953 ut
330 917 373 952 id
406 916 576 965 agminis
600 915 779 952 medium
804 921 929 960 esset;
963 917 1207 954 novissimos
1231 919 1287 954 ire
1311 920 1484 967 equites;

66 988 290 1037 Magonem
307 988 404 1024 inde
422 999 513 1023 cum
531 986 729 1035 expeditis
747 985 934 1023 Numidis
953 999 1100 1036 cogere
1127 1001 1288 1036 agmen,
1314 990 1487 1026 maxime
1501 985 1528 1024 4

67 1057 222 1103 Gallos,
251 1058 283 1095 si
310 1058 433 1095 taedio
461 1057 610 1094 laboris
637 1057 852 1105 longaeque
877 1057 962 1101 viae,
996 1064 1038 1094 ut
1066 1064 1126 1094 est
1153 1059 1283 1095 mollis
1312 1060 1365 1095 ad
1393 1060 1488 1096 talia

65 1141 181 1178 gens,
216 1128 488 1164 dilaberentur
514 1133 583 1163 aut
615 1127 892 1172 subsisterent,
927 1129 1200 1165 cohibentem.
1248 1129 1382 1174 Primi,
1409 1124 1528 1177 qua5

66 1199 193 1235 modo
226 1199 414 1247 praeirent
438 1199 577 1242 duces,
604 1210 675 1246 per
702 1198 888 1246 praealtas
913 1199 1019 1234 fluvii
1046 1211 1094 1235 ac
1119 1199 1345 1248 profundas
1373 1212 1488 1236 vora-

65 1269 194 1318 gines,
208 1269 340 1305 hausti
357 1280 474 1317 paene
491 1268 586 1304 limo
604 1268 972 1317 immergentesque
990 1281 1046 1313 se,
1061 1274 1198 1306 tamen
1211 1270 1327 1318 signa
1345 1283 1488 1319 seque-

65 1340 224 1376 bantur.
288 1338 393 1375 Galli
425 1351 558 1387 neque
592 1338 789 1375 sustinere
822 1351 866 1375 se
899 1340 1078 1388 prolapsi
1110 1352 1243 1388 neque
1277 1336 1527 1390 assurgeret}

66 1422 115 1446 ex
146 1409 406 1459 voraginibus
437 1415 640 1459 poterant,
675 1423 741 1445 nec
765 1416 834 1446 aut
861 1422 1034 1459 corpora
1061 1411 1206 1447 animis
1236 1417 1305 1447 aut
1328 1412 1487 1448 animos

66 1493 138 1529 spe
171 1480 436 1525 sustinebant,
470 1480 535 1516 alii
568 1479 676 1516 fessa
709 1492 814 1528 aegre
847 1481 1052 1518 trahentes
1079 1482 1273 1526 membra,
1307 1482 1386 1526 alii,
1420 1478 1525 1518 ubiT

67 1551 191 1587 semel
213 1551 325 1587 victis
349 1551 473 1587 taedio
499 1550 642 1586 animis
659 1551 982 1599 procubuissent,
1009 1552 1111 1588 inter
1133 1552 1312 1588 iumenta
1338 1558 1378 1588 et
1400 1553 1488 1601 ipsa

64 1621 241 1658 iacentia
263 1622 414 1670 passim
437 1622 677 1664 morientes;
711 1622 965 1670 maximeque
991 1622 1171 1658 omnium
1194 1623 1336 1670 vigiliae
1362 1623 1486 1659 confi-

66 1691 228 1728 ciebant
259 1704 331 1740 per
363 1691 619 1740 quatriduum
651 1691 731 1727 iam
757 1697 797 1727 et
824 1697 903 1728 tres
927 1697 1069 1728 noctes
1093 1693 1286 1729 toleratae.
1337 1693 1485 1738 Quum,
1502 1690 1527 1729 ὃ

67 1762 203 1799 omnia
229 1762 504 1799 obtinentibus
534 1762 662 1810 aquis,
695 1762 805 1807 nihil,
841 1763 907 1798 ubi
932 1763 972 1798 in
997 1763 1105 1799 sicco
1133 1763 1241 1799 fessa
1263 1768 1487 1800 sternerent

66 1844 251 1882 corpora,
284 1833 452 1869 inveniri
485 1839 638 1881 posset,
673 1833 883 1869 cumulatis
915 1833 957 1869 in
989 1846 1095 1881 aqua
1123 1833 1290 1870 sarcinis
1322 1834 1486 1883 insuper

64 1904 366 1948 incumbebant,
385 1908 457 1940 aut
470 1903 742 1939 iumentorum
758 1903 900 1940 itinere
919 1909 1006 1940 toto
1025 1909 1317 1952 prostratorum
1335 1905 1487 1953 passim
1502 1900 1526 1940 9

65 1976 196 2012 acervi
234 1980 402 2018 tantum,
447 1975 559 2022 quod
599 1979 774 2010 exstaret
813 1987 931 2022 aqua,
978 1975 1249 2022 quaerentibus
1288 1976 1343 2011 ad
1376 1976 1487 2024 quie-

65 2052 146 2082 tem
178 2045 289 2094 parvi
321 2045 514 2094 temporis
546 2045 820 2082 necessarium
855 2046 984 2081 cubile
1018 2046 1186 2081 dabant.
1249 2045 1341 2094 Ipse
1374 2040 1558 2082 Han-10

65 2116 175 2152 nibal
199 2127 305 2164 aeger
329 2115 454 2152 oculis
473 2128 521 2152 ex
538 2128 660 2152 verna
687 2116 858 2164 primum
875 2116 1114 2164 intemperie
1132 2115 1312 2152 variante
1331 2117 1486 2153 calores

67 2186 310 2235 frigoraque,
345 2186 578 2234 elephanto,
622 2186 688 2234 qui
729 2199 831 2223 unus
865 2186 1128 2235 superfuerat,
1170 2198 1251 2234 quo
1284 2187 1402 2223 altius
1435 2188 1485 2224 ab

65 2269 172 2305 aqua
211 2262 397 2301 exstaret,
437 2262 588 2301 vectus,
632 2257 772 2305 vigiliis
812 2264 948 2293 tamen
991 2262 1031 2293 et
1072 2262 1273 2293 nocturno
1317 2258 1485 2294 humore
1504 2253 1552 2292 11

64 2327 311 2376 palustrique
343 2327 442 2364 caelo
474 2332 668 2375 gravante
702 2334 835 2376 caput,
869 2333 909 2364 et
935 2327 1028 2375 quia
1052 2327 1248 2363 medendi
1273 2340 1348 2364 nec
1373 2328 1485 2364 locus

65 2410 141 2435 nec
175 2404 334 2447 tempus
366 2402 464 2442 erat,
498 2398 625 2434 altero
659 2399 778 2434 oculo
813 2398 979 2447 capitur.

183 2467 318 2505 Multis
336 2468 565 2505 hominibus
583 2468 852 2517 iumentisque
876 2468 986 2505 foede
1003 2468 1160 2504 amissis
1178 2480 1299 2515 quum
1318 2468 1485 2503 tandem
1547 2461 1576 2507 3

66 2539 118 2575 de
150 2538 365 2587 paludibus
398 2539 640 2583 emersisset,
676 2539 741 2575 ubi
774 2539 945 2588 primum
969 2539 1010 2574 in
1035 2539 1143 2575 sicco
1177 2538 1320 2586 potuit,
1355 2543 1485 2574 castra

65 2609 185 2654 locat,
205 2614 436 2657 certumque
454 2622 525 2658 per
543 2610 772 2658 praemissos
790 2610 1066 2658 exploratores
1091 2608 1241 2651 habuit,
1268 2608 1483 2644 exercitum
