1789 2955
542 110 647 141 Liber
673 110 782 141 XXV.
832 108 889 151 (A.
917 110 978 141 Ch.
1006 108 1103 152 212.)
1446 111 1530 153 249

115 239 329 276 Claudiurn
371 239 577 277 Neronem
619 245 832 289 praetorem
877 242 928 276 ab
975 241 1165 278 Suessula
1208 254 1256 278 ex
1300 241 1536 279 Claudianis

114 310 253 347 castris
277 309 520 347 exciverunt.
567 311 605 347 Is
629 323 807 359 quoque,
834 311 1000 347 modico
1026 312 1079 347 ibi
1105 312 1295 360 praesidio
1321 313 1376 348 ad
1394 318 1534 348 tenen·
1551 310 1575 351 8

114 380 211 416 dum
235 381 368 418 locum
390 381 543 425 relicto,
570 381 713 418 ceteris
734 381 922 417 omnibus
941 381 1069 429 copiis
1087 382 1142 417 ad
1161 381 1344 430 Capuam
1364 384 1536 419 descen-

113 450 185 486 dit.
247 450 308 486 Ita
340 450 413 486 tria
445 451 633 499 praetoria
665 451 771 489 circa
805 450 990 499 Capuam
1023 457 1179 496 erecta;
1225 457 1304 489 tres
1338 453 1535 490 exercitus

113 520 281 557 diversis
319 521 498 569 partibus
539 533 642 569 opus
682 521 864 570 aggressi
905 520 1015 558 fossa
1056 523 1243 570 valloque
1285 522 1535 559 circumdare

113 591 251 627 urbem
279 596 425 640 parant
451 596 492 627 et
519 592 682 628 castella
710 591 887 628 excitant
916 592 1089 628 modicis
1118 592 1348 636 intervallis,
1383 589 1573 630 multis-9

113 673 191 708 que
214 660 329 697 simul
352 662 452 698 locis
476 674 566 698 cum
589 661 897 710 prohibentibus
924 672 1051 709 opera
1069 661 1290 710 Campanis
1319 675 1369 699 eo
1389 668 1533 699 eventu

111 736 308 780 pugnant,
332 737 374 768 ut
391 736 599 780 postremo
617 733 743 781 portis
761 744 958 779 muroque
977 743 1020 768 se
1039 732 1268 768 contineret
1286 732 1533 781 Campanus.

112 801 225 838 Prius
249 806 399 845 tamen,
425 814 545 850 quam
570 803 655 839 haec
680 802 1012 839 continuarentur
1038 814 1177 850 opera,
1205 803 1326 850 legati
1351 804 1405 839 ad
1423 803 1536 840 Han·
1552 800 1606 841 10

113 871 289 908 nibalem
320 872 443 915 missi,
477 873 544 920 qui
577 877 849 920 quererentur,
885 873 1089 908 desertam
1123 874 1173 908 ab
1200 885 1250 909 eo
1278 872 1461 921 Capuam
1486 885 1533 910 ac

112 953 241 990 prope
272 942 475 978 redditam
508 943 717 987 Romanis,
752 943 1148 989 obtestarenturque,
1189 947 1232 978 ut
1263 948 1357 980 tunc
1391 944 1531 980 saltem

113 1024 235 1060 opem
260 1025 346 1049 non
370 1013 643 1050 circumsessis
667 1014 808 1057 modo,
836 1013 910 1049 sed
935 1012 1056 1048 etiam
1075 1012 1379 1050 circumvallatis
1399 1014 1531 1051 ferret.

114 1081 358 1119 Consulibus
381 1083 520 1120 litterae
545 1097 568 1120 a
586 1084 628 1120 P.
649 1083 841 1120 Cornelio
859 1087 1031 1131 praetore
1049 1082 1194 1126 missae,
1220 1087 1274 1126 ut,
1301 1084 1532 1132 priusquam
1551 1080 1601 1121 11

113 1153 350 1189 clauderent
376 1152 558 1202 Capuam
585 1154 789 1202 operibus,
823 1158 1069 1202 potestatem
1094 1152 1314 1201 Campanis
1339 1154 1531 1198 facerent,

112 1228 168 1267 ut,
202 1223 268 1271 qui
301 1235 438 1259 eorum
473 1225 632 1268 vellent,
673 1225 828 1260 exirent
860 1236 884 1259 a
917 1222 1058 1272 Capua
1093 1235 1267 1271 suasque
1300 1236 1363 1260 res
1397 1237 1533 1261 secum

113 1292 280 1330 ferrent:
314 1294 462 1330 liberos
495 1293 582 1330 fore
615 1307 769 1343 suaque
803 1294 941 1331 omnia
973 1293 1195 1337 habituros,
1230 1295 1414 1342 quiante
1441 1296 1532 1332 idus
1549 1292 1603 1332 12

111 1361 280 1400 Martias
312 1363 508 1407 exissent;
542 1370 636 1413 post
669 1378 757 1401 eam
791 1365 899 1400 diem
932 1364 1080 1412 quique
1106 1364 1283 1400 exissent
1306 1365 1454 1412 quique
1477 1365 1531 1401 ibi

111 1433 369 1478 mansissent,
402 1434 577 1471 hostium
611 1435 765 1472 futuros
795 1446 978 1471 numero.
1042 1434 1103 1470 Ea
1126 1435 1387 1483 pronuntiata
1411 1435 1530 1472 Cam-
1547 1432 1600 1472 13

111 1503 242 1552 panis,
270 1509 390 1552 atque
412 1505 468 1541 ita
486 1510 634 1554 spreta,
659 1512 701 1542 ut
720 1507 823 1542 ultro
843 1505 1111 1542 contumelias
1131 1505 1314 1541 dicerent
1331 1506 1532 1542 minaren—

112 1579 266 1622 turque.
330 1574 534 1612 Hannibal
568 1577 619 1612 ab
642 1575 868 1612 Herdonea
890 1575 1112 1611 Tarentum
1141 1576 1312 1611 duxerat
1333 1577 1531 1624 legiones,
1550 1573 1604 1613 14

113 1656 185 1693 spe
225 1650 294 1680 aut
331 1644 367 1680 vi
407 1650 475 1680 aut
515 1646 612 1682 dolo
646 1647 748 1683 arcis
781 1646 1013 1682 Tarentinae
1046 1646 1276 1693 potiundae;
1321 1648 1434 1694 quod
1466 1647 1532 1683 ubi

111 1726 253 1763 parum
276 1716 487 1763 processit,
519 1716 573 1752 ad
590 1715 849 1753 Brundisium
874 1716 983 1752 flexit
1005 1715 1090 1759 iter,
1120 1716 1240 1764 prodi
1265 1716 1307 1752 id
1334 1718 1531 1765 oppidum

110 1789 233 1821 ratus.
290 1784 349 1820 Ibi
378 1797 540 1833 quoque
569 1798 690 1834 quum
721 1787 863 1824 frustra
892 1791 1038 1823 tereret
1062 1791 1234 1834 tempus,
1264 1787 1385 1835 legati
1412 1787 1530 1823 Cam·
1548 1784 1602 1824 15

110 1855 207 1904 pani
240 1855 294 1891 ad
327 1867 419 1892 eum
451 1862 647 1893 venerunt
679 1862 894 1905 querentes
928 1857 1042 1893 simul
1076 1862 1340 1904 orantesque;
1386 1858 1530 1905 quibus

111 1924 317 1962 Hannibal
342 1927 555 1975 magnifice
577 1928 802 1976 respondit,
829 1932 868 1964 et
886 1933 1006 1964 antea
1025 1940 1068 1964 se
1087 1928 1253 1964 solvisse
1272 1928 1531 1964 obsidionem

111 2000 152 2031 et
172 2008 280 2032 nunc
305 1997 525 2033 adventum
550 2010 664 2035 suum
690 1999 878 2035 consules
902 2010 987 2034 non
1013 1999 1178 2035 laturos.
1227 1998 1329 2034 Cum
1355 1998 1430 2034 hac
1456 2011 1528 2047 spe
1545 1995 1597 2035 16

111 2065 265 2103 dimissi
289 2067 410 2115 legati
435 2068 498 2104 vix
521 2069 680 2117 regredi
706 2068 903 2117 Capuam,
927 2068 1008 2104 iam
1034 2069 1184 2117 duplici
1209 2069 1321 2105 fossa
1345 2069 1530 2116 valloque

111 2136 297 2180 cinctam,
331 2142 563 2186 potuerunt.

230 2207 364 2252 Quum
389 2208 562 2244 maxime
581 2208 723 2258 Capua
748 2209 1121 2255 circumvallaretur,
1148 2211 1433 2259 Syracusarum
1459 2222 1531 2258 op·
1594 2204 1655 2248 23

109 2277 306 2326 pugnatio
334 2279 389 2314 ad
416 2278 536 2315 finem
565 2280 685 2324 venit,
719 2284 986 2328 praeterquam
1015 2280 1051 2316 vi
1079 2293 1126 2318 ac
1155 2281 1297 2317 virtute
1324 2281 1438 2317 ducis
1464 2294 1530 2317 ex-

111 2347 350 2396 ercitusque,
376 2349 567 2386 intestina
590 2350 711 2386 etiam
735 2350 969 2398 proditione
996 2352 1148 2388 adiuta.
1213 2351 1398 2400 Namque
1423 2351 1529 2386 Mar·
1544 2349 1570 2388 2

110 2418 233 2455 cellus
257 2418 371 2455 initio
396 2419 497 2456 veris
522 2420 710 2464 incertus,
736 2425 865 2457 utrum
891 2421 1156 2470 Agrigentum
1182 2423 1236 2458 ad
1255 2422 1526 2457 Himilconem

111 2493 151 2524 et
179 2487 459 2537 Hippocraten
491 2495 662 2526 verteret
692 2492 840 2527 bellum
869 2504 922 2528 an
950 2492 1167 2528 obsidione
1195 2492 1414 2540 Syracusas
1442 2504 1530 2540 pre-

110 2563 249 2603 meret,
283 2571 516 2608 quanquam
548 2573 624 2597 nec
657 2561 692 2597 vi
726 2562 815 2610 capi
839 2563 1004 2598 videbat
1026 2574 1148 2610 posse
1172 2561 1567 2611 inexpugnabilem3

110 2629 284 2665 terrestri
317 2641 364 2666 ac
395 2630 595 2667 maritimo
629 2631 876 2668 situurbem
909 2644 984 2668 nec
1019 2632 1138 2676 fame,
1173 2637 1215 2668 ut
1246 2644 1367 2680 quam
1400 2644 1529 2681 prope
