1768 2943
534 92 637 123 Liber
662 92 772 123 XXII.
824 90 880 134 (A.
908 92 970 123 Ch.
997 91 1092 136 217.)
1465 94 1517 135 81

101 225 184 260 duo
208 224 332 259 ferme
355 235 378 259 a
402 222 610 261 Gereonio
637 222 771 266 millia,
805 222 843 258 in
875 224 1068 259 tumulum
1102 225 1207 261 hosti
1240 232 1519 274 conspectum,

100 299 143 330 ut
159 294 356 330 intentum
373 306 411 329 se
429 293 547 330 sciret
564 305 654 330 esse
673 293 727 329 ad
746 293 1070 338 frumentatores,
1096 295 1128 330 si
1146 307 1225 342 qua
1243 296 1299 332 vis
1318 296 1442 340 fieret,
1461 303 1521 333 tu-

101 365 264 401 tandos.
318 364 487 412 Propior
518 364 616 400 inde
650 364 686 400 ei
720 369 841 411 atque
874 363 970 412 ipsis
1003 364 1218 401 imminens
1242 365 1520 408 Romanorum
1536 370 1560 407 (⁷3

100 434 239 472 castris
271 434 444 470 tumulus
477 434 683 483 apparuit;
717 435 771 470 ad
804 446 923 482 quern
947 434 1193 483 capiendum
1220 436 1251 472 si
1275 436 1363 472 luce
1387 438 1520 485 palam

98 506 231 550 iretur,
265 504 359 553 quia
387 505 498 541 haud
524 505 646 540 dubie
673 504 799 541 hostis
827 505 1010 541 breviore
1034 505 1097 541 via
1121 511 1394 554 praeventurus
1422 514 1519 552 erat,

98 582 220 612 nocte
253 576 356 612 clam
388 575 497 611 missi
530 574 716 612 Numidae
750 581 957 623 ceperunt.
1018 575 1133 621 Quos
1166 581 1353 613 tenentes
1387 578 1558 620 locumT

98 651 333 694 contempta
351 646 554 694 paucitate
567 645 742 682 Romani
762 651 928 693 postero
947 645 1014 680 die
1027 657 1150 693 quum
1168 646 1426 692 deiecissent,
1446 649 1520 696 ipsi

98 727 148 752 eo
175 716 420 753 transferunt
443 721 587 752 castra.
638 714 760 766 [Tum
779 713 837 765 ut]
866 715 1003 763 itaque
1029 716 1215 764 exiguum
1240 718 1357 766 spatii
1376 719 1521 755 vallum
1537 721 1560 761 8

97 799 121 822 a
153 787 256 823 vallo
290 788 442 830 aberat,
484 792 524 822 et
562 787 604 822 id
646 787 776 835 ipsum
810 792 940 822 totum
972 798 1100 835 prope
1134 788 1407 836 compleverat
1440 790 1521 825 Ro-

97 869 218 893 mana
249 857 370 894 acies.
420 857 543 894 Simul
577 862 616 893 et
648 869 719 910 per
747 869 887 893 aversa
920 869 943 893 a
977 857 1117 894 castris
1142 857 1385 896 Hannibalis
1410 861 1521 908 equi-

96 932 201 964 tatus
226 940 317 964 cum
341 928 416 964 levi
440 933 640 964 armatura
665 928 835 964 emissus
859 928 900 964 in
926 927 1237 966 frumentatores
1262 930 1341 966 late
1366 932 1520 967 caedem

97 998 314 1047 fugamque
347 998 523 1035 hostium
555 999 781 1047 palatorum
806 998 913 1035 fecit.
961 998 1048 1035 Nec
1072 1000 1160 1036 acie
1186 1006 1339 1036 certare
1365 1000 1560 1043 Hanni-9

96 1069 162 1105 bal
187 1081 321 1113 ausus,
347 1069 440 1117 quia
465 1074 579 1105 tanta
604 1081 697 1117 pars
716 1069 912 1106 exercitus
932 1069 1072 1105 aberat
1089 1074 1125 1105 et
1147 1071 1227 1106 iam
1245 1083 1293 1106 ea
1318 1072 1521 1119 paucitate

96 1139 157 1175 vix
191 1144 334 1184 castra,
369 1140 400 1176 si
435 1145 784 1188 oppugnarentur‚·
816 1140 934 1175 tutari
967 1145 1147 1188 poterat;
1181 1141 1343 1189 iamque
1371 1143 1521 1179 artibus
1540 1144 1593 1184 10

96 1210 208 1246 Fabii
223 1211 411 1247 sedendo
426 1216 466 1247 et
478 1211 713 1248 cunctando
725 1211 872 1246 bellum
882 1211 1063 1259 gerebat,
1074 1217 1364 1260 receperatque
1375 1225 1470 1249 suos
1480 1213 1521 1249 in

95 1281 230 1329 priora
248 1287 392 1326 castra,
418 1294 506 1330 quae
524 1294 598 1330 pro
618 1281 813 1318 Gereonii
831 1282 1033 1318 moenibus
1053 1288 1179 1319 erant.
1228 1282 1337 1319 Iusta
1358 1295 1521 1331 quoque
1540 1284 1588 1324 11

95 1351 182 1388 acie
199 1357 240 1388 et
257 1352 413 1389 collatis
431 1352 556 1401 signis
574 1352 823 1397 dimicatum,
843 1353 1009 1400 quidam
1033 1358 1220 1390 auctores
1245 1359 1356 1397 sunt3
1390 1354 1519 1402 primo

94 1434 294 1460 concursu
311 1423 480 1459 Poenum
499 1435 627 1471 usque
645 1423 700 1459 ad
718 1428 849 1460 castra
874 1423 1026 1467 fusum;
1059 1423 1157 1460 inde
1182 1424 1393 1472 eruptione
1413 1424 1520 1461 faeta

95 1500 262 1542 repente
286 1506 444 1530 versum
471 1499 665 1530 terrorem
688 1494 730 1530 in
754 1494 986 1537 Romanos;
1021 1493 1200 1531 Numerii
1218 1494 1389 1531 Decimii
1409 1495 1520 1530 Sam-

92 1564 186 1600 nitis
219 1565 372 1601 deinde
395 1565 623 1601 interventu
651 1565 834 1613 proelium
859 1565 1096 1601 restitutum.
1152 1564 1271 1601 Hunc
1298 1565 1520 1614 principem
1540 1566 1591 1606 12

94 1647 246 1682 genere
280 1647 328 1672 ac
361 1634 507 1671 divitiis
541 1647 626 1671 non
660 1634 829 1671 Boviani
863 1636 1004 1679 modo,
1049 1636 1159 1671 unde
1193 1641 1290 1680 erat,
1326 1636 1399 1672 sed
1432 1641 1520 1672 toto

94 1705 274 1749 Samnio,
308 1706 418 1743 iussu
443 1705 652 1741 dictatoris
680 1711 774 1742 octo
800 1706 921 1741 millia
951 1706 1133 1754 peditum
1158 1711 1199 1742 et
1222 1706 1377 1754 equites
1407 1707 1521 1754 quin-

92 1781 240 1824 gentos
273 1777 492 1812 ducentem
517 1776 557 1812 in
591 1782 735 1820 castra,
770 1776 821 1811 ab
845 1781 960 1824 tergo
986 1788 1108 1824 quum
1131 1777 1384 1825 apparuisset
1407 1776 1520 1814 Han-

93 1847 231 1891 nibali,
265 1847 444 1895 speciem
468 1846 570 1895 parti
595 1846 752 1894 utrique
776 1846 995 1894 praebuisse
1023 1846 1117 1882 novi
1147 1847 1323 1895 praesidii
1353 1859 1441 1883 cum
1469 1847 1518 1893 Q.

95 1917 222 1953 Fabio
256 1918 308 1953 ab
336 1918 469 1954 Roma
501 1917 714 1954 venientis.
763 1916 1053 1961 Hannibalem,
1087 1917 1323 1954 insidiarum
1357 1930 1521 1966 quoque
1542 1918 1592 1958 13

92 1987 245 2036 aliquid
269 1989 491 2033 timentem,
524 1989 728 2036 recepisse
753 1999 869 2036 suos;
904 1988 1135 2024 Romanum
1162 1989 1388 2025 insecutum
1406 1989 1521 2025 adiu-

91 2063 212 2094 vante
245 2058 426 2095 Samnite
458 2059 541 2095 duo
576 2059 741 2095 castella
774 2070 824 2094 eo
859 2058 927 2094 die
959 2071 1230 2107 expugnasse.
1294 2060 1371 2096 Sex
1400 2058 1592 2098 millia14

93 2128 269 2165 hostium
293 2141 411 2174 caesa,
438 2130 615 2178 quinque
640 2129 866 2165 admodum
885 2129 1186 2173 Romanorum;
1220 2134 1357 2166 tamen
1380 2130 1420 2166 in
1439 2136 1521 2166 tam

92 2199 178 2247 pari
231 2211 359 2248 prope
415 2182 532 2236 clade
581 2212 725 2236 vanam
775 2199 923 2236 famam
973 2201 1148 2249 egregiae
1195 2200 1371 2237 victoriae
1430 2212 1521 2237 cum

92 2270 323 2307 vanioribus
355 2270 493 2306 litteris
526 2270 706 2319 magistri
739 2271 918 2319 equitum
953 2271 1126 2308 Romam
1158 2272 1369 2320 perlatam.

209 2339 272 2376 De
306 2340 365 2377 his
397 2341 517 2377 rebus
542 2353 725 2389 persaepe
750 2347 790 2377 et
812 2341 853 2377 in
880 2347 1024 2378 senatu
1050 2348 1090 2378 et
1114 2342 1155 2379 in
1174 2342 1367 2379 contione
1387 2347 1521 2377 aetum
1584 2338 1646 2382 25

93 2415 166 2447 est.
216 2410 364 2456 Quum,
398 2411 489 2447 laeta
522 2411 697 2456 civitate,
732 2412 907 2448 dictator
942 2424 1044 2449 unus
1076 2412 1173 2448 nihil
1198 2425 1275 2449 nec
1301 2412 1417 2448 famae
1444 2411 1562 2450 nec?

92 2481 230 2518 litteris
262 2482 446 2518 crederet
478 2486 524 2526 et,
558 2486 601 2517 ut
634 2494 727 2518 vera
760 2482 898 2519 omnia
931 2488 1082 2527 essent,
1117 2483 1299 2519 secunda
1324 2495 1366 2518 se
1392 2482 1520 2530 magis

93 2563 214 2599 quam
238 2553 409 2589 adversa
434 2552 574 2588 timere
599 2552 766 2596 diceret,
793 2558 875 2589 tum
901 2552 957 2590 M.
986 2553 1161 2589 Metilius
1186 2553 1366 2589 tribunus
1392 2552 1520 2600 plebis
1536 2550 1561 2591 3

92 2621 134 2658 id
167 2623 368 2659 enimvero
394 2622 607 2659 ferendum
633 2635 724 2660 esse
749 2629 885 2673 negat,
912 2636 997 2660 non
1023 2628 1262 2672 praesentem
1288 2623 1416 2659 solum
1436 2621 1561 2661 die-4

164 2687 262 2713 Livius
284 2697 319 2714 ex
340 2697 396 2715 rec.
417 2688 570 2721 Madvigii:
611 2689 659 2715 111.
1207 2690 1228 2723 6
