1789 2955
522 102 638 137 Liber
661 102 807 138 XXVI.
857 103 919 146 (A.
947 102 1010 139 Ch.
1037 104 1132 148 210.)
1487 106 1536 143 57

106 231 242 268 iussit:
288 231 443 269 venisse
484 245 549 270 eos
589 233 631 270 in
669 231 809 282 populi
839 231 1014 269 Romani
1044 234 1296 281 potestatem,
1329 232 1397 281 qui
1428 232 1587 270 bene-8

104 303 196 341 ficio
237 316 355 353 quam
395 307 503 341 metu
545 303 725 352 obligare
766 304 948 340 homines
987 304 1102 341 malit
1133 307 1370 353 exterasque
1402 308 1539 353 gentes

103 374 182 412 fide
212 388 257 413 ac
287 375 478 413 societate
511 376 664 413 iunctas
689 376 835 413 habere
861 389 979 425 quam
1004 376 1114 413 tristi
1139 376 1337 413 subiectas
1363 377 1538 414 servitio.

103 446 276 494 Deinde,
322 448 496 498 acceptis
541 449 771 486 nominibus
818 447 1053 494 civitatium,
1106 447 1305 485 recensuit
1350 449 1582 497 captivos‚9

105 523 203 569 quot
234 519 424 569 cuiusque
455 521 596 570 populi
628 523 768 567 essent,
799 523 838 557 et
868 519 1030 556 nuntios
1063 520 1222 556 domum
1255 519 1376 569 misit,
1414 523 1458 557 ut
1489 521 1538 558 ad

104 605 194 630 suos
226 592 395 642 quisque
424 592 680 642 recipiendos
710 592 877 630 veniret.
924 590 968 629 Si
983 590 1161 643 {quarum
1187 593 1289 629 forte
1315 592 1536 630 civitatium
1561 594 1610 630 10

103 664 228 712 legati
274 664 459 711 aderant,
515 665 571 702 eis
616 665 882 714 praesentibus
929 677 1020 701 suos
1065 664 1266 710 restituit;
1313 667 1536 702 ceterorum

104 749 238 774 curam
284 735 455 784 benigne
500 738 739 775 tuendorum
787 736 828 774 C.
860 736 1060 773 Flaminio
1108 737 1297 785 quaestori
1337 737 1536 775 attribuit.

102 807 216 846 Inter
246 809 329 846 haec
362 823 381 846 e
413 810 546 847 media
577 810 698 847 turba
730 808 911 846 obsidum
945 808 1087 845 mulier
1119 821 1262 857 magno
1294 812 1399 856 natu,
1426 809 1539 846 Man—
1563 810 1608 845 ll

103 879 214 918 donii
244 894 358 928 uxor,
389 882 458 931 qui
488 882 612 918 frater
641 882 844 927 Indibilis,
876 881 1097 929 Ilergetum
1128 881 1269 928 reguli,
1308 884 1403 926 erat,
1441 882 1538 919 flens

103 952 152 990 ad
183 953 304 1003 pedes
335 954 589 1003 imperatoris
620 953 837 1004 procubuit
867 953 1139 1002 obtestarique
1171 953 1302 1001 coepit,
1333 956 1378 989 ut
1404 967 1536 991 curam

102 1025 333 1075 cultumque
388 1026 624 1063 feminarum
677 1026 895 1076 impensius
950 1025 1180 1063 custodibus
1235 1026 1537 1063 commendaret.

104 1095 235 1144 Quum
253 1096 388 1147 Scipio
413 1098 515 1135 nihil
539 1097 769 1136 defuturum
803 1099 851 1135 iis
882 1099 1062 1148 profecto
1095 1097 1256 1143 diceret,
1287 1101 1371 1134 tum
1402 1110 1538 1136 rursus
1559 1097 1609 1135 12

101 1169 246 1206 mulier
280 1169 425 1216 „Haud
455 1170 590 1220 magni
624 1171 700 1207 ista
730 1171 922 1208 facimus“
957 1170 1108 1219 inquit;
1152 1169 1277 1219 „quid
1309 1170 1412 1207 enim
1444 1171 1535 1207 huic

101 1241 272 1279 fortunae
309 1255 388 1279 non
427 1243 523 1280 satis
563 1242 651 1280 est?
711 1242 808 1279 Alia
846 1256 907 1279 me
948 1256 1043 1280 cura
1075 1245 1229 1278 aetatem
1261 1241 1399 1279 harum
1432 1243 1535 1279 intu-

102 1317 231 1351 entem
264 1314 370 1364 (nam
403 1315 489 1364 ipsa
520 1315 597 1352 iam
625 1318 738 1353 extra
760 1315 984 1365 periculum
1010 1315 1171 1351 iniuriae
1197 1314 1407 1352 muliebris
1434 1317 1534 1363 sum)

101 1385 316 1424 stimulat.“
380 1386 434 1424 Et
464 1391 579 1425 aetate
612 1390 651 1424 et
688 1388 815 1424 forma
852 1387 1038 1425 florentes
1077 1386 1183 1423 circa
1224 1400 1308 1423 eam
1347 1386 1539 1425 Indibilis
1562 1387 1609 1423 13

101 1456 196 1495 filiae
228 1461 341 1496 erant
371 1460 538 1509 aliaeque
570 1459 784 1498 nobilitate
816 1460 914 1509 pari,
963 1472 1050 1509 quae
1082 1472 1215 1496 omnes
1247 1472 1333 1496 eam
1365 1473 1436 1509 pro
1468 1473 1534 1509 pa-

100 1533 212 1567 rente
245 1531 439 1569 colebant.
499 1531 601 1569 Tum
633 1531 770 1581 Scipio
805 1532 931 1579 „Meae
965 1532 1185 1581 populique
1216 1531 1389 1569 Romani
1421 1531 1538 1569 disci·
1563 1531 1611 1567 14

101 1602 224 1652 plinae
250 1616 368 1640 causa
390 1604 585 1640 faceren1“
622 1604 764 1653 inquit,
800 1617 872 1650 „ne
897 1604 1004 1653 quid,
1036 1603 1143 1653 quod
1167 1607 1346 1640 sanctum
1370 1617 1537 1653 usquam

102 1677 216 1720 esset,
263 1675 370 1725 apud
416 1688 488 1712 nos
533 1676 772 1722 violaretur3
818 1689 922 1712 nunc
967 1679 1013 1713 ut
1052 1676 1095 1712 id
1135 1689 1267 1712 curem
1310 1675 1610 1724 impensius,l5

101 1749 235 1785 vestra
266 1761 425 1797 quoque
457 1747 584 1785 virtus
617 1748 873 1797 dignitasque
905 1748 1013 1797 facit,
1047 1760 1134 1796 quae
1166 1761 1214 1783 ne
1248 1747 1288 1783 in
1312 1748 1425 1784 malis
1451 1748 1536 1797 qui-

102 1818 191 1856 dem
223 1819 358 1856 oblitae
391 1819 547 1857 decoris
577 1820 812 1857 matronalis
845 1821 974 1857 estis.“
1040 1818 1239 1868 Spectatae
1266 1819 1412 1857 deinde
1438 1821 1537 1857 inte-
1559 1821 1608 1857 16

101 1891 263 1941 gritatis
294 1891 381 1929 viro
412 1892 581 1929 tradidit
613 1906 688 1939 eas,
732 1893 916 1941 tuerique
955 1891 1062 1929 haud
1094 1905 1206 1928 secus
1238 1892 1461 1929 verecunde
1493 1906 1537 1930 ac

101 1963 278 2001 modeste
309 1977 428 2013 quam
459 1964 664 2014 hospitum
695 1965 885 2013 coniuges
917 1978 961 2001 ac
993 1967 1138 2001 matres
1171 1964 1298 2001 iussit.

217 2034 387 2085 Captiva
424 2036 569 2075 deinde
609 2051 630 2074 a
670 2036 867 2074 militibus
914 2037 1125 2073 adducitur
1171 2036 1220 2073 ad
1268 2050 1354 2073 eum
1401 2036 1539 2074 adulta
1627 2033 1683 2082 50

101 2107 229 2156 virgo,
269 2109 368 2146 adeo
401 2109 547 2146 eximia
577 2109 715 2155 forma,
755 2112 810 2155 ut,
853 2122 1088 2158 quacunque
1122 2109 1343 2158 incedebat,
1377 2122 1536 2146 conver-

101 2182 205 2217 teret
245 2181 417 2218 omnium
459 2182 606 2219 oculos.
667 2179 803 2230 Scipio
845 2184 1101 2230 percontatus
1132 2181 1304 2230 patriam
1336 2183 1579 2231 parentes-2

101 2264 190 2301 que,
224 2252 327 2290 inter
359 2255 490 2290 cetera
520 2254 685 2303 accepit.
727 2253 961 2302 desponsam
996 2267 1080 2289 eam
1111 2254 1285 2303 principi
1317 2253 1537 2290 Celtibero-

101 2337 207 2370 rum;
264 2324 511 2362 adolescenti
565 2324 737 2362 Aluccio
792 2339 934 2362 nomen
981 2328 1076 2362 erat.
1150 2325 1362 2374 Extemplo
1407 2325 1535 2374 igitur
1554 2327 1575 2362 3

103 2395 336 2445 parentibus
368 2410 593 2447 sponsoque
625 2397 674 2434 ab
707 2396 822 2434 domo
849 2398 999 2443 accitis,
1030 2411 1149 2447 quum
1179 2397 1342 2434 interim
1369 2397 1536 2444 audiret,

103 2466 286 2517 deperire
318 2482 407 2506 eum
438 2483 594 2519 sponsae
625 2482 769 2516 amore,
809 2469 879 2506 ubi
920 2470 1093 2519 primum
1124 2471 1244 2517 venit,
1290 2469 1537 2506 accuratiore

104 2551 192 2576 eum
230 2553 409 2578 sermone
451 2556 568 2591 quam
607 2546 792 2591 parentes
835 2542 1066 2591 alloquitur.
1146 2541 1356 2588 „Iuvenis“
1407 2542 1579 2590 inquit4

107 2610 315 2658 „iuvenem
352 2614 527 2663 appello,
575 2628 652 2663 quo
692 2615 821 2650 minor
861 2614 914 2650 sit
956 2615 1059 2650 inter
1090 2627 1160 2650 nos
1192 2614 1310 2650 huius
1343 2614 1536 2650 sermonis

102 2683 357 2722 verecundia.
416 2684 514 2734 Ego,
546 2699 666 2735 quum
699 2699 842 2735 sponsa
871 2689 941 2722 tua
972 2690 1088 2735 capta
1120 2700 1141 2723 a
1165 2685 1365 2722 militibus
1389 2686 1535 2723 nostris
