1768 2943
253 77 336 118 130
672 76 776 107 Liber
793 76 921 107 xxm.
965 75 1021 118 (A.
1040 86 1071 107 u.
1095 86 1122 107 e.
1147 75 1242 118 538.)

182 205 236 246 15
250 207 372 250 aliud,
393 206 423 242 si
443 206 650 255 spoliatus,
670 207 701 243 si
720 213 860 244 exutus
879 207 1019 244 castris
1038 220 1161 252 esses,
1180 206 1366 257 peteres?
1390 208 1442 245 Et
1460 222 1509 245 ne
1529 210 1666 247 onmia

248 278 334 326 ipse
359 277 488 320 mirer,
519 274 627 328 (mihi
654 289 816 326 quoque
841 278 960 322 enim,
991 278 1182 326 quoniam
1207 280 1402 327 respondi
1431 279 1664 326 Himilconi,

248 348 498 396 interrogare
530 348 590 383 ius
624 347 764 395 fasque
798 345 872 398 est>
904 349 1020 385 velim
1054 361 1124 385 seu
1148 348 1321 386 Himilco
1355 361 1425 385 seu
1448 349 1574 399 Mago
1605 363 1666 388 re-

249 419 466 468 spondeat,
493 430 614 466 quum
641 419 694 453 ad
718 418 1038 455 internecionem
1063 420 1237 456 Romani
1261 420 1416 469 imperii
1442 427 1665 469 pugnatum

248 489 303 525 ad
328 487 493 525 Cannas
526 489 587 532 sit,
622 493 862 537 constetque
894 490 934 526 in
968 490 1201 526 defectione
1229 495 1355 526 totam
1380 490 1534 526 Italiam
1561 503 1664 537 esse,

181 556 232 598 16
247 559 431 608 primum,
462 558 599 606 ecquis
622 558 755 595 Latini
779 559 954 596 nominis
979 561 1152 608 populus
1179 560 1374 597 defecerit
1398 561 1451 597 ad
1475 573 1565 606 nos,
1595 563 1667 599 de-

248 630 357 674 inde,
388 629 525 677 ecquis
549 629 674 665 homo
703 642 750 666 ex
775 630 951 678 quinque
977 636 1017 666 et
1041 630 1203 679 triginta
1226 631 1406 668 tribubus
1432 632 1486 668 ad
1510 631 1667 669 Hanni-

184 697 230 737 17
247 701 380 737 balem
404 699 701 748 transfugerit.»
770 700 904 746 Quum
928 706 1139 748 utrumque
1163 700 1287 750 Mago
1312 707 1516 750 negasset,
1555 702 1666 740 «Ho-

249 771 366 808 stium
406 771 570 819 quidem
603 782 726 819 ergo»
763 771 891 819 inquit
928 771 1087 807 «adbuc
1119 772 1236 808 nimis
1269 772 1435 808 multum
1469 779 1665 821 superest.

249 843 329 879 Sed
363 842 577 878 multitudo
611 853 659 877 ea
693 841 789 889 quid
823 842 1048 878 animorum
1081 841 1228 890 quidve
1257 843 1341 891 spei
1371 843 1531 887 habeat,
1566 844 1667 880 scire

137 906 180 952 13
248 913 404 949 velim.»
473 912 607 958 Quum
630 912 672 947 id
697 912 853 948 nescire
877 911 1002 960 Mago
1029 912 1194 956 diceret,
1233 912 1363 949 <Nihil
1388 913 1542 950 facilius
1567 914 1667 951 scitu

249 989 333 1020 est»
369 983 526 1031 inquit.>
579 983 768 1031 «Ecquos
796 983 953 1030 legatos
977 983 1033 1018 ad
1056 982 1327 1018 Hannibalem
1352 984 1526 1020 Romani
1550 984 1668 1021 mise·

247 1059 339 1090 runt
357 1055 408 1090 de
427 1051 556 1102 pace?
581 1053 763 1101 Ecquam
782 1053 959 1101 denique
973 1053 1223 1089 mentionem
1236 1054 1348 1101 pacis
1362 1054 1503 1091 Romae
1518 1054 1667 1091 factam

208 1121 234 1162 2
249 1137 339 1161 esse
365 1125 528 1160 allatum
547 1124 600 1159 ad
618 1136 690 1160 vos
709 1122 820 1160 estP»
860 1124 993 1169 Quum
1011 1124 1054 1159 id
1072 1135 1234 1171 quoque
1252 1129 1457 1172 negasset,
1489 1124 1667 1161 «Bellum

248 1194 391 1243 igitur»
418 1195 547 1242 inquit
584 1199 689 1230 «tam
714 1194 914 1243 integrum
938 1195 1148 1238 habemus,
1183 1206 1302 1242 quam
1327 1195 1553 1240 babuimus,
1588 1208 1669 1244 qua

207 1262 315 1303 3die
362 1264 569 1301 Hannibal
616 1264 657 1300 in
704 1264 858 1301 Italiam
907 1270 968 1302 est
1014 1270 1301 1313 transgressus,
1380 1265 1511 1312 Quam
1560 1267 1668 1302 varia

248 1335 414 1372 victoria
439 1335 572 1384 priore
589 1335 744 1372 Punico
771 1336 876 1372 bello
895 1336 1024 1380 fuerit,
1051 1336 1243 1384 plerique,
1269 1336 1335 1384 qui
1353 1337 1666 1381 meminerimus,

250 1417 522 1454 supersumus.
601 1405 818 1454 Nunquam
858 1412 962 1442 terra
994 1407 1174 1455 marique
1206 1407 1334 1455 magis
1367 1419 1572 1456 prosperae
1606 1419 1669 1444 res

249 1482 396 1513 nostrae
421 1476 514 1512 visae
541 1482 645 1521 sunt,
678 1490 797 1525 quam
822 1482 915 1513 ante
942 1477 1129 1513 consules
1155 1476 1200 1513 C.
1226 1476 1429 1513 Lutatium
1454 1483 1494 1514 et
1517 1479 1564 1514 A.
1592 1478 1668 1514 Po-

206 1545 434 1585 4stumium
469 1547 646 1591 fuerunt;
680 1547 842 1584 Lutatio
876 1553 916 1583 et
938 1548 1146 1584 Postumio
1181 1548 1413 1584 consulibus
1440 1548 1587 1585 devicti
1614 1549 1668 1584 ad

248 1618 417 1666 AEgates
440 1618 592 1654 insulas
617 1630 766 1655 sumus.
827 1617 952 1663 Quod
977 1619 1022 1662 si,
1056 1618 1098 1654 id
1124 1619 1236 1666 quod
1260 1618 1301 1654 di
1326 1630 1448 1654 omen
1472 1623 1667 1662 avertant,

247 1701 355 1725 nunc
384 1700 546 1737 quoque
576 1688 737 1725 fortuna
765 1688 918 1736 aliquid
944 1689 1166 1733 variaverit,
1200 1694 1282 1725 tum
1310 1700 1454 1737 pacem
1481 1689 1664 1737 speratis,

207 1756 233 1797 5
249 1772 369 1808 quum
387 1759 605 1803 vincemur,
632 1771 752 1807 quam
770 1771 891 1804 nunc,
918 1772 1039 1807 quum
1057 1759 1265 1803 vincimus,
1290 1759 1362 1795 dat
1380 1757 1529 1795 nemo?
1563 1759 1666 1807 Ego,

249 1830 279 1866 si
323 1831 410 1878 quis
444 1831 497 1866 de
529 1842 631 1878 pace
665 1830 849 1866 consulet
882 1842 951 1867 seu
986 1830 1212 1867 deferenda
1245 1829 1428 1865 hostibus
1461 1841 1531 1865 seu
1564 1829 1667 1866 acci-

248 1900 413 1949 pienda,
448 1900 595 1944 habeo,
630 1900 727 1948 quid
760 1900 970 1937 sententiae
1004 1900 1155 1943 dicam;
1190 1899 1221 1936 si
1254 1900 1307 1935 de
1330 1899 1391 1943 iis,
1426 1911 1514 1947 quae
1540 1899 1666 1947 Mago

248 1971 438 2019 postulat,
457 1970 626 2015 refertis,
645 1983 720 2007 nec
739 1970 956 2007 victoribus
972 1970 1073 2006 mitti
1092 1970 1261 2006 attinere
1279 1974 1391 2018 puto,
1419 1973 1459 2005 et
1476 1968 1667 2006 frustran-

248 2041 352 2077 tibus
382 2052 459 2077 nos
487 2040 588 2078 falsa
613 2047 733 2089 atque
757 2041 868 2077 inani
894 2053 965 2089 spe
988 2041 1113 2077 multo
1137 2040 1269 2077 minus
1293 2051 1443 2076 censeo
1467 2040 1667 2076 mittenda

249 2124 379 2148 esse.»

208 2180 233 2219 6
368 2181 491 2218 Haud
523 2182 669 2218 multos
702 2182 827 2218 movit
853 2181 1070 2219 Hannonis
1104 2182 1253 2226 oratio;
1287 2194 1381 2217 nam
1415 2186 1454 2217 et
1486 2181 1665 2218 simultas

250 2264 338 2290 curn
368 2252 517 2289 familia
541 2252 711 2289 Barcina
740 2253 929 2289 leviorem
959 2257 1166 2289 auctorem
1194 2253 1381 2296 faciebat,
1411 2256 1451 2287 et
1477 2251 1664 2300 occupati

250 2323 371 2360 animi
399 2323 586 2372 praesenti
614 2323 749 2360 laetitia
774 2323 883 2367 nihil,
913 2335 993 2372 quo
1019 2323 1159 2360 vanius
1183 2322 1295 2359 fieret
1315 2322 1508 2371 gaudium
1534 2334 1662 2367 suum,

250 2394 411 2431 auribus
428 2394 710 2437 admittebant,
729 2394 1058 2442 debellatumque
1075 2405 1169 2430 mox
1187 2393 1286 2437 fore,
1306 2393 1337 2429 si
1356 2392 1482 2429 anniti
1499 2393 1663 2441 paulum

210 2462 482 2509 7v01uissent,
524 2465 726 2501 rebantur.
804 2464 943 2512 Itaque
986 2464 1139 2513 ingenti
1177 2475 1380 2500 consensu
1418 2463 1460 2499 fit
1498 2468 1663 2500 senatus

251 2535 491 2578 consultum,
525 2540 568 2571 ut
595 2534 814 2571 Hannibali
847 2540 1036 2582 quattuor
1068 2534 1187 2571 millia
1209 2533 1473 2570 Numidarum
1500 2533 1541 2569 in
1569 2545 1663 2581 sup-

250 2605 495 2653 plementum
535 2605 786 2642 mitterentur
827 2610 867 2641 et
898 2605 1167 2653 quadraginta
1199 2604 1403 2653 elephanti
1435 2609 1474 2640 et
1506 2603 1662 2652 argenti
