1768 2943
895 89 976 120 VIII

229 209 284 240 ubi
413 217 456 238 ne
488 207 562 248 quis
593 217 733 238 moram.
785 207 899 237 Drak.
932 212 966 237 et.
998 206 1090 237 circa
1120 211 1299 247 praetorem
1326 206 1370 238 ad
1396 207 1549 238 civitates
1576 231 1583 238 .
1604 232 1610 239 .
1631 231 1638 239 .

228 267 420 308 tribunique
452 266 510 307 qui
543 289 550 296 .
571 289 605 296 ..
640 265 869 303 intenderent3
903 270 980 296 ante
1012 264 1125 295 omnia
1150 265 1187 295 L.
1216 265 1338 296 teneri:
1371 265 1415 296 ad
1440 265 1638 306 adparatum

227 326 320 362 belli,
354 325 468 356 edicto
495 349 501 356 .
523 349 556 355 ..
584 324 770 361 deferrent;
805 323 862 354 ubi
889 323 1023 364 signum
1050 347 1057 354 .
1079 347 1112 354 ..
1141 334 1183 354 ne
1210 323 1284 364 quis
1311 333 1449 355 moram.
1513 324 1638 366 Infini-

228 385 319 414 tivus
345 383 452 415 teneri
479 394 521 414 ex
545 384 788 423 superioribus
813 392 935 412 errore
961 381 1144 422 irrepsisse
1168 383 1309 412 videtur
1329 387 1398 422 pro
1425 382 1506 419 alio,
1540 393 1639 423 quem

228 443 350 474 Livius
384 443 573 483 posuisset,
617 442 715 472 velut
750 446 902 481 strepere
941 444 1005 470 aut
1039 438 1196 482 fervere.)
1257 439 1279 473 8
1317 441 1475 477 classem,
1516 440 1639 471 dimitti

229 501 317 543 (illg.
346 501 377 531 P
399 500 511 531 simili.
551 499 664 530 Drak.
691 509 784 530 oram
812 498 868 539 qui
894 505 1002 536 erant,
1029 510 1069 529 ex
1098 499 1246 540 speculis
1267 522 1274 529 .
1295 523 1302 530 .
1322 523 1329 530 .
1350 499 1504 530 classem.
1533 498 1640 530 Simul

227 558 354 602 itaque)
381 559 401 592 9
429 558 609 601 (moderati
641 557 832 600 Woelfflin.
863 557 976 595 Codd„
1010 557 1124 588 Drak.
1152 556 1287 599 morati)
1316 557 1360 591 10
1385 556 1638 599 (portarumque

227 618 429 650 stationibus
461 617 651 659 Woegfflin.
694 616 809 654 Codd„
841 615 956 647 Drak.
984 622 1222 658 portarumque
1247 617 1280 647 in
1307 615 1524 658 stationibus)
1551 616 1592 654 L,
1620 615 1639 648 7

227 677 369 709 classem
407 682 559 707 ornatam
592 679 837 715 armatamque
871 674 1042 718 (Woelsst.
1076 675 1189 705 Drak.
1223 674 1388 717 ornatam)
1428 675 1486 713 LI,
1518 674 1540 707 4
1571 675 1639 706 iam

227 737 312 767 forte
336 735 426 776 (sssg.
454 734 532 765 Em.
560 735 642 776 275)
674 734 748 772 LII,
782 732 802 766 2
838 744 899 764 suo
933 734 1046 764 animi
1076 734 1222 764 minutus
1248 745 1265 764 e
1290 734 1374 764 coni.
1402 733 1551 774 Frigell.
1595 730 1642 774 (P

227 805 287 826 suo
314 801 346 825 et
372 794 536 830 minutus;
570 794 685 823 altera
712 803 837 823 manus
857 794 963 832 prius
989 798 1001 823 t
1027 793 1175 823 induxit.
1202 792 1298 823 Fort.
1326 792 1535 829 admonitus;
1561 791 1638 822 Em.

227 853 309 895 276)
343 852 364 885 6
396 851 452 894 (ad
485 852 642 882 consules
667 851 780 881 Drak.
812 850 913 882 Codd.
947 851 989 881 ad
1024 850 1211 893 consulem)
1238 850 1258 884 9
1284 850 1469 892 (censebat.
1499 850 1639 891 Collega

227 916 406 943 cunctante
445 910 521 941 Uss.
554 910 633 940 Em.
666 912 744 943 275.
795 908 910 939 Drak.
938 910 1106 940 censebat.
1158 910 1256 948 Tum,
1288 909 1421 950 collega
1447 914 1639 946 cunctante,

226 971 419 1012 equitatum.
470 969 502 999 Ρ
525 979 600 999 cum
626 968 792 1009 collegam
819 968 1050 1008 cunctantem)
1076 967 1120 1001 10
1147 968 1336 1009 (inopinato
1362 968 1437 1008 ll‘lg.
1465 967 1543 998 Em.
1570 970 1640 1000 275

221 1036 289 1071 pro
330 1027 539 1068 inopinatos)
572 1027 615 1060 11
649 1031 830 1068 sequentes
865 1029 958 1057 inter
989 1028 1229 1070 cedentesque3
1269 1036 1412 1068 cumque
1443 1024 1640 1068 (sequentes

226 1089 445 1127 cedentesque
483 1096 585 1126 quum
619 1085 663 1116 ad
693 1090 778 1117 extr.
818 1086 944 1123 Gron.;
983 1086 1049 1128 cfr.
1084 1086 1164 1117 Em.
1198 1089 1277 1120 276.
1328 1086 1361 1117 Ρ
1390 1090 1639 1126 sequentesque

226 1156 368 1187 cumque
395 1145 437 1176 ad
463 1150 565 1181 extr.;
602 1144 629 1174 C
650 1155 692 1175 m.
720 1147 742 1177 2
768 1154 843 1174 cum
864 1149 934 1184 pro
961 1154 1113 1185 cumque.
1164 1145 1277 1176 Drak.
1305 1149 1495 1186 sequentes,
1524 1154 1639 1184 quam-

227 1216 325 1247 quam
353 1205 396 1235 ad
422 1203 521 1245 extr.)
550 1200 553 1246 l
583 1201 775 1246 (Lacunam
801 1204 916 1243 suppl.
937 1203 1012 1244 zllg.
1030 1203 1110 1234 Em.
1135 1207 1214 1238 276.
1253 1204 1366 1234 Drak.
1395 1203 1502 1234 maior
1527 1208 1640 1233 tamen

224 1265 373 1295 hostium
390 1262 553 1294 Romanis
579 1260 682 1303 fama)
707 1261 798 1299 LIII,
825 1260 846 1294 3
866 1266 1029 1302 pugnam
1055 1262 1141 1292 ultra
1166 1261 1291 1292 differri
1315 1273 1332 1292 e
1349 1262 1432 1293 coni.
1452 1260 1643 1292 Rz‘emanni

227 1322 345 1364 (Codd.
374 1332 490 1353 omnes
515 1325 549 1351 et
564 1319 693 1363 Drak.)
719 1320 808 1357 LIV,
836 1320 854 1352 1
875 1319 1122 1363 (Scrz'bendum
1140 1321 1280 1351 videtur
1297 1332 1371 1351 cum
1390 1322 1483 1351 codd.
1503 1319 1639 1361 quibus-

226 1383 307 1412 dam
332 1392 413 1411 νει-ί.
441 1380 546 1421 equiti
572 1390 705 1420 quoque
731 1379 895 1420 tegend0;
928 1379 1004 1410 Em.
1032 1379 1117 1421 277)
1142 1380 1163 1412 3
1189 1379 1352 1421 (Forclzlz.
1378 1379 1500 1420 singuli
1525 1377 1638 1413 vobis)

224 1440 245 1473 4
284 1441 329 1471 ita
360 1440 462 1480 Mago
500 1449 575 1469 cum
614 1438 704 1468 mille
743 1438 923 1478 equitibus,
965 1438 1054 1469 mille
1092 1439 1262 1479 peditibus
1301 1438 1461 1469 dimissus
1499 1449 1516 1468 e
1553 1437 1638 1468 coni.

224 1498 313 1542 (Jlg.
340 1498 418 1528 Em.
446 1500 515 1531 278
540 1508 572 1528 n.
628 1497 743 1534 codd„
768 1497 882 1528 Drak.
936 1498 985 1528 lta
1018 1498 1106 1528 mille
1138 1498 1240 1538 equit.
1269 1497 1418 1538 Magoni,
1446 1496 1536 1527 mille
1560 1495 1637 1536 ped.

224 1555 386 1598 dimissis)
419 1556 440 1589 6
471 1555 506 1598 (a
533 1556 700 1586 destinato
726 1556 800 1596 llslg.
827 1556 906 1586 Em.
933 1559 1013 1589 277.
1062 1556 1176 1593 6οιἰιί.,
1210 1556 1324 1586 Drak.
1352 1555 1394 1586 ad
1421 1552 1639 1592 destinatum)

227 1615 245 1648 7
271 1615 444 1656 paludium
466 1615 487 1648 9
514 1615 668 1655 potentia
693 1619 807 1645 essent
834 1612 904 1656 (P.)
930 1615 1001 1652 LV,
1028 1613 1049 1646 2
1077 1614 1129 1656 (ac
1156 1616 1236 1645 add.
1261 1613 1445 1655 Glarean.)
1472 1612 1493 1646 3
1521 1610 1639 1653 (effuse

224 1679 404 1716 sequentes
422 1675 464 1705 A.
479 1676 518 1705 G.
528 1673 722 1704 Ernestius.
751 1674 782 1703 Ρ
796 1673 1126 1714 effusoessequentis,
1141 1673 1253 1704 Drak.
1271 1672 1395 1704 effusos
1409 1670 1604 1713 sequentes)
1619 1670 1641 1703 5

225 1733 426 1776 (diducta...
442 1732 527 1764 levis
541 1738 708 1762 armatura
722 1737 772 1762 est
793 1732 867 1772 Allg.
882 1731 960 1762 Em.
976 1735 1055 1766 278.
1078 1733 1109 1762 Ρ
1126 1732 1271 1763 deducte
1288 1756 1294 1762 .
1311 1756 1317 1762 .
1341 1755 1346 1761 .
1363 1731 1448 1762 levis
1462 1734 1639 1761 armaturae

226 1799 311 1823 sunt.
334 1792 413 1823 Did.
442 1792 511 1822 iam
527 1790 656 1832 Drak.)
684 1790 728 1824 10
742 1789 852 1832 (Fort.
869 1790 1060 1821 tollendum
1075 1791 1107 1821 in
1123 1794 1205 1820 ante
1218 1795 1277 1827 tot,
1309 1790 1387 1820 Em.
1405 1788 1487 1830 149)
1514 1788 1603 1825 LVI,
1619 1787 1637 1819 1

226 1850 530 1892 (Trepidantesque
568 1854 600 1880 et
632 1859 739 1890 prope
772 1849 921 1879 Rostz'us.
973 1850 1006 1879 Ρ
1033 1848 1338 1889 trepidantisquein
1370 1857 1489 1888 prope.
1544 1846 1639 1884 Cett.,

225 1909 337 1939 Drak.
372 1907 663 1948 Trepidantesque
696 1917 814 1948 prope.
862 1908 1008 1938 Forclzh.
1036 1907 1275 1947 Trepidantes,
1309 1906 1390 1947 quin
1421 1904 1543 1947 prope)
1573 1903 1576 1936 Ι
1604 1903 1639 1946 (e

225 1967 336 1998 media
366 1968 473 1997 Gran.
503 1967 618 2003 codd„
652 1966 765 1996 Drak.
801 1977 865 1996 om.
893 1965 926 2006 e)
963 1964 966 2006 Ι
1001 1965 1200 2007 (Hannibal.
1228 1965 1280 1996 Ibi
1313 1964 1429 1995 Weiss.
1457 1965 1490 1994 P
1511 1963 1639 1994 Hanni·

225 2027 293 2056 hali
319 2026 501 2066 extemplo.
550 2025 662 2056 Drak.
690 2024 873 2055 Hannibal.
901 2023 993 2066 Ext.)
1029 2023 1031 2066 1
1068 2025 1192 2065 fugam.
1221 2034 1287 2064 quo
1314 2033 1421 2054 novus
1445 2022 1584 2064 (Weiss.
1611 2022 1644 2054 Ρ

225 2085 342 2125 fugam
375 2094 508 2125 quoque
541 2094 656 2121 novus,
695 2084 808 2114 Drak.
850 2083 972 2124 fugam.
1008 2083 1143 2114 additus
1183 2093 1317 2124 quoque
1355 2093 1472 2113 novus.
1523 2083 1643 2113 Aliter

225 2144 303 2174 Em.
330 2142 426 2185 279.)
461 2142 482 2174 2
508 2141 589 2184 (alia
613 2144 693 2173 Ald.
725 2142 840 2180 Codd„
868 2143 981 2173 Drak.
1009 2140 1082 2184 alii)
1116 2145 1119 2184 ι
1155 2141 1236 2184 (qua
1260 2143 1419 2182 Rupert.‚
1453 2141 1530 2171 Em.
1557 2143 1637 2175 278.

229 2202 342 2240 Codd.‚
370 2202 484 2232 Drak.
505 2199 594 2244 quae)
621 2200 642 2234 8
667 2200 875 2242 (sauciorum
901 2202 980 2232 add.
1001 2201 1140 2231 Heerw.
1160 2201 1325 2242 Alioquin
1345 2211 1387 2231 ex
1406 2210 1529 2241 magna
1545 2204 1639 2241 parte

226 2271 295 2291 non
327 2261 440 2297 habet,
473 2271 536 2302 quo
568 2259 778 2303 referatur.)
817 2261 924 2298 LVII,
959 2259 972 2292 1
1005 2270 1072 2300 quo
1097 2270 1119 2289 a
1145 2259 1251 2300 portis
1279 2258 1385 2300 (Edd.
1412 2262 1492 2289 vett.
1520 2259 1553 2289 P
1575 2268 1641 2299 qua

226 2318 345 2361 portis)
372 2317 393 2351 2
418 2318 572 2360 (alterum
599 2343 633 2350 ..
655 2342 661 2350 .
689 2324 882 2350 revocatum
908 2319 983 2360 zllg.
1006 2318 1084 2348 Em.
1111 2320 1190 2351 279.
1245 2317 1358 2356 Codd.,
1386 2318 1499 2348 Drak.
1532 2318 1640 2348 altero

255 2403 261 2408 .
283 2402 289 2409 .
317 2377 493 2419 revocato)
523 2377 544 2410 3
571 2381 604 2408 et
627 2376 648 2410 4
674 2378 820 2408 advenit.
848 2377 976 2418 ingenti
1003 2401 1010 2408 .
1031 2401 1036 2407 .
1058 2400 1065 2407 .
1093 2383 1329 2423 transgressus,
1363 2376 1398 2406 id
1431 2375 1522 2416 quod
1548 2375 1639 2416 (Mg.

228 2439 328 2471 1880.
379 2437 633 2468 Pravis-simam
660 2438 724 2467 illa
750 2435 980 2476 interpunctio
1007 2435 1276 2466 coniunctionem
1303 2433 1440 2477 efficit.)
1465 2433 1486 2466 4
1506 2432 1640 2475 (iterum

227 2496 314 2525 addi
339 2496 442 2526 iussit
471 2493 586 2535 Glar.)
618 2495 640 2528 5
665 2494 725 2537 (et,
751 2499 792 2526 ut
816 2505 960 2536 quaeque
987 2494 1106 2525 Fabri.
1147 2494 1178 2524 Ρ
1201 2498 1234 2524 et
1261 2503 1413 2534 quaeque.
1453 2493 1567 2523 Drak.
1595 2496 1639 2529 et,

227 2552 305 2595 qua)
345 2553 365 2586 6
405 2554 619 2595 expugnandi
658 2553 778 2595 (Codd.
819 2564 946 2591 omnes,
993 2553 1097 2583 etiam
1134 2553 1167 2583 P
1202 2556 1285 2583 teste
1321 2551 1503 2592 Frigellio.
1549 2549 1638 2592 -Cfr.

235 2612 388 2643 Wesenb.
415 2613 559 2644 Emend.
587 2613 688 2644 Livv.
721 2613 769 2643 ad
792 2612 992 2649 XXXVII,
1026 2614 1080 2648 16,
1115 2609 1185 2653 13.)
1228 2610 1248 2643 9
1276 2609 1485 2641 Victumulas
1512 2620 1529 2640 e
1553 2608 1638 2639 coni.
