1789 2955
191 71 274 109 228
601 67 715 103 Liber
740 66 865 102 XXX.
916 68 976 112 (A.
1005 79 1040 101 u.
1065 78 1094 102 c.
1121 68 1214 110 551.)

121 194 168 232 11
192 195 383 245 imponit,
429 199 469 233 et
500 195 578 232 duo
624 195 753 232 millia
784 195 959 232 militum
991 194 1041 231 ad
1073 193 1328 243 capiendum,
1359 205 1475 242 quem
1507 195 1625 230 antea

191 270 388 313 tenuerat,
419 267 614 304 tumulum
647 279 766 316 super
782 267 944 304 Uticam
970 265 1108 315 mittit,
1140 265 1261 302 simul
1289 268 1334 302 ut
1351 264 1400 302 ab
1429 277 1486 311 eo,
1517 263 1624 313 quod

191 339 373 389 parabat,
406 339 447 376 in
493 339 660 376 alterius
691 339 751 375 rei
782 351 917 375 curam
948 340 1198 375 converteret
1242 335 1416 373 hostium
1463 335 1627 382 animos,

123 411 173 448 12
193 411 310 448 simul
342 424 390 448 ne
422 424 512 460 qua,
545 423 666 460 quum
699 410 784 460 ipse
816 409 866 447 ad
892 407 1115 458 Syphacem
1132 407 1513 456 Hasdrubalemque
1538 420 1628 457 pro-

195 483 324 519 fectus
357 485 471 529 esset,
501 482 657 531 eruptio
690 495 738 518 ex
769 481 867 519 urbe
899 484 938 518 et
969 480 1141 530 impetus
1160 480 1202 516 in
1231 482 1360 517 castra
1386 492 1457 517 sua
1487 479 1629 518 relicta

195 567 283 591 cum
314 554 394 591 levi
425 553 612 603 praesidio
644 553 766 591 fieret.

75 622 101 670 5
311 625 388 663 His
405 625 643 675 praeparatis
660 626 935 674 advocatoque
953 624 1118 661 consilio
1146 627 1185 661 et
1205 622 1336 660 dicere
1364 621 1630 672 exploratori-

195 698 270 735 bus
303 697 432 745 iussis,
464 709 552 747 quae
585 699 788 746 comperta
818 696 1015 741 afferrent,
1047 695 1362 745 Masinissaque,
1403 694 1467 731 cui
1498 694 1631 731 omnia

195 769 370 807 hostium
402 773 497 807 nota
529 772 655 815 erant,
682 772 882 818 postremo
909 768 1004 817 ipse,
1037 767 1133 817 quid
1156 770 1317 816 pararet
1340 766 1382 803 in
1406 765 1631 815 proximam

151 842 174 877 2
195 845 365 888 noctem,
397 841 608 891 proponit3
640 840 815 878 tribunis
849 840 990 886 edicit,
1029 842 1094 885 ut,
1126 839 1196 876 ubi
1240 838 1431 888 praetorio
1463 837 1629 875 dimisso

152 912 175 950 3
196 913 312 962 signa
349 913 658 958 concinuissent,
692 912 892 962 extemplo
925 911 1139 949 educerent
1163 911 1305 948 castris
1330 911 1521 960 legiones.
1567 909 1632 947 Ita

193 988 239 1022 ut
271 985 550 1035 imperaverat,
582 985 695 1033 signa
726 985 799 1022 sub
832 996 1014 1021 occasum
1060 983 1154 1021 solis
1199 982 1330 1020 efferri
1361 985 1454 1020 sunt
1485 984 1632 1032 coepta;

195 1057 247 1094 ad
279 1057 449 1107 primam
480 1057 603 1094 ferme
629 1057 810 1105 vigiliam
838 1069 978 1106 agmen
1003 1055 1325 1105 explicaverunt;
1356 1054 1488 1092 media
1518 1057 1633 1091 nocte

197 1129 365 1179 (septem
399 1129 503 1166 enim
535 1129 665 1166 millia
698 1129 859 1166 itineris
891 1128 1020 1177 erant)
1058 1126 1214 1164 modico
1259 1126 1389 1175 gradu
1422 1125 1473 1163 ad
1504 1130 1634 1164 castra

152 1201 176 1236 4
195 1200 369 1238 hostium
400 1204 637 1250 perventum
671 1204 740 1238 est.
801 1200 867 1238 Ibi
905 1199 1045 1250 Scipio
1077 1202 1234 1248 partem
1273 1199 1479 1248 copiarum
1509 1198 1634 1235 Laelio

195 1271 530 1322 Masinissamque
585 1286 629 1310 ac
675 1272 873 1310 Numidas
919 1271 1122 1319 attribuit,
1179 1274 1219 1308 et
1263 1274 1394 1308 castra
1439 1268 1635 1319 Syphacis

154 1343 177 1381 5
195 1343 385 1382 invadere
416 1345 611 1395 ignesque
642 1345 839 1382 coniicere
867 1344 990 1382 iubet.
1038 1341 1229 1392 Singulos
1253 1342 1397 1380 deinde
1422 1342 1636 1391 separatim

198 1415 371 1454 Laelium
404 1430 449 1454 ac
480 1416 737 1454 Masinissam
765 1416 949 1454 seductos
980 1416 1215 1461 obtestatur,
1245 1417 1301 1461 ut,
1332 1417 1526 1464 quantum
1556 1427 1635 1450 nox

155 1488 177 1524 6
196 1488 460 1538 providentiae
493 1488 658 1536 adimat,
688 1492 845 1526 tantum
878 1488 1092 1537 diligentia
1133 1487 1324 1537 expleant
1356 1499 1550 1535 curaque3
1595 1499 1636 1523 se

199 1559 495 1598 Hasdrubalem
529 1560 765 1610 Punicaque
813 1563 943 1598 castra
988 1572 1291 1610 aggressurum;
1337 1562 1512 1596 ceterum
1557 1570 1636 1595 non

199 1636 290 1670 ante
323 1636 563 1682 coepturum,
598 1646 714 1682 quam
762 1632 895 1681 ignem
941 1633 984 1669 in
1015 1632 1139 1681 regiis
1170 1631 1309 1669 castris
1352 1629 1635 1679 conspexisset.

162 1703 343 1753 7Neque
376 1717 421 1741 ea
451 1718 514 1742 res
546 1708 701 1742 morata
733 1704 802 1741 diu
836 1708 914 1751 est3
947 1717 1038 1741 nam
1076 1707 1121 1741 ut
1149 1703 1292 1753 primis
1334 1702 1435 1740 casis
1464 1702 1634 1739 iniectus

198 1776 303 1824 ignis
335 1776 462 1823 haesit,
495 1777 696 1826 extemplo
727 1775 912 1825 proxima
943 1788 1112 1825 quaeque
1153 1779 1192 1813 et
1225 1774 1414 1824 deinceps
1449 1774 1636 1811 continua

157 1847 408 1898 Samplexus
438 1849 538 1886 totis
583 1862 624 1886 se
653 1848 803 1898 passim
850 1848 1062 1898 dissipavit
1106 1847 1257 1885 castris.
1316 1847 1371 1884 Et
1416 1845 1634 1896 trepidatio

199 1920 372 1970 quidem,
405 1923 596 1970 quantam
636 1933 796 1958 necesse
828 1923 914 1957 erat
955 1919 998 1957 in
1028 1923 1222 1957 nocturno
1270 1919 1392 1956 effuso
1440 1921 1522 1955 tam
1553 1918 1633 1955 late

198 1991 400 2038 incendio,
432 1995 522 2030 orta
553 1995 630 2039 est3
664 1996 837 2029 ceterum
861 1991 1083 2039 fortuitum,
1114 2005 1194 2030 non
1223 1991 1411 2028 hostilem
1446 2003 1491 2027 ac
1522 1989 1637 2027 belli-

199 2077 289 2101 cum
323 2063 456 2112 ignem
486 2063 565 2102 rati
590 2077 686 2111 esse,
717 2064 801 2101 sine
825 2064 946 2101 armis
973 2063 1023 2101 ad
1046 2062 1377 2113 restinguendum
1406 2060 1633 2100 incendium

155 2135 178 2171 9
198 2135 310 2173 effusi
341 2136 382 2172 in
414 2138 587 2173 armatos
619 2135 796 2173 incidere
827 2135 974 2182 hostes,
1006 2136 1177 2174 maxime
1201 2134 1409 2180 Numidas,
1442 2134 1492 2172 ab
1510 2133 1633 2171 Masi-

199 2207 306 2244 nissa
337 2207 485 2245 notitia
515 2207 718 2256 regiorum
751 2212 972 2245 castrorum
1003 2207 1054 2244 ad
1086 2207 1219 2245 exitus
1250 2207 1439 2244 itinerum
1478 2205 1635 2243 idoneis

128 2278 296 2316 lOlocis
329 2278 554 2328 dispositos.
600 2279 754 2316 Multos
784 2278 826 2315 in
858 2279 958 2328 ipsis
990 2279 1192 2317 cubilibus
1218 2279 1478 2317 semisomnos
1501 2277 1637 2315 hausit

197 2349 374 2397 fiamma;
400 2350 528 2397 multi,
554 2351 756 2400 praecipiti
780 2350 876 2398 fuga
899 2355 1060 2388 ruentes
1086 2364 1206 2401 super
1223 2351 1326 2389 alios
1343 2351 1428 2397 alii,
1454 2350 1496 2387 in
1513 2362 1635 2398 angu-

78 2417 105 2465 6
198 2422 290 2459 stiis
308 2425 513 2472 portarum
532 2422 674 2459 obtriti
691 2426 793 2459 sunt.
847 2421 1107 2460 Relucentem
1124 2423 1322 2461 flammam
1340 2422 1470 2473 primo
1486 2421 1635 2471 vigiles

199 2491 604 2542 Carthaginiensium,
635 2493 781 2532 deinde
797 2493 962 2532 excitati
994 2495 1063 2532 alii
1089 2498 1285 2533 nocturno
1313 2495 1490 2532 tumultu
1513 2506 1636 2543 quum

199 2565 509 2614 conspexissent,
541 2565 590 2602 ab
623 2565 761 2603 eodem
802 2578 935 2604 errore
975 2567 1136 2604 credere
1176 2569 1217 2604 et
1247 2566 1345 2616 ipsi,
1391 2579 1463 2603 sua
1493 2568 1634 2615 sponte

155 2636 178 2672 2
198 2635 429 2674 incendium
461 2639 612 2684 ortum;
646 2641 684 2674 et
715 2637 864 2675 clamor
887 2637 992 2675 inter
1016 2637 1161 2675 caedem
1193 2640 1233 2675 et
1247 2637 1415 2675 vulnera
1444 2637 1636 2683 sublatus,
