1789 2955
257 124 343 166 260
689 121 791 152 Liber
813 121 919 152 XXV.
958 120 1012 164 (A.
1035 131 1065 152 u.
1087 131 1115 153 c.
1138 121 1233 164 5412.)

214 252 386 292 7serum
418 253 596 300 quidem,
631 254 705 289 sed
739 253 841 289 forte
874 254 1097 290 consilium.
1160 253 1241 289 Sibi
1275 254 1452 290 omnium
1485 254 1667 290 laborum

255 325 603 374 periculorumque
636 323 740 360 circa
772 323 922 360 moenia
954 324 1206 372 Syracusana
1238 329 1341 360 terra
1374 324 1552 372 marique
1586 330 1668 360 tam

254 395 323 431 diu
341 395 627 430 exhaustorum
644 406 900 442 nequaquam
919 400 1072 430 tantum
1092 394 1260 431 fructum
1274 406 1376 438 esse,
1396 395 1508 442 quod
1522 406 1667 443 capere

212 463 238 504 8
253 465 472 513 Syracusas
490 464 680 510 potuerit,
706 468 908 510 quantum,
932 465 972 500 si
990 476 1151 500 servare
1176 465 1386 513 potuisset.
1434 464 1536 500 Inde
1561 476 1667 512 quae-

253 541 337 572 stor
360 547 449 575 cum
472 534 661 583 praesidio
685 535 740 570 ad
757 534 910 571 Nasum
928 535 1172 571 obtinendam
1191 541 1231 570 et
1248 535 1530 583 accipiendam
1548 547 1668 583 pecu-

253 605 361 641 niam
386 605 539 653 regiam
564 605 959 653 custodiendamque
981 605 1138 641 missus.
1192 604 1293 640 Urbs
1311 605 1540 654 diripienda
1557 605 1668 641 militi

253 676 350 711 data
368 682 440 718 est,
461 675 697 711 custodibus
715 675 850 712 divisis
869 688 939 723 per
952 676 1099 711 domos
1115 687 1267 719 eorum,
1287 675 1354 723 qui
1365 676 1469 711 intra
1481 675 1669 723 praesidia

212 744 237 784 9
254 746 442 782 Romana
453 745 623 782 fuerant.
673 745 808 791 Quum
817 746 1028 790 multairae,
1043 745 1167 781 multa
1178 746 1351 783 avaritiae
1363 745 1475 782 foeda
1484 745 1669 794 exempla

253 817 481 860 ederentur,
496 816 768 852 Archimeden
781 816 984 852 memoriae
998 816 1202 864 proditum
1215 822 1289 861 est,
1302 816 1343 852 in
1357 804 1471 852 tanto
1485 816 1667 859 tumultu,

253 892 447 934 quantum
473 893 605 933 pavor
632 893 759 935 captae
788 887 894 922 urbis
922 887 962 922 in
991 887 1173 923 discursu
1202 886 1475 934 diripientium
1501 886 1669 922 militum

252 958 357 994 ciere
390 962 561 1005 poterat,
595 958 793 993 intentum
826 956 977 1001 formis,
1011 969 1112 1005 quas
1138 957 1178 993 in
1201 957 1363 1005 pulvere
1385 957 1667 1005 descripserat,

185 1026 238 1067 10
252 1028 302 1063 ab
326 1028 470 1075 ignaro
494 1028 632 1072 milite,
665 1028 753 1075 quis
777 1033 897 1071 esset,
931 1027 1204 1071 interfectum
1239 1039 1344 1075 aegre
1367 1027 1411 1062 id
1434 1026 1670 1063 Marcellum

251 1099 400 1142 tulisse,
435 1099 730 1146 sepulturaeque
755 1110 890 1135 curam
914 1098 1107 1141 habitam,
1137 1103 1177 1133 et
1200 1097 1437 1146 propinquis
1463 1097 1584 1133 etiam
1609 1097 1669 1133 in-

250 1168 404 1216 quisitis
436 1168 582 1204 honori
610 1169 881 1217 praesidioque
914 1180 1066 1204 nomen
1090 1181 1137 1205 ac
1163 1169 1399 1204 memoriam
1423 1167 1507 1203 eius
1532 1167 1667 1204 fuisse.

184 1238 232 1277 11
252 1238 342 1275 Hoc
367 1239 540 1275 maxime
567 1241 694 1275 modo
713 1240 919 1287 Syracusae
945 1244 1094 1286 captae;
1121 1239 1163 1275 in
1187 1240 1330 1287 quibus
1348 1239 1495 1287 praedae
1514 1243 1670 1273 tantum

252 1309 336 1353 fuit,
370 1315 564 1357 quantum
598 1310 659 1345 vix
692 1315 810 1358 capta
844 1308 1090 1357 Carthagine
1124 1315 1205 1345 tum
1239 1309 1390 1352 fuisset,
1425 1320 1546 1356 quum
1579 1308 1666 1343 viri-

251 1381 325 1416 bus
358 1381 482 1428 aequis
515 1381 755 1416 certabatur.

184 1449 236 1489 12
370 1451 514 1487 Paucis
557 1456 651 1487 ante
695 1451 852 1493 diebus,
902 1462 1023 1498 quam
1068 1451 1274 1498 Syracusae
1317 1454 1568 1498 caperentur,
1619 1449 1667 1486 T.

252 1519 446 1558 Otacilius
480 1533 571 1558 cum
604 1520 960 1569 quinqueremibus
992 1521 1202 1569 octoginta
1226 1519 1388 1556 Uticam
1412 1520 1462 1555 ab
1486 1519 1667 1568 Lilybaeo

183 1591 469 1631 lsstransmisit
500 1598 551 1636 et,
592 1605 714 1640 quum
747 1597 841 1629 ante
873 1592 1003 1628 lucem
1035 1597 1196 1640 portum
1227 1591 1428 1634 intrasset,
1462 1590 1668 1626 onerarias

252 1663 453 1699 frumento
478 1669 647 1699 onustas
666 1663 785 1710 cepit,
812 1674 1079 1710 egressusque
1097 1662 1138 1698 in
1155 1667 1301 1697 terram
1319 1661 1590 1710 depopulatus
1609 1667 1670 1697 est

251 1734 501 1782 aliquantum
527 1734 610 1782 agri
629 1734 734 1770 circa
752 1732 926 1776 Uticam,
955 1734 1216 1781 praedamque
1235 1732 1366 1768 omnis
1382 1731 1544 1780 generis
1561 1737 1667 1767 retro

184 1802 236 1842 14
251 1805 305 1840 ad
337 1816 462 1840 naves
495 1804 589 1852 egit.
653 1803 873 1852 Lilybaeum
906 1804 1022 1840 tertio
1057 1804 1136 1847 die,
1180 1815 1301 1851 quam
1332 1803 1429 1839 inde
1462 1801 1668 1851 profectus

251 1880 349 1918 erat,
379 1886 470 1911 cum
498 1880 660 1911 centum
689 1874 850 1922 triginta
875 1875 1069 1911 onerariis
1094 1874 1261 1910 navibus
1287 1874 1487 1910 frumento
1513 1874 1668 1922 praeda-

251 1957 330 1993 que
373 1945 528 1982 onustis
573 1945 703 1989 rediit,
752 1945 876 1993 idque
919 1945 1162 1981 frumentum
1204 1944 1406 1992 extemplo
1449 1944 1667 1992 Syracusas

185 2013 238 2054 15
253 2016 370 2059 misit,
401 2016 513 2063 quod
540 2016 581 2052 ni
611 2022 694 2051 tam
720 2016 761 2051 in
789 2021 972 2063 tempore
1001 2015 1265 2058 subvenisset,
1294 2014 1510 2050 victoribus
1538 2014 1668 2050 victis-

253 2098 331 2133 que
364 2086 511 2134 pariter
542 2086 772 2134 perniciosa
805 2085 932 2122 sames
964 2085 1154 2122 instabat.

126 2152 188 2197 32
368 2156 527 2192 Eadem
560 2162 698 2192 aestate
731 2157 772 2192 in
805 2155 1015 2204 Hispania,
1060 2168 1181 2204 quum
1215 2155 1380 2192 biennio
1415 2155 1539 2191 ferme
1571 2154 1668 2191 nihil

252 2227 476 2263 admodum
509 2227 770 2263 memorabile
805 2226 953 2262 factum
981 2231 1088 2262 esset
1111 2226 1370 2274 consiliisque
1394 2226 1522 2274 magis
1547 2237 1667 2273 quam

251 2298 371 2334 armis
399 2298 547 2333 bellum
575 2303 792 2345 gereretur,
821 2296 996 2332 Romani
1023 2297 1289 2344 imperatores
1316 2295 1466 2344 egressi
1491 2295 1667 2332 hibernis

211 2367 392 2416 2copias
425 2368 732 2405 coniunxerunt.
795 2367 854 2403 Ibi
879 2367 1090 2403 consilium
1114 2368 1371 2410 advocatum,
1407 2365 1666 2413 omniumque

251 2438 292 2474 in
324 2450 448 2474 unum
481 2444 753 2486 congruerunt
785 2437 1009 2481 sententiae,
1050 2437 1217 2485 quando
1250 2437 1305 2473 ad
1335 2436 1379 2472 id
1411 2436 1593 2472 locorum
1624 2436 1667 2472 id

251 2509 379 2544 modo
422 2514 554 2544 actum
594 2513 714 2552 esset,
755 2514 798 2544 ut
829 2508 1128 2544 Hasdrubalem
1171 2508 1408 2543 tendentem
1439 2507 1480 2542 in
1512 2506 1666 2543 Italiam

212 2577 483 2619 3retinerent.
524 2584 682 2627 tempus
715 2590 804 2615 esse
837 2578 880 2614 id
910 2578 990 2614 iam
1024 2578 1101 2626 agi,
1142 2583 1184 2613 ut
1217 2577 1362 2613 bellum
1394 2578 1435 2613 in
1468 2575 1666 2625 Hispania

252 2649 447 2692 finiretur;
488 2655 529 2685 et
560 2650 656 2686 satis
689 2649 744 2685 ad
774 2649 818 2685 id
850 2649 988 2684 virium
1021 2648 1244 2685 credebant
1275 2648 1496 2684 accessisse
1529 2647 1666 2696 viginti
