1789 2955
245 89 325 126 252
658 83 772 118 Liber
796 82 921 118 xxx.
970 84 1030 126 (A.
1056 95 1090 117 u.
1116 93 1145 117 0.
1170 83 1265 125 552.)

249 209 433 261 Scipioni
463 214 533 248 aut
564 223 651 247 cum
677 208 870 260 Syphace,
901 209 1116 248 inconditae
1148 209 1348 247 barbariae
1371 222 1477 258 rege,
1508 208 1572 246 cui
1590 207 1677 246 Sta-

247 283 375 321 torius
407 282 590 320 semilixa
622 281 766 319 ducere
799 282 996 319 exercitus
1027 281 1170 319 solitus
1210 281 1279 327 sit,
1326 283 1394 317 aut
1425 294 1511 318 cum
1543 292 1679 318 socero

249 355 333 393 eius
363 353 631 399 Hasdrubale,
662 353 918 401 fugacissimo
951 353 1063 399 duce,
1095 366 1179 390 rem
1210 352 1403 397 futuram,
1436 355 1505 389 aut
1533 350 1680 389 tumul-

247 426 393 465 tuariis
410 425 664 472 exercitibus,
681 437 729 462 ex
754 425 972 473 agrestium
1000 425 1182 462 semermi
1199 424 1318 462 turba
1334 423 1465 461 subito
1492 422 1682 469 collectis,

202 499 226 535 4
248 499 317 536 sed
349 511 437 536 cum
453 496 698 543 Hannibale,
729 509 854 546 prope
884 501 979 535 nato
1013 498 1054 534 in
1086 496 1275 546 praetorio
1307 495 1444 546 patris,
1475 493 1682 533 fortissimi

250 570 374 617 ducis,
409 570 507 607 alito
539 572 658 618 atque
689 568 856 607 educato
888 569 992 606 inter
1022 582 1142 615 arma,
1165 581 1289 618 puero
1316 567 1516 617 quondam
1542 565 1682 612 milite,

250 641 412 680 vixdum
444 642 586 679 iuvene
614 641 868 690 imperatore,
900 642 968 691 qui
1001 654 1120 679 senex
1151 640 1347 678 vincendo
1380 640 1508 677 factus
1534 638 1682 687 Hispa-

248 714 355 759 nias,
387 711 564 759 Gallias,
596 712 757 750 Italiam
803 712 852 750 ab
900 712 1078 763 Alpibus
1124 713 1173 750 ad
1219 712 1363 749 fretum
1416 709 1683 749 monumentis

206 785 229 822 5
252 784 473 833 ingentium
518 797 652 822 rerum
698 784 947 834 complesset.
1015 785 1176 822 Ducere
1223 784 1443 822 exercitum
1492 781 1684 832 aequalem

251 856 465 905 stipendiis
495 857 587 903 suis,
622 857 808 894 duratum
842 856 1017 894 omnium
1064 869 1197 895 rerum
1229 855 1441 906 patientia,
1488 866 1586 904 quas
1616 852 1685 890 vix

252 927 349 965 fides
381 928 451 966 fiat
482 927 663 965 homines
693 942 850 978 passos,
884 929 1086 978 perfusum
1125 928 1275 965 millies
1322 939 1462 964 cruore
1493 925 1688 971 Romano,

251 1001 413 1039 exuvias
445 1015 523 1038 non
554 1000 728 1038 militum
759 1004 926 1047 tantum,
962 1000 1030 1038 sed
1063 1001 1181 1037 etiam
1206 1000 1495 1049 imperatorum
1526 1000 1686 1047 portan-

210 1074 342 1111 sstem.
403 1072 555 1111 Multos
588 1085 820 1110 occursuros
852 1071 1035 1123 Scipioni
1067 1073 1106 1109 in
1140 1072 1236 1118 acie,
1275 1071 1344 1121 qui
1375 1073 1587 1120 praetores,
1619 1069 1688 1119 qui

251 1145 532 1195 imperatores,
574 1145 643 1195 qui
689 1145 870 1182 consules
911 1144 1113 1182 Romanos
1159 1156 1277 1180 manu
1323 1156 1394 1179 sua
1439 1140 1689 1188 occidissent,

253 1217 474 1254 muralibus
505 1217 806 1266 vallaribusque
846 1217 1024 1265 insignes
1063 1216 1243 1262 coronis,
1288 1218 1527 1265 pervagatos
1574 1216 1689 1262 capta

211 1291 395 1340 Tcastra‚
429 1293 566 1340 captas
604 1289 725 1327 urbes
755 1289 969 1326 Romanas.
1030 1287 1121 1327 Non
1163 1301 1247 1325 esse
1293 1286 1414 1324 hodie
1459 1289 1521 1323 tot
1564 1285 1689 1322 fasces

254 1362 556 1412 magistratibus
590 1361 731 1411 populi
762 1361 952 1408 Romani,
994 1364 1091 1410 quot
1123 1365 1260 1409 captos
1292 1373 1340 1397 ex
1373 1358 1478 1396 caede
1519 1358 1689 1407 impera-

206 1433 231 1470 8
248 1437 381 1471 torum
397 1447 480 1483 prae
507 1447 546 1471 se
572 1433 676 1470 ferre
693 1436 825 1483 posset
844 1433 1064 1471 Hannibal.
1117 1432 1202 1469 Has
1233 1430 1468 1468 formidines
1499 1428 1689 1479 agitando

255 1506 399 1543 animis
417 1506 496 1556 ipsi
517 1519 631 1543 curas
650 1509 690 1543 et
706 1509 833 1543 metus
852 1505 1062 1553 augebant,
1095 1505 1213 1542 etiam
1241 1503 1360 1553 quod,
1392 1515 1513 1552 quum
1541 1513 1690 1539 assues·

256 1581 345 1615 sent
376 1591 449 1628 per
481 1578 636 1627 aliquot
667 1591 790 1614 annos
821 1577 972 1615 bellum
1012 1580 1102 1614 ante
1142 1575 1277 1613 oculos
1317 1575 1412 1612 aliis
1445 1578 1564 1624 atque
1596 1573 1689 1611 aliis

255 1650 295 1686 in
326 1648 457 1687 Italiae
488 1649 670 1699 partibus
694 1649 803 1686 lenta
827 1662 896 1699 spe
920 1650 961 1686 in
989 1649 1143 1686 nullum
1166 1647 1437 1697 propinquum
1462 1644 1692 1683 debellandi

255 1720 372 1758 finem
405 1733 556 1769 gerere,
588 1724 799 1758 erexerant
830 1722 1005 1758 omnium
1044 1721 1199 1758 animos
1232 1718 1370 1769 Scipio
1411 1722 1450 1755 et
1480 1717 1689 1756 Hannibal

213 1794 236 1829 9
255 1793 366 1830 velut
396 1793 446 1830 ad
481 1806 709 1843 supremum
742 1796 945 1830 certamen
977 1793 1198 1842 comparati
1230 1792 1360 1829 duces.
1415 1790 1487 1828 Eis
1519 1801 1692 1840 quoque,

256 1865 400 1914 quibus
432 1868 519 1903 erat
551 1866 691 1914 ingens
723 1865 763 1902 in
796 1864 986 1915 Scipione
1017 1864 1166 1902 fiducia
1198 1867 1237 1901 et
1267 1863 1444 1900 victoriae
1476 1874 1579 1911 speS‚
1611 1874 1689 1910 quo

256 1936 382 1986 magis
414 1938 453 1974 in
486 1937 754 1987 propinquam
779 1950 863 1975 eam
891 1936 1154 1974 imminebant
1178 1935 1332 1982 animis,
1360 1947 1406 1973 eo
1433 1947 1536 1972 curae
1564 1933 1688 1970 inten-

183 2010 235 2048 10
257 2008 383 2046 tiores
429 2013 552 2046 erant.
642 2010 762 2048 Haud
811 2009 950 2059 dispar
1002 2008 1164 2047 habitus
1209 2008 1432 2046 animorum
1479 2004 1688 2053 Carthagi·

255 2080 466 2119 niensibus
499 2084 596 2127 erat,
629 2095 727 2131 quos
758 2081 875 2120 modo
908 2081 1057 2131 petisse
1097 2093 1256 2131 pacem,
1303 2079 1504 2116 intuentes
1534 2076 1689 2114 Hanni-

186 2154 232 2191 11
254 2153 385 2190 balem
404 2166 448 2190 ac
466 2167 598 2191 rerum
616 2157 817 2202 gestarum
836 2155 921 2191 eius
946 2152 1272 2203 magnitudinem,
1301 2150 1531 2201 paenitebat,
1561 2148 1689 2196 modo,

259 2239 380 2275 quum
426 2225 672 2275 respicerent
717 2226 779 2263 bis
826 2239 911 2263 sese
943 2225 1027 2263 acie
1073 2225 1221 2270 victos,
1253 2222 1474 2273 Syphacem
1521 2224 1693 2271 captum,

257 2297 395 2346 pulsos
427 2311 467 2334 se
498 2297 711 2347 Hispania,
742 2298 880 2346 pulsos
911 2297 1044 2344 Italia,
1076 2300 1196 2346 atque
1228 2308 1273 2333 ea
1305 2294 1437 2332 omnia
1467 2293 1585 2330 unius
1610 2293 1690 2331 vir-

255 2372 341 2406 tute
373 2372 411 2406 et
443 2369 611 2407 consilio
643 2367 845 2419 Scipionis
877 2369 993 2414 facta,
1025 2368 1134 2405 velut
1167 2367 1327 2405 fatalem
1359 2379 1446 2403 eum
1479 2365 1617 2402 ducem
1649 2364 1691 2402 in

258 2441 423 2478 exitium
456 2454 569 2483 suum
601 2445 737 2480 natum
778 2441 1005 2479 horrebant.

115 2507 171 2557 29
374 2512 460 2549 Iam
493 2512 787 2550 Hadrumetum
818 2516 982 2550 venerat
1012 2510 1240 2557 Hanniba13
1280 2509 1396 2556 unde,
1429 2508 1479 2546 ad
1510 2507 1687 2546 reficien-

258 2585 351 2622 dum
383 2597 431 2621 ex
464 2584 682 2622 iactatione
713 2585 913 2622 maritima
944 2583 1112 2620 militem
1152 2581 1292 2632 paucis
1332 2580 1473 2618 diebus
1511 2579 1689 2629 sumptis,

259 2656 414 2693 excitus
432 2656 590 2705 pavidis
608 2656 759 2693 nuntiis
776 2656 908 2693 omnia
933 2655 1036 2693 circa
1055 2653 1341 2702 Carthaginem
1368 2652 1542 2690 obtineri
1567 2651 1689 2690 armis
