1789 2955
533 143 636 174 Liber
664 141 791 172 xxm.
834 140 889 182 (A.
918 141 981 171 ch.
1009 138 1104 181 215.)
1447 140 1529 178 1153

108 285 148 315 tu
172 277 362 314 defendis
387 282 427 313 et
449 281 588 312 nostra
612 275 809 317 iuventus,
839 285 941 321 quae,
972 272 1004 308 si
1029 272 1142 307 domi
1171 276 1291 314 esset,
1322 275 1526 313 tutaretur,

108 349 239 385 omnis
272 347 345 384 sub
379 347 503 395 signis
535 346 676 381 militat
709 344 798 380 ruis.
868 342 953 379 Nec
986 348 1024 378 te
1058 354 1133 378 nec
1167 342 1386 378 exercitum
1418 345 1527 376 tuum
1547 340 1599 378 12

108 419 251 462 norim,
285 418 374 462 nisi,
409 430 432 452 a
465 428 546 464 quo
580 422 640 451 tot
672 415 780 451 acies
804 415 1012 450 Romanas
1047 413 1155 449 fusas
1189 417 1416 459 stratasque
1440 424 1529 447 esse

108 490 245 533 sciam,
286 488 322 524 ei
356 487 472 524 facile
505 499 595 523 esse
629 487 775 522 ducam
809 485 1038 533 opprimere
1071 483 1334 532 populatores
1366 488 1530 518 nostros

107 571 234 609 vagos
266 559 353 596 sine
386 558 510 607 signIS
542 558 715 606 palatos,
750 568 830 603 quo
855 567 1057 603 quemque
1081 555 1200 591 trahit
1223 553 1404 601 quamvis
1427 565 1530 590 vana

108 631 255 679 praedae
280 641 387 678 spes.
435 628 702 665 Numidarum
727 638 948 675 paucorum
974 627 1026 662 illi
1052 627 1217 675 quidem
1242 625 1382 674 praeda
1400 629 1528 667 erunt,
1550 622 1600 661 1ἔῖ

108 701 419 750 praesidiumque
444 699 599 735 miseris
624 698 739 735 simul
763 697 882 734 nobis
900 703 940 733 et
958 697 1073 734 Nolae
1092 696 1308 740 ademeris,
1337 695 1369 731 si
1387 695 1529 744 modo,

108 783 224 820 quos,
258 776 300 806 ut
328 770 464 807 socios
488 770 673 813 haberes,
709 770 858 817 dignos
882 769 1043 812 duxisti,
1078 769 1188 804 haud
1212 767 1405 815 indignos
1429 765 1531 801 iudi-

108 853 190 886 cas,
225 853 327 889 quos
359 841 402 877 in
433 840 557 877 fidem
589 845 777 888 receptos
811 840 998 876 tuearis.»

226 913 292 948 Ad
315 924 364 948 ea
382 911 587 948 Hannibal
612 910 837 958 respondit,
873 911 1010 947 omnia
1036 910 1151 947 simul
1176 909 1310 945 facere
1337 908 1530 956 Hirpinos
1593 903 1658 947 43

108 974 404 1030 Samnitesque,
439 988 478 1018 et
509 982 691 1018 indicare
724 982 862 1018 clades
888 994 982 1018 suas
1008 987 1048 1017 et
1072 986 1211 1029 petere
1236 980 1467 1028 praesidium
1494 986 1533 1015 et

109 1054 220 1103 queri
237 1053 478 1090 indefensos
496 1065 539 1089 se
557 1053 863 1101 neglectosque.
912 1052 1185 1088 Indicandum
1204 1056 1340 1087 autem
1358 1050 1528 1098 primum
1546 1049 1570 1086 ⁵.)

110 1125 246 1168 fuisse,
280 1124 376 1160 dein
400 1123 623 1172 petendum
646 1124 891 1171 praesidium,
926 1128 1148 1171 postremo,
1175 1122 1215 1157 ni
1238 1122 1531 1169 impetraretur,

110 1203 191 1232 tum
210 1195 387 1242 denique
406 1195 670 1242 querendum,
692 1193 834 1230 frustra
853 1206 975 1242 opem
993 1194 1263 1241 imploratam.
1305 1192 1533 1228 Exercitum
1550 1191 1574 1228 :5

110 1279 201 1305 sese
232 1278 318 1303 non
350 1266 390 1301 in
424 1277 563 1313 agrum
595 1263 807 1312 Hirpinum
836 1265 1122 1309 Samnitemve,
1156 1276 1207 1299 ne
1236 1269 1276 1299 et
1302 1263 1389 1311 ipse
1418 1264 1531 1299 oneri

110 1342 230 1382 esset,
256 1337 331 1374 sed
354 1337 396 1372 in
420 1336 604 1384 proxima
628 1335 721 1371 loca
745 1335 949 1371 sociorum
973 1334 1113 1383 populi
1131 1334 1308 1369 Romani
1332 1334 1532 1369 adductu-

110 1420 208 1444 rum.
271 1407 323 1444 Iis
351 1406 598 1456 populandis
629 1413 668 1442 et
694 1406 858 1442 militem
883 1417 999 1442 suum
1022 1405 1267 1453 repleturum
1293 1416 1336 1440 se
1360 1386 1401 1440 et
1425 1410 1533 1440 metu

110 1479 251 1528 procul
282 1479 334 1514 ab
366 1477 414 1514 iis
447 1483 738 1513 summoturum
763 1477 915 1513 hostes.
981 1476 1107 1522 Quod
1132 1476 1187 1510 ad
1210 1475 1359 1510 bellum
1385 1475 1534 1511 Roma·
1550 1474 1576 1512 -ἑ

110 1562 206 1586 num
245 1550 444 1592 attineret,
491 1548 524 1584 si
556 1547 827 1584 Trasumenni
861 1559 980 1595 quam
1015 1546 1188 1589 Trebiae,
1233 1546 1265 1581 si
1300 1545 1534 1581 Cannarum

111 1632 233 1668 quarn
250 1619 521 1656 Trasumenni
544 1630 682 1667 pugna
707 1619 882 1654 nobilior
907 1624 1026 1662 esset,
1055 1617 1289 1653 Cannarum
1309 1628 1472 1664 quoque
1491 1630 1533 1652 se

110 1691 347 1727 memoriam
387 1690 602 1726 obscuram
641 1689 795 1725 maiore
835 1696 874 1724 et
914 1689 1083 1725 clariore
1120 1688 1290 1724 victoria
1323 1687 1533 1723 facturum.

111 1760 214 1798 Cum
238 1761 316 1798 hoc
341 1772 541 1812 responso
565 1761 880 1808 muneribusque
898 1760 1041 1808 amplis
1059 1759 1217 1807 legatos
1237 1758 1406 1801 dimisit;
1432 1759 1533 1806 ipse,
1550 1756 1575 1793 ι’)

109 1831 299 1881 praesidio
332 1832 498 1868 modico
528 1831 667 1867 relicto
696 1831 737 1866 in
762 1830 919 1874 Tifatis,
954 1829 1160 1878 profectus
1198 1834 1334 1865 cetero
1360 1829 1534 1865 exercitu

109 1902 165 1938 ire
183 1901 329 1938 Nolam
347 1902 491 1950 pergit.
540 1901 702 1938 Eodem
720 1901 872 1937 Hanno
892 1913 940 1937 ex
958 1899 1120 1936 Bruttiis
1139 1912 1230 1936 cum
1249 1899 1534 1947 supplemento
1551 1900 1574 1935 (5

111 1971 356 2021 Carthagine
395 1973 569 2009 advecto
609 1978 730 2021 atque
769 1971 996 2019 elephantis
1037 1971 1158 2007 venit.
1230 1969 1382 2006 Castris
1423 1970 1534 2006 haud

109 2044 249 2092 procul
289 2043 444 2092 positis,
487 2043 610 2091 longe
650 2043 728 2079 alia
761 2043 899 2078 omnia
931 2042 1148 2089 inquirenti
1182 2046 1394 2089 comperta
1426 2046 1531 2084 sunt,

109 2127 230 2162 quam
253 2126 342 2162 quae
366 2127 389 2150 a
417 2114 558 2161 legatis
585 2114 787 2150 sociorum
813 2113 1010 2149 audierat.
1061 2111 1167 2148 Nihil
1192 2112 1299 2148 enim
1318 2111 1533 2148 Marcellus
1553 2111 1573 2149 ἰ’

108 2186 163 2221 ita
195 2191 346 2233 egerat,
380 2190 423 2221 ut
455 2191 523 2220 aut
555 2184 726 2221 fortunae
759 2190 827 2220 aut
858 2190 1010 2220 temere
1035 2183 1140 2219 hosti
1166 2183 1427 2218 commissum
1452 2182 1532 2219 dici

108 2261 261 2304 posset.
339 2255 561 2304 Explorato
606 2267 695 2291 cum
738 2254 940 2302 firmisque
978 2254 1189 2302 praesidiis,
1240 2259 1326 2289 tuto
1367 2259 1533 2301 receptu

108 2326 331 2374 praedatum
363 2326 476 2371 ierat,
511 2326 730 2373 omniaque
758 2326 864 2361 velut
888 2326 1082 2361 adversus
1106 2329 1348 2372 praesentem
1378 2323 1531 2360 Hanni-

107 2396 239 2432 balem
257 2401 375 2433 cauta
398 2397 639 2445 provisaque
665 2396 835 2432 fuerant.
884 2395 919 2431 T
923 2407 1002 2439 um,
1028 2395 1094 2430 ubi
1119 2395 1246 2431 sensit
1269 2395 1428 2431 hostem
1453 2395 1525 2430 ad·
1550 2395 1574 2424 Η

108 2472 285 2511 ventare,
326 2468 466 2516 copias
497 2467 601 2503 intra
633 2468 783 2503 moenia
815 2467 942 2503 tenuit
953 2477 961 2510 ;
1003 2478 1074 2514 per
1105 2477 1242 2502 muros
1274 2466 1524 2502 inambulare

111 2543 320 2574 senatores
342 2536 527 2574 Nolanos
559 2538 672 2575 iussit
694 2544 734 2574 et
759 2538 896 2574 omnia
920 2537 1025 2573 circa
1049 2537 1272 2584 explorare,
1308 2548 1396 2583 quae
1420 2537 1531 2584 apud

108 2607 246 2644 hostes
271 2608 424 2644 fierent.
488 2608 548 2644 Ex
573 2609 633 2645 his
660 2607 824 2652 Hanno,
849 2620 970 2656 quum
996 2609 1049 2643 ad
1076 2619 1229 2642 murum
1256 2607 1531 2650 successisset,
1549 2606 1573 2644 9

108 2677 359 2715 Herennium
391 2678 563 2716 Bassum
595 2686 635 2715 et
667 2678 832 2715 Herium
861 2679 1032 2714 Pettium
1066 2679 1120 2714 ad
1159 2677 1405 2725 colloquium
1440 2688 1535 2713 evo-

1186 2745 1250 2778 11*
