1789 2955
296 79 347 117 62
686 75 802 111 Liber
826 76 994 113 XXVII.
1043 79 1104 122 (A.
1129 90 1166 112 u.
1191 89 1220 113 c.
1246 79 1337 124 544.)

293 205 342 242 ab
373 205 566 243 Romanis
604 206 732 255 prima
772 206 879 255 legio
920 210 959 244 et
998 207 1140 244 dextra
1178 207 1254 254 ala,
1291 207 1340 245 ab
1379 207 1611 246 Hannibale
1648 208 1725 246 Hi·
1780 254 1788 264 ι

295 277 410 327 spani
441 277 591 315 milites
629 281 670 316 et
699 278 923 317 funditores
952 279 1148 326 Baliares,
1179 279 1380 329 elephanti
1411 293 1579 330 quoque,
1625 294 1727 318 com-

294 350 412 387 misso
459 350 537 386 iam
583 350 798 388 certamine
842 351 883 388 in
928 352 1115 401 proelium
1160 352 1249 399 acti,
1293 352 1363 389 diu
1406 366 1541 402 pugna
1585 357 1729 391 neutro

250 424 271 459 7
291 422 485 460 inclinata
515 423 638 460 stetit.
705 423 757 462 Ut
787 424 925 473 primae
956 424 1108 473 legioni
1133 424 1267 471 tertia,
1295 424 1445 462 dextrae
1469 425 1542 462 alae
1565 425 1728 463 sinistra

251 497 274 533 8
292 494 432 541 subiit,
472 498 510 532 et
541 495 650 545 apud
680 495 813 534 hostes
843 497 993 546 integri
1025 510 1048 533 a
1077 497 1192 534 fessis
1223 510 1396 546 pugnam
1428 510 1627 546 accepere,
1657 511 1727 535 no·

291 580 384 605 vum
422 570 542 616 atque
581 570 695 604 atrox
733 569 919 618 proelium
951 582 999 606 ex
1029 569 1108 605 iam
1139 570 1253 619 segni
1283 573 1446 619 repente
1477 570 1638 616 exarsit,
1667 583 1727 607 re-

294 639 476 677 centibus
508 639 649 677 animis
681 641 1013 690 corporibusque,
1046 642 1115 679 sed
1141 655 1221 679 nox
1249 642 1401 679 incerta
1424 642 1597 680 victoria
1622 642 1728 680 dire-

249 714 271 750 9
291 712 364 749 mit
393 715 630 762 pugnantes.
690 711 859 750 Postero
893 713 957 751 die
979 714 1152 752 Romani
1175 714 1225 752 ab
1257 714 1340 752 sole
1371 716 1458 751 orto
1486 714 1528 750 in
1559 714 1728 751 multum

293 784 372 822 diei
418 787 563 822 stetere
609 784 650 822 in
697 785 800 833 acie;
844 785 916 823 ubi
960 799 1075 823 nemo
1120 787 1295 824 hostium
1333 787 1522 824 adversus
1560 786 1727 836 prodiit,

291 857 424 906 spolia
461 870 532 907 per
563 857 687 894 otium
718 857 851 906 legere
883 861 923 895 et
954 862 1162 907 congestos
1192 859 1233 896 in
1263 872 1386 896 unum
1416 859 1548 896 locum
1579 872 1727 896 crema-

219 929 269 966 10
287 942 380 967 vere
420 942 522 966 suos.
583 929 710 967 Nocte
749 930 977 979 insequenti
1007 930 1214 969 Hannibal
1252 931 1411 969 silentio
1442 931 1567 968 movit
1598 934 1728 969 castra

292 1005 332 1039 et
375 1001 417 1038 in
454 1001 651 1051 Apuliam
697 1003 810 1041 abiit.
871 1002 1099 1050 Marcellus,
1144 1003 1214 1041 ubi
1259 1004 1329 1040 lux
1374 1003 1510 1053 fugam
1554 1003 1727 1040 hostium

291 1074 462 1124 aperuit,
509 1074 656 1112 sauciis
704 1087 790 1111 cum
835 1075 1024 1124 praesidio
1070 1076 1228 1114 modico
1272 1075 1530 1114 Numistrone
1574 1075 1729 1113 relictis

290 1146 588 1196 praepositoque
620 1147 670 1184 iis
694 1147 741 1187 L.
760 1147 885 1184 Furio
903 1147 1170 1197 Purpurione,
1201 1149 1363 1186 tribuno
1393 1148 1577 1194 militum,
1607 1147 1728 1186 vesti-

221 1219 267 1255 11
289 1218 367 1267 giis
397 1219 550 1256 institit
580 1220 706 1269 sequi.
766 1220 835 1257 Ad
860 1220 1078 1258 Venusiam
1111 1222 1280 1271 adeptus
1312 1234 1401 1258 eum
1432 1224 1501 1258 est.
1560 1220 1626 1258 Ibi
1656 1233 1729 1270 per

292 1290 377 1328 dies
409 1291 575 1341 aliquot,
606 1306 728 1342 quum
760 1293 809 1330 ab
841 1293 1081 1330 stationibus
1111 1297 1426 1343 procursaretur,
1462 1293 1588 1331 mixta
1618 1292 1727 1343 equi·

288 1367 373 1401 tum
404 1364 664 1414 peditumque
695 1365 941 1403 tumultuosa
980 1366 1109 1415 magis
1147 1366 1291 1416 proelia
1330 1379 1447 1416 quam
1488 1378 1642 1414 magna,
1689 1368 1727 1402 et

219 1436 268 1473 12
288 1436 413 1477 ferme
458 1438 591 1475 omnia
630 1437 825 1475 Romanis
871 1439 1045 1476 secunda
1089 1439 1211 1476 fuere.
1277 1438 1379 1475 Inde
1418 1450 1488 1487 per
1529 1436 1725 1487 Apuliam

290 1508 402 1547 ducti
433 1509 635 1547 exercitus
667 1510 753 1547 sine
777 1511 860 1547 ullo
886 1511 1140 1548 memorando
1166 1511 1393 1557 certamine,
1424 1523 1546 1559 quum
1570 1509 1726 1546 Hanni-

289 1581 357 1619 bal
388 1585 504 1619 nocte
536 1582 650 1630 signa
680 1585 869 1630 moveret,
914 1584 1045 1621 locum
1087 1583 1243 1621 insidiis
1276 1596 1469 1633 quaerens,
1509 1581 1728 1619 Marcellus

289 1653 367 1691 nisi
398 1657 506 1691 certa
536 1654 625 1692 luce
657 1658 697 1692 et
728 1655 935 1705 explorato
968 1659 1060 1693 ante
1091 1668 1172 1692 non
1207 1657 1452 1704 sequeretur.

405 1726 551 1776 Capuae
583 1728 744 1765 interim
767 1728 934 1765 Flaccus
967 1728 1059 1765 dum
1089 1728 1204 1765 bonis
1234 1728 1463 1777 principum
1494 1724 1727 1773 vendendis,

290 1812 397 1848 agro,
430 1800 501 1849 qui
531 1800 759 1849 publicatus
791 1803 887 1847 erat,
917 1800 1088 1838 locando
1115 1800 1280 1849 (locavit
1305 1803 1435 1837 autem
1462 1812 1615 1836 omnem
1641 1798 1723 1836 fru-

289 1873 440 1921 mento)
457 1875 614 1922 tempus
631 1872 738 1920 terit,
762 1886 811 1909 ne
835 1872 989 1910 deesset
1011 1872 1180 1910 materia
1204 1873 1246 1909 in
1271 1871 1494 1922 Campanos
1518 1870 1723 1918 saeviendi,

288 1957 435 1983 novum
467 1944 511 1981 in
543 1945 698 1982 occulto
730 1945 904 1994 gliscens
935 1958 1007 1995 per
1039 1945 1231 1982 indicium
1261 1947 1507 1994 protractum
1538 1946 1597 1980 est
1626 1942 1723 1980 faci-

243 2017 264 2052 2
284 2030 369 2055 nus.
430 2017 587 2055 Milites
619 2017 797 2054 aedificiis
830 2020 992 2064 emotos,
1024 2017 1143 2054 simul
1173 2020 1219 2054 ut
1249 2030 1337 2054 cum
1361 2029 1457 2065 agro
1481 2018 1588 2052 tecta
1610 2014 1724 2053 urbis

289 2089 459 2128 fruenda
489 2090 731 2136 locarentur,
777 2090 895 2127 simul
927 2093 1117 2136 metuens,
1161 2103 1210 2126 ne
1241 2102 1355 2126 suum
1386 2101 1543 2138 quoque
1575 2087 1723 2125 exerci-

288 2165 385 2209 tum,
427 2162 531 2200 sicut
571 2161 832 2209 Hannibalis,
862 2162 988 2200 nimia
1027 2162 1138 2199 urbis
1183 2161 1390 2199 amoenitas
1436 2160 1643 2207 emolliret,
1681 2159 1724 2196 in

289 2234 417 2285 portis
454 2234 659 2284 murisque
690 2234 850 2272 sibimet
880 2235 988 2284 ipsos
1017 2237 1124 2271 tecta
1154 2233 1383 2271 militariter
1415 2235 1598 2282 coegerat
1628 2231 1723 2269 aedi-

245 2306 424 2353 3ficare3
471 2309 585 2344 erant
625 2309 758 2344 autem
798 2307 990 2356 pleraque
1031 2320 1080 2344 ex
1121 2306 1297 2343 cratibus
1328 2308 1397 2343 aut
1425 2304 1577 2342 tabulis
1608 2305 1723 2351 faeta,

291 2379 371 2417 alia
401 2378 597 2416 arundine
625 2381 748 2425 texta,
779 2382 995 2415 stramento
1027 2379 1176 2415 intecta
1207 2377 1350 2424 omnia,
1386 2377 1497 2414 velut
1528 2376 1577 2414 de
1608 2376 1723 2414 indu-

244 2451 398 2498 4stria,
431 2451 632 2489 alimentis
664 2450 780 2499 ignis.
841 2450 940 2487 Haec
972 2451 1100 2488 noctis
1131 2463 1210 2487 una
1239 2449 1338 2487 hora
1368 2449 1500 2487 omnia
1523 2452 1568 2486 ut
1589 2449 1721 2486 incen-

293 2522 444 2570 derent,
481 2526 638 2561 centum
663 2523 919 2573 septuaginta
943 2522 1150 2573 Campani,
1180 2521 1430 2571 principibus
1453 2520 1622 2558 Blossiis
1644 2520 1722 2557 fra-

245 2597 267 2634 5
286 2596 430 2643 tribus,
463 2596 788 2633 coniuraverunt.
848 2594 1003 2632 Indicio
1032 2594 1118 2631 eius
1144 2594 1203 2631 rei
1226 2607 1273 2631 ex
1296 2593 1450 2631 familia
1475 2591 1722 2630 Blossiorum

291 2669 410 2719 facto,
442 2667 570 2718 portis
601 2670 764 2718 repente
796 2667 906 2705 iussu
937 2666 1187 2717 proconsulis
1210 2666 1368 2716 clausis,
1392 2678 1512 2716 quum
1539 2664 1589 2702 ad
1614 2677 1724 2702 arma
