1789 2955
285 79 340 115 44
690 75 805 109 Liber
830 74 976 110 XXVI.
1023 75 1084 118 (A.
1110 87 1145 108 u.
1173 86 1201 109 c.
1227 75 1320 118 544.)

287 202 433 239 deinde
464 215 637 251 unquam
670 203 828 248 Poenus,
868 216 945 252 quo
977 202 1095 251 longe
1126 202 1338 251 plurimum
1370 202 1564 248 valuerat,
1602 202 1713 252 equi-

286 276 371 310 tatu
405 274 586 323 superior
617 275 702 312 fuit.

138 339 192 388 39
398 345 478 381 Per
509 345 614 382 idem
644 349 812 395 tempus,
859 360 980 395 quum
1021 347 1061 382 in
1100 358 1189 382 arce
1221 344 1440 382 Tarentina
1477 345 1545 383 vix
1578 345 1715 394 inopia

285 416 513 453 tolerabilis
545 420 659 463 esset,
691 431 800 466 spem
833 431 984 455 omnem
1017 417 1258 466 praesidium,
1289 417 1396 466 quod
1420 417 1480 453 ibi
1507 419 1602 461 erat,
1633 416 1714 454 Ro-

286 501 443 524 manum
475 488 765 537 praefectusque
796 489 979 537 praesidii
1012 492 1130 537 atque
1162 489 1262 525 arcis
1293 488 1348 526 M.
1368 488 1510 526 Livius
1542 487 1581 524 in
1612 499 1714 524 com-

246 559 483 596 2meatibus
523 559 572 597 ab
613 558 753 596 Sicilia
792 560 923 597 missis
954 560 1165 606 habebant,
1212 560 1281 609 qui
1311 564 1355 596 ut
1385 564 1472 597 tuto
1504 562 1714 608 praeterve-

287 631 478 667 herentur
502 644 610 668 oram
631 631 774 678 Italiae,
800 632 938 669 classis
955 632 1102 680 viginti
1121 634 1241 668 ferme
1259 632 1419 668 navium
1436 631 1556 679 Regii
1574 631 1715 668 stabat.

243 701 463 739 3Praeerat
495 703 614 739 classi
645 703 1008 751 commeatibusque
1040 702 1090 738 D.
1116 703 1340 750 Quinctius,
1373 704 1540 740 obscuro
1573 715 1717 750 genere

287 777 407 822 ortus,
456 778 629 811 ceterum
661 774 797 811 multis
828 774 999 811 fortibus
1031 774 1146 810 factis
1179 775 1344 811 militari
1374 774 1504 822 gloria
1533 773 1717 811 illustris.

240 844 421 881 4Primo
468 845 642 895 quinque
688 860 826 892 naves,
881 859 1048 894 quarum
1094 845 1276 882 maximae
1322 845 1408 882 duae
1454 846 1648 892 triremes,
1694 858 1717 883 a

285 915 478 953 Marcello
510 918 547 953 ei
577 917 737 954 traditae
769 921 884 955 erant
915 917 1108 966 [habuit];
1138 920 1278 966 postea
1308 930 1390 954 rem
1416 917 1586 966 impigre
1612 929 1717 966 saepe

245 987 441 1037 5gerenti
478 991 558 1025 tres
600 988 747 1025 additae
789 990 1113 1038 quinqueremes3
1159 993 1358 1038 postremo
1402 989 1487 1037 ipse
1526 1001 1548 1024 a
1585 988 1714 1036 sociis,

287 1059 533 1109 Reginisque
574 1063 613 1096 et
653 1074 674 1096 a
707 1059 827 1097 Velia
865 1064 903 1097 et
942 1074 964 1097 a
994 1060 1139 1105 Paesto,
1186 1060 1345 1097 debitas
1376 1073 1423 1096 ex
1455 1059 1605 1097 foedere
1636 1059 1716 1097 exi-

288 1132 417 1179 gendo
449 1132 613 1169 classem
644 1132 789 1180 viginti
821 1132 991 1178 navium,
1023 1132 1127 1169 sicut
1157 1136 1248 1168 ante
1281 1132 1432 1169 dictum
1465 1136 1535 1179 est,
1578 1131 1717 1169 effecit.

246 1204 269 1240 6
287 1202 395 1240 Huic
428 1203 475 1240 ab
503 1203 632 1252 Regio
664 1203 853 1252 profectae
886 1204 1003 1241 classi
1029 1204 1288 1241 Democrates
1320 1217 1408 1241 cum
1438 1204 1528 1252 pari
1558 1204 1719 1241 navium

287 1273 596 1312 Tarentinarum
633 1289 796 1313 numero
838 1276 1064 1325 quindecim
1105 1276 1234 1312 millia
1272 1276 1393 1312 ferme
1433 1275 1481 1312 ab
1527 1275 1625 1312 urbe
1667 1273 1718 1312 ad

244 1347 266 1382 7
286 1345 563 1396 Sapriportem
595 1346 734 1384 obvius
766 1347 852 1384 fuit.
916 1347 1029 1384 Velis
1059 1351 1142 1383 tum
1175 1348 1289 1391 forte,
1321 1346 1568 1395 improvidus
1592 1345 1718 1383 futuri

289 1418 527 1462 certaminis,
554 1418 756 1456 Romanus
782 1419 982 1465 veniebat,
1007 1418 1074 1456 sed
1100 1419 1205 1455 circa
1222 1418 1434 1456 Crotonem
1455 1416 1720 1466 Sybarimque

289 1491 545 1539 suppleverat
576 1491 746 1539 remigio
778 1504 909 1535 naves,
942 1491 1256 1539 instructamque
1281 1493 1320 1527 et
1346 1494 1535 1527 armatam
1561 1489 1720 1538 egregie

241 1561 356 1611 8pro
387 1562 664 1609 magnitudine
696 1562 857 1598 navium
891 1562 1054 1598 classem
1088 1561 1274 1607 habebat,
1322 1566 1361 1598 et
1398 1565 1482 1598 tum
1513 1562 1614 1599 forte
1646 1561 1719 1598 sub

289 1634 395 1670 idem
426 1637 583 1683 tempus
616 1638 653 1671 et
683 1635 793 1671 venti
817 1635 877 1671 vis
903 1635 1028 1671 omnis
1054 1634 1198 1671 cecidit
1222 1638 1262 1671 et
1285 1635 1417 1671 hostes
1442 1635 1482 1671 in
1507 1637 1720 1683 conspectu

287 1705 409 1751 fuere,
435 1709 480 1742 ut
503 1706 553 1742 ad
577 1706 849 1756 componenda
873 1710 1118 1743 armamenta
1142 1706 1512 1756 expediendumque
1529 1706 1720 1753 remigem

243 1777 327 1814 9ac
360 1778 529 1815 militem
561 1777 612 1814 ad
643 1778 854 1815 imminens
886 1781 1085 1815 certamen
1113 1779 1209 1815 satis
1232 1778 1423 1827 temporis
1450 1781 1562 1815 esset.
1608 1777 1718 1814 Raro

289 1850 387 1887 alias
418 1851 540 1887 tantis
572 1851 713 1887 animis
747 1851 857 1888 iustae
890 1853 1177 1888 concurrerunt
1208 1850 1363 1895 classes,
1410 1850 1558 1899 quippe
1597 1861 1718 1898 quum

215 1921 267 1958 10
284 1922 324 1958 in
356 1922 514 1958 maioris
540 1922 751 1959 discrimen
781 1923 851 1969 rei,
883 1936 1000 1972 quam
1027 1923 1121 1972 ipsae
1148 1925 1272 1967 eraut,
1302 1925 1538 1970 pugnarent,
1569 1919 1718 1958 Taren-

287 1993 375 2031 tini.
408 1997 463 2038 ut,
494 1998 728 2044 recuperata
758 1995 855 2031 urbo
888 1994 936 2032 ab
961 1994 1153 2031 Romanis
1184 1996 1275 2042 post
1305 1993 1563 2030 centesimum
1593 2003 1718 2041 prope

289 2078 446 2111 annum,
464 2079 592 2102 arcem
612 2067 728 2103 etiam
746 2066 974 2111 liberarent,
993 2079 1072 2115 spe,
1095 2067 1332 2102 commeatus
1350 2077 1508 2113 quoque
1525 2063 1719 2109 hostibus,

290 2137 322 2173 si
354 2137 487 2173 navali
513 2138 654 2187 proelio
680 2139 969 2187 possessionem
994 2138 1113 2174 maris
1138 2136 1388 2183 ademissent,
1419 2135 1718 2180 interclusurOS,

217 2209 266 2246 11
285 2208 468 2256 Romani,
498 2213 543 2246 ut
574 2214 728 2247 retenta
759 2210 1006 2259 possessione
1037 2209 1140 2246 arcis
1173 2208 1438 2254 ostenderent,
1483 2221 1562 2244 non
1600 2207 1641 2244 vi
1671 2218 1716 2243 ac

220 2280 270 2317 12
289 2281 449 2327 virtute,
490 2280 558 2317 sed
590 2282 816 2330 proditione
849 2294 891 2318 ac
923 2282 1030 2318 furto
1062 2279 1280 2317 Tarentum
1311 2279 1509 2317 amissum.
1570 2278 1715 2326 Itaque

289 2365 336 2388 ex
368 2356 536 2401 utraque
568 2355 682 2401 parte
706 2353 819 2401 signo
845 2353 938 2389 dato
965 2365 1086 2401 quum
1112 2352 1251 2389 rostris
1276 2351 1567 2388 concurrissent
1589 2361 1718 2397 neque

288 2427 395 2461 retro
428 2438 567 2461 navem
601 2423 829 2460 inhiberent
860 2438 931 2460 nec
963 2423 1099 2460 dirimi
1130 2423 1179 2459 ab
1212 2436 1252 2459 se
1284 2423 1434 2459 hostem
1472 2423 1716 2470 paterentur,

290 2509 407 2545 quam
440 2497 530 2545 quis
564 2495 749 2544 indeptus
774 2508 910 2532 navem
937 2498 1032 2540 erat,
1063 2495 1192 2530 ferrea
1215 2494 1362 2530 iniecta
1386 2506 1515 2539 manu,
1545 2493 1602 2530 ita
1627 2504 1716 2529 con-

289 2567 475 2605 serebant
500 2581 547 2604 ex
575 2567 801 2616 propinquo
826 2579 1013 2615 pugnam,
1037 2570 1081 2602 ut
1106 2579 1185 2602 non
1209 2565 1430 2602 missilibus
1452 2568 1621 2611 tantum,
1649 2561 1718 2600 sed

222 2639 271 2675 13
289 2639 437 2686 gladiis
469 2639 586 2675 etiam
618 2651 743 2688 prope
775 2638 920 2675 collato
952 2637 1050 2687 pede
1081 2639 1289 2685 gereretur
1320 2649 1393 2673 res.
1454 2634 1591 2672 Prorae
1615 2634 1720 2671 inter
