1789 2955
548 95 664 130 Liber
690 96 837 132 XXIX.
887 97 948 140 (A.
976 96 1040 130 Oh.
1065 98 1159 141 204.)
1492 101 1572 138 211

139 222 243 269 „hue
278 222 443 271 dirigite
476 226 634 261 naveS.“
698 222 758 260 Eo
801 223 940 260 classis
973 223 1172 271 decurrit,
1204 225 1409 274 copiaeque
1441 238 1575 262 omnes
1598 225 1647 262 13

138 293 182 330 in
215 297 363 331 terram
396 294 584 343 expositae
616 299 719 331 sunt.

252 364 493 415 Prosperam
524 366 819 415 navigationem
852 366 936 402 sine
966 370 1119 404 terrore
1151 381 1194 404 ac
1225 368 1403 404 tumultu
1434 368 1571 414 fuisse,

137 437 348 486 permultis
380 436 532 475 Graecis
550 437 788 487 Latinisque
820 438 1048 475 auct-oribus
1076 438 1238 475 credidi.
1286 438 1432 476 Caelius
1458 452 1572 486 unus,
1598 440 1647 477 14

135 511 409 558 praeterquam
442 510 548 558 quod
580 523 657 546 non
690 522 835 546 mersas
867 509 1053 546 fluctibus
1086 524 1224 556 naves,
1257 514 1407 548 ceteros
1440 525 1573 549 omnes

135 580 315 617 caelestes
348 581 647 629 maritimosque
691 585 884 627 terrores,
930 585 1127 631 postremo
1174 582 1378 632 abreptam
1426 586 1571 632 tempe-

136 655 239 689 state
270 652 319 689 ab
351 651 494 689 Africa
525 653 691 689 classem
723 652 773 690 ad
805 653 977 689 insulam
1009 653 1282 702 AEgimurum,
1330 653 1422 690 inde
1469 667 1572 702 aegre

135 727 359 761 correctum
392 736 548 761 cursum
580 725 756 773 exponit,
788 728 837 771 et,
868 738 991 774 prope
1023 725 1176 761 obrutis
1209 725 1389 771 navibus,
1423 725 1575 762 iniussu
1596 727 1645 764 15

135 796 394 845 imperatoris
426 796 596 846 scaphis,
629 796 736 833 haud
769 809 879 833 secus
905 810 1023 845 quam
1051 796 1276 844 naufragos,
1309 797 1456 834 milites
1488 797 1574 834 sine

143 868 268 905 armis
301 881 387 904 cum
419 868 574 916 ingenti
605 867 782 904 tumultu
813 869 853 904 in
883 871 1031 905 terram
1063 869 1244 905 evasisse.

249 939 457 989 Expositis
504 940 647 989 copiis,
690 939 864 977 Romani
912 944 1040 976 castra
1087 940 1129 976 in
1173 941 1364 989 proximis
1410 941 1575 979 tumulis
1662 938 1717 986 28

134 1014 352 1049 metantur.
398 1012 486 1049 Iam
517 1025 596 1048 non
626 1012 668 1048 in
700 1011 922 1048 maritimos
955 1011 1069 1048 modo
1102 1025 1218 1060 agros
1251 1018 1463 1062 conspectu
1488 1013 1612 1062 pri-2

134 1095 241 1120 mum
275 1083 435 1130 classis,
482 1083 574 1120 dein
618 1082 795 1120 tumultu
841 1082 1129 1130 egredientium
1177 1084 1217 1120 in
1258 1088 1404 1121 terram
1449 1099 1573 1134 pavor

132 1156 343 1204 terrorque
375 1158 623 1205 pervenerat,
655 1154 723 1191 sed
756 1154 796 1190 in
830 1154 935 1203 ipsas
966 1154 1105 1200 urbes3
1155 1169 1284 1205 neque
1317 1157 1420 1194 enim
1453 1157 1576 1194 homi-
1596 1157 1618 1194 3

133 1239 229 1263 num
260 1227 378 1264 modo
409 1226 540 1275 turba,
575 1225 782 1262 mulierum
801 1239 1094 1275 puerorumque
1121 1228 1346 1276 agminibus
1379 1228 1574 1291 immixta,

132 1311 270 1336 omnes
301 1299 450 1348 passim
483 1298 754 1347 compleverat
785 1298 888 1347 vias,
937 1298 1006 1335 sed
1051 1312 1197 1348 pecora
1229 1314 1386 1349 quoque
1418 1314 1500 1350 prae
1533 1314 1572 1338 se

132 1373 315 1419 agrestes
332 1370 516 1418 agebant,
550 1373 594 1406 ut
620 1370 794 1419 relinqui
819 1369 952 1407 subito
969 1369 1148 1408 Africam
1178 1371 1341 1410 diceres.
1391 1372 1571 1410 Urbibus
1589 1372 1614 1409 4

137 1455 232 1480 vero
265 1441 363 1492 ipsis
394 1443 603 1489 maiorem,
642 1455 759 1491 quam
792 1455 908 1491 quem
940 1455 1071 1479 secum
1105 1444 1348 1491 attulerant,
1379 1447 1572 1482 terrorem

133 1514 384 1560 inferebant3
431 1514 634 1563 praecipue
668 1513 927 1562 Carthaginis
974 1528 1098 1564 prope
1142 1520 1186 1552 ut
1221 1519 1345 1565 captae
1376 1517 1573 1554 tumultus

132 1585 222 1622 fuit.
284 1586 384 1623 Nam
417 1588 509 1635 post
524 1585 581 1624 M.
601 1585 776 1622 Atilium
794 1586 994 1634 Regulum
1028 1590 1067 1623 et
1085 1586 1131 1625 L.
1151 1587 1350 1625 Manlium
1379 1589 1573 1635 consules,
1595 1589 1617 1624 5

132 1658 251 1695 annis
282 1670 407 1707 prope
440 1657 749 1707 quinquaginta,
781 1657 935 1694 nullum
952 1657 1176 1695 Romanum
1209 1660 1431 1697 exercitum
1462 1660 1573 1698 vide-

132 1733 226 1766 rant
258 1733 404 1779 praeter
435 1729 697 1779 praedatorias
731 1729 888 1779 classes,
929 1730 1075 1779 quibus
1108 1731 1358 1769 escensiones
1382 1732 1423 1769 in
1457 1746 1573 1780 agros

132 1802 354 1839 maritimos
370 1802 487 1839 factae
507 1806 633 1848 erant,
664 1802 883 1851 raptisque,
915 1815 1002 1851 quae
1028 1802 1146 1839 obvia
1171 1803 1251 1840 fors
1282 1804 1443 1850 fecerat,
1465 1804 1577 1854 prius
1596 1805 1618 1841 6

136 1886 341 1910 recursum
373 1886 528 1922 semper
568 1873 617 1909 ad
648 1886 781 1923 naves,
830 1887 947 1923 quam
987 1875 1136 1912 clamor
1175 1878 1352 1923 agrestes
1384 1876 1570 1922 conciret,

132 1945 276 1983 fuerat.
322 1945 382 1983 Eo
402 1945 527 1982 maior
543 1948 627 1981 tum
644 1945 739 1993 fuga
760 1959 964 1995 pavorque
998 1947 1038 1983 in
1070 1947 1168 1983 urbe
1200 1947 1286 1983 fuit.
1332 1947 1387 1984 Et
1412 1947 1572 1984 hercule
1593 1949 1614 1983 7

133 2031 266 2067 neque
299 2018 500 2055 exercitus
533 2017 640 2054 domi
670 2017 831 2054 validus
873 2031 1000 2067 neque
1033 2018 1124 2064 dux,
1157 2032 1273 2067 quem
1313 2023 1572 2068 opponerent,

140 2093 238 2127 erat.
299 2088 535 2126 Hasdrubal
569 2087 760 2137 Gisgonis
792 2089 898 2127 filius
930 2103 1087 2138 genere,
1118 2090 1233 2136 fama,
1265 2090 1428 2137 divitiis,
1460 2092 1572 2140 regia

135 2164 220 2198 tum
254 2161 373 2198 etiam
406 2159 612 2207 affinitate,
644 2161 762 2209 longe
790 2162 941 2210 primus
968 2161 1143 2199 civit-atis
1170 2165 1274 2207 erat;
1307 2162 1376 2199 sed
1399 2176 1486 2200 eum
1519 2164 1568 2201 ab
1587 2163 1611 2199 8

135 2233 223 2282 ipso
255 2232 325 2269 illo
343 2231 529 2282 Scipione
561 2232 713 2281 aliquot
742 2233 897 2282 proeliis
929 2233 1058 2271 fusum
1090 2234 1326 2283 pulsumque
1365 2235 1405 2271 in
1423 2235 1571 2285 Hispa-

136 2304 205 2341 nia
237 2304 514 2351 meminerant,
544 2316 616 2341 nec
647 2305 775 2352 magis
807 2304 946 2342 ducem
978 2306 1069 2342 duci
1107 2319 1243 2355 parem
1275 2320 1392 2355 quam
1423 2307 1570 2344 tumul-

134 2377 311 2414 tuarium
358 2376 577 2413 exercitum
624 2389 738 2413 suum
776 2376 958 2414 Romano
1006 2378 1201 2414 exercitui
1246 2391 1340 2415 esse.
1417 2378 1572 2427 Itaque,
1593 2381 1614 2414 9

139 2449 252 2486 velut
283 2449 316 2485 si
347 2448 486 2485 urbem
519 2448 718 2497 extemplo
760 2462 1021 2497 aggressurus
1053 2448 1190 2499 Scipio
1222 2450 1335 2495 foret,
1380 2449 1436 2486 ita
1482 2463 1568 2487 con-

136 2520 354 2558 clamatum
401 2520 450 2557 ad
497 2534 607 2557 arma
639 2523 698 2557 est
728 2524 934 2570 portaeque
979 2522 1124 2570 raptim
1157 2521 1301 2558 clausae
1349 2524 1387 2558 et
1431 2522 1573 2559 armati

139 2592 181 2628 in
214 2592 338 2629 muris
369 2592 604 2641 vigiliaeque
631 2595 670 2629 et
695 2593 883 2630 stationes
900 2593 1113 2642 dispositae,
1145 2606 1189 2630 ac
1214 2595 1329 2630 nocte
1347 2592 1572 2641 insequenti

136 2663 349 2711 vigilatum
381 2667 452 2701 est.
511 2663 678 2701 Postero
712 2663 776 2700 die
805 2665 1015 2713 quingenti
1048 2665 1216 2714 equites.
1251 2665 1498 2713 speculatum
1523 2667 1572 2703 ad
1596 2667 1644 2704 10

1231 2733 1294 2766 14*
