1789 2955
1451 103 1529 143 171

549 914 799 964 Liber
856 914 1102 964 XXlV.

109 1119 178 1184 Ut
205 1159 253 1183 ex
278 1145 504 1194 Campania
532 1145 571 1181 in
597 1144 774 1182 Bruttios
797 1146 970 1182 reditum
996 1151 1068 1189 est,
1100 1145 1252 1182 Hanno
1277 1146 1530 1182 adiutoribus

109 1222 149 1254 et
173 1216 344 1253 ducibus
361 1215 523 1252 Bruttiis
542 1215 707 1253 Graecas
730 1218 850 1254 urbes
875 1217 1055 1260 tentavit,
1081 1229 1132 1253 eo
1157 1217 1311 1253 facilius
1335 1217 1374 1253 in
1403 1217 1530 1254 socie-

108 1293 190 1324 tate
222 1292 436 1324 manentes
469 1288 670 1331 Romana,
705 1288 818 1335 quod
850 1287 1040 1332 Bruttios,
1075 1275 1178 1335 quos
1211 1293 1251 1324 et
1285 1289 1458 1324 oderant
1492 1294 1531 1323 et

107 1359 356 1402 metuebant,
376 1357 771 1406 Carthaginiensium
788 1358 912 1407 partis
932 1358 1062 1395 factos
1081 1359 1316 1395 cernebant.
1357 1358 1527 1406 Regium
1546 1358 1570 1396 ⁰2

106 1429 277 1477 primum
300 1433 498 1464 tentatum
517 1433 578 1465 est
595 1429 764 1477 diesque
783 1429 936 1477 aliquot
952 1429 1006 1464 ibi
1025 1429 1295 1476 nequicquam
1314 1429 1529 1476 absumpti.

106 1498 269 1535 Interim
301 1497 529 1536 Locrenses
562 1499 805 1536 frumentum
837 1499 1027 1548 lignaque
1061 1505 1101 1535 et
1133 1504 1267 1536 cetera
1299 1497 1529 1537 necessaria

107 1569 244 1606 usibus
288 1581 337 1605 ex
375 1569 481 1617 agris
512 1569 560 1606 'in
600 1570 741 1606 urbem
780 1582 935 1618 rapere,
981 1570 1101 1607 etiam
1135 1583 1187 1606 ne
1220 1570 1318 1618 quid
1351 1569 1530 1605 relictum

107 1640 256 1688 praedae
288 1639 472 1676 hostibus
505 1645 624 1684 esset,
660 1645 699 1676 et
731 1640 771 1676 in
805 1640 892 1676 dies
920 1640 1049 1677 maior
1072 1640 1259 1676 omnibus
1282 1640 1409 1688 portis
1432 1640 1530 1675 mul·
1546 1640 1570 1677 ΞΒ

108 1710 240 1747 titudo
267 1709 439 1753 effundi;
474 1715 682 1758 postremo
707 1711 887 1747 sexcenti
911 1712 1039 1747 modo
1062 1711 1186 1747 relicti
1210 1711 1251 1747 in
1278 1711 1374 1746 urbe
1402 1715 1530 1753 erant,

109 1781 176 1830 qui
193 1780 357 1818 reficere
376 1793 511 1817 muros
530 1794 574 1816 ac
591 1787 730 1830 portas
747 1781 908 1829 telaque
926 1781 965 1817 in
984 1781 1291 1830 propugnacula
1310 1792 1532 1829 congerere

110 1852 375 1901 cogebantur.
453 1851 499 1887 In
546 1852 784 1900 permixtam
824 1852 1004 1888 omnium
1043 1852 1219 1889 aetatium
1258 1852 1529 1899 ordinumque
1545 1850 1571 1889 4

109 1922 407 1959 multitudinem
436 1927 476 1976 et
504 1928 719 1971 vagantem
748 1922 788 1958 in
818 1922 922 1970 agris
953 1935 1103 1971 magna
1127 1935 1176 1958 ex
1199 1927 1312 1970 parte
1338 1922 1530 1957 inermem

110 1992 317 2030 Hamilcar
333 1993 483 2030 Poenus
508 1993 664 2041 equites
688 1993 831 2037 emisit,
857 1992 938 2041 qui,
964 1993 1113 2030 violare
1139 2005 1383 2041 quemquam
1410 1991 1531 2035 vetiti,

111 2069 280 2104 tantum,
313 2068 356 2099 ut
379 2064 430 2099 ab
454 2065 551 2099 urbe
576 2064 838 2100 excluderent
862 2063 956 2112 fuga
981 2063 1216 2112 dissipatos,
1245 2068 1395 2099 turmas
1422 2062 1533 2099 obie-

113 2146 217 2171 cere.
281 2133 372 2170 Dux
404 2134 491 2182 ipse
523 2134 616 2170 loco
641 2134 848 2183 superiore
872 2138 1007 2182 capto,
1041 2134 1152 2170 unde
1176 2146 1296 2182 agros
1322 2134 1533 2180 urbemque
1550 2133 1574 2169 ι’)

113 2209 254 2253 posset
286 2205 536 2253 conspicere,
576 2204 820 2241 Bruttiorum
854 2205 1064 2241 cohortem
1098 2204 1210 2240 adire
1243 2216 1379 2240 muros
1414 2209 1534 2251 atque

114 2286 285 2312 evocare
309 2275 511 2323 principes
528 2274 790 2311 Locrensium
817 2276 871 2311 ad
889 2274 1135 2322 colloquium
1153 2274 1266 2310 iussit
1284 2279 1324 2311 et
1342 2274 1535 2323 pollicen-

113 2351 174 2382 tes
192 2344 408 2382 amicitiam
422 2345 664 2382 Hannibalis
682 2346 889 2382 adhortari
908 2346 962 2381 ad
976 2346 1115 2381 urbem
1130 2346 1388 2381 tradendam.
1423 2344 1535 2380 Brut-
1552 2346 1575 2381 li

114 2415 177 2453 tiis
201 2415 243 2452 in
268 2416 472 2464 colloquio
496 2416 640 2452 nullius
666 2416 722 2453 rei
747 2417 877 2465 primo
902 2416 1003 2452 fides
1029 2420 1110 2459 est;
1145 2415 1297 2451 deinde
1323 2420 1364 2450 ut
1387 2416 1536 2451 Poenus

116 2487 301 2535 apparuit
323 2486 364 2523 in
388 2487 570 2531 collibus,
597 2492 637 2522 et
659 2487 906 2536 refugientes
931 2486 1048 2536 pauci
1075 2486 1193 2521 aliam
1220 2497 1383 2521 omnem
1408 2485 1536 2520 multi-

116 2557 298 2594 tudinem
326 2558 367 2594 in
391 2562 595 2606 potestate
619 2558 792 2594 hostium
820 2569 909 2593 esse
935 2556 1171 2598 afferebant,
1205 2561 1289 2591 tum
1314 2560 1421 2591 metu
1447 2555 1534 2591 victi

118 2628 374 2665 consulturos
399 2640 442 2664 se
467 2628 661 2676 populum
685 2628 1003 2676 responderunt;
1033 2628 1315 2674 advocataque
1335 2626 1537 2674 extemplo
1555 2625 1575 2664 7
