1789 2955
232 112 317 153 242
662 110 765 141 Liber
790 111 897 141 XXV.
939 109 994 153 (A.
1013 121 1045 142 u.
1064 121 1093 142 c.
1113 110 1207 153 542.)

193 240 377 291 5potuit.
439 241 583 277 Flavus
615 241 805 277 Lucanus
838 241 922 286 suit,
957 248 1077 291 caput
1108 242 1231 291 partis
1264 242 1348 279 eius
1375 242 1646 288 Lucanorum,

232 324 353 360 quum
396 323 489 360 pars
528 312 582 347 ad
614 310 887 347 Hannibalem
927 311 1157 356 defecisset,
1201 325 1289 360 quae
1329 324 1418 349 cum
1451 314 1647 350 Romanis

232 384 386 425 stabat;
432 387 472 418 et
509 381 591 417 iam
630 393 767 418 annuo
806 382 847 418 in
887 383 1121 431 magistratu
1161 388 1259 426 erat,
1302 383 1353 418 ab
1391 383 1536 420 iisdem
1573 384 1647 420 illis

190 451 388 491 Gereatus
421 457 580 499 praetor.
642 451 693 495 Is,
727 456 880 488 mutata
905 458 1072 500 repente
1098 452 1317 496 voluntate,
1351 453 1482 490 locum
1509 453 1647 501 gratiae

231 523 342 571 apud
366 522 535 558 Poenum
563 533 760 569 quaerens,
790 534 923 570 neque
951 522 1118 558 transire
1143 522 1230 570 ipse
1255 534 1388 570 neque
1411 522 1568 557 trahere
1593 522 1649 557 ad

231 592 507 629 defectionem
523 590 714 628 Lucanos
739 592 835 628 satis
859 593 1010 637 habuit,
1037 592 1111 629 nisi
1136 592 1389 641 imperatoris
1408 597 1447 628 et
1464 592 1647 628 eiusdem

231 662 401 711 hospitis
448 661 597 710 proditi
642 662 774 710 capite
819 674 866 698 ac
910 663 1108 710 sanguine
1154 662 1287 699 foedus
1332 675 1421 699 cum
1465 662 1649 698 hostibus

192 731 442 771 7sanxisset.
505 733 571 768 Ad
603 732 839 781 Magonem,
880 733 946 780 qui
979 733 1020 768 in
1051 732 1214 769 Bruttiis
1247 738 1428 781 praeerat,
1472 732 1573 768 clam
1606 732 1647 768 in

232 803 476 850 colloquium
494 803 614 846 venit,
640 801 801 850 fideque
820 803 870 838 ab
889 814 940 839 eo
958 808 1141 852 accepta,
1161 802 1193 838 si
1211 803 1440 838 Romanum
1457 803 1504 839 iis
1522 802 1649 850 impe-

230 879 405 910 ratorem
424 872 669 917 tradidisset,
700 873 847 908 liberos
866 885 956 909 cum
975 874 1055 909 suis
1072 873 1226 921 legibus
1245 878 1434 909 venturos
1453 873 1493 908 in
1512 872 1648 908 amici-

231 944 328 980 tiam
344 943 548 986 Lucanos,
577 943 744 979 deducit
760 943 927 979 Poenum
947 943 988 979 in
1006 944 1152 986 locum,
1172 955 1244 989 quo
1261 955 1345 978 cum
1364 943 1503 991 paucis
1523 942 1649 979 Grac-

190 1013 214 1053 8
231 1014 348 1051 chum
382 1015 650 1050 adducturum
682 1013 754 1049 ait:
789 1012 914 1061 Mago
946 1013 1000 1049 ibi
1024 1014 1183 1061 pedites
1208 1013 1444 1061 equitesque
1471 1017 1648 1048 armatos

190 1082 215 1123 9
231 1083 286 1135 (et
309 1097 454 1133 capere
477 1096 546 1120 eas
569 1084 744 1119 latebras
766 1083 973 1131 ingentem
996 1081 1220 1132 numerum)
1255 1083 1470 1120 occuleret.
1533 1082 1647 1119 Loco

232 1155 328 1191 satis
360 1155 544 1203 inspecto
578 1159 699 1201 atque
731 1154 911 1201 undique
944 1154 1167 1202 explorato,
1202 1154 1290 1190 dies
1323 1153 1553 1202 composita
1580 1165 1649 1201 ge·

231 1225 369 1261 rendae
411 1225 467 1261 rei
507 1230 580 1261 est.
644 1224 787 1260 Flavus
830 1225 884 1260 ad
928 1225 1157 1260 Romanum
1197 1224 1483 1272 imperatorem
1527 1224 1648 1260 venit.

165 1293 218 1334 10
232 1296 333 1331 Rem
364 1307 407 1331 se
432 1295 488 1331 ait
510 1307 702 1342 magnam
725 1294 955 1339 inchoasse,
989 1295 1042 1330 ad
1068 1307 1188 1342 quam
1212 1294 1500 1342 perficiendam
1525 1293 1649 1341 ipsius

233 1365 405 1402 Gracchi
439 1377 565 1413 opera
597 1377 700 1413 opus
734 1376 836 1401 esse.
901 1364 1092 1401 Omnium
1124 1365 1365 1413 populorum
1397 1363 1647 1412 praetoribus,

232 1435 298 1483 qui
331 1436 385 1472 ad
407 1436 577 1471 Poenum
610 1435 651 1471 in
683 1435 749 1471 illo
779 1435 983 1471 communi
1005 1435 1128 1471 Italiae
1150 1439 1262 1471 motu
1285 1434 1524 1478 descissent,
1559 1446 1647 1482 per-

164 1505 213 1545 11
232 1506 420 1550 suasisse,
454 1510 496 1541 ut
526 1505 704 1541 redirent
734 1505 775 1540 in
809 1504 1025 1541 amicitiam
1057 1506 1348 1548 Romanorum,
1387 1505 1554 1552 quando
1586 1516 1650 1540 res

232 1588 394 1624 quoque
413 1577 613 1619 Romana,
639 1587 728 1623 quae
753 1587 881 1623 prope
906 1575 1069 1611 exitium
1093 1576 1210 1611 clade
1229 1574 1436 1611 Cannensi
1459 1574 1648 1618 venisset,

231 1647 272 1683 in
300 1646 388 1683 dies
416 1646 556 1682 melior
584 1651 705 1693 atque
734 1645 889 1682 auctior
918 1645 1041 1689 fieret,
1069 1644 1310 1681 Hannibalis
1338 1645 1394 1681 vis
1419 1649 1651 1681 senesceret

165 1716 217 1756 12
232 1729 279 1753 ac
303 1729 430 1765 prope
456 1717 510 1752 ad
534 1716 699 1752 nihilum
716 1715 910 1752 venisset:
937 1716 1059 1751 veteri
1077 1716 1227 1752 delicto
1247 1715 1356 1751 haud
1373 1714 1648 1764 implacabiles

233 1786 320 1823 fore
352 1787 582 1829 Romanos;
628 1786 777 1822 nullam
816 1798 994 1833 unquam
1032 1791 1196 1834 gentem
1237 1785 1365 1834 magis
1403 1785 1649 1822 exorabilem

233 1857 604 1905 promptioremque
627 1856 754 1892 veniae
779 1857 929 1893 dandae
955 1856 1097 1899 fuisse;
1123 1856 1282 1904 quoties
1300 1855 1508 1892 rebellioni
1527 1856 1647 1891 etiam

164 1926 217 1967 13
233 1928 430 1963 maiorum
453 1939 615 1963 suorum
638 1925 849 1975 ignotum?
882 1925 980 1962 Haec
1005 1927 1056 1962 ab
1081 1939 1125 1963 se
1150 1927 1230 1963 suis
1248 1927 1375 1970 dicta;
1403 1931 1579 1962 ceterum
1597 1925 1648 1961 ab

232 1997 321 2046 ipso
337 1997 524 2034 Graccho
543 1998 690 2033 eadem
707 1997 792 2033 haec
811 1997 951 2032 audire
969 1997 1086 2032 malle
1104 2009 1176 2033 eos
1189 1997 1478 2045 praesentisque
1492 1996 1649 2033 contin-

165 2066 219 2107 14
231 2079 328 2115 gere
353 2068 552 2111 dextram;
579 2067 621 2103 id
644 2067 790 2115 pignus
815 2066 908 2102 fidei
932 2078 1068 2103 secum
1094 2066 1192 2102 fore.
1240 2065 1395 2103 Locum
1414 2079 1456 2103 se
1475 2066 1648 2102 concilio

232 2136 279 2173 iis
303 2137 451 2173 dixisse
476 2149 500 2172 a
524 2142 747 2185 conspectu
772 2142 965 2180 amotum,
991 2137 1101 2173 haud
1118 2137 1258 2185 procul
1276 2136 1414 2173 castris
1433 2135 1647 2178 Romanis;

232 2207 286 2242 ibi
318 2207 457 2255 paucis
487 2206 616 2243 verbis
646 2206 811 2254 transigi
839 2219 921 2242 rem
950 2219 1086 2255 posse,
1119 2212 1162 2243 ut
1191 2219 1312 2243 omne
1340 2218 1491 2242 nomen
1519 2205 1648 2242 Luca·

167 2277 329 2318 15num
355 2277 396 2313 in
426 2277 506 2313 fide
534 2289 581 2314 ac
610 2277 806 2313 societate
836 2277 1023 2313 Romana
1047 2278 1108 2313 sit.
1164 2276 1373 2313 Gracchus
1400 2275 1583 2311 fraudem
1609 2280 1649 2310 et

235 2347 410 2384 sermoni
439 2352 479 2383 et
505 2347 560 2383 rei
588 2348 732 2383 abesse
761 2352 869 2383 ratus
897 2359 944 2383 ac
973 2347 1231 2383 similitudine
1259 2346 1340 2382 veri
1368 2350 1523 2394 captus,
1557 2357 1648 2382 cum

235 2417 438 2454 lictoribus
465 2429 512 2453 ac
541 2423 670 2453 turma
697 2418 874 2465 equitum
904 2430 926 2453 e
954 2417 1093 2454 castris
1120 2416 1326 2465 profectus
1356 2417 1460 2452 duce
1488 2416 1647 2463 hospite

167 2487 218 2528 16
235 2488 276 2522 in
300 2487 468 2524 insidias
486 2488 720 2537 praecipitat.
770 2487 921 2524 Hostes
939 2487 1071 2524 subito
1090 2487 1237 2530 exorti;
1267 2491 1319 2530 et,
1345 2498 1396 2522 ne
1415 2486 1538 2521 dubia
1555 2497 1647 2534 pro-

235 2558 335 2595 ditio
367 2564 488 2603 esset,
522 2559 664 2595 Flavus
696 2558 743 2594 iis
775 2569 819 2594 se
851 2558 1048 2606 adiungit.
1111 2557 1213 2593 Tela
1245 2556 1423 2603 undique
1451 2555 1492 2592 in
1522 2555 1648 2592 Grac-

168 2627 217 2667 17
235 2629 352 2665 chum
385 2634 506 2677 atque
531 2628 686 2677 equites
714 2627 990 2665 coniiciuntur.
1055 2626 1264 2665 Gracchus
1288 2638 1338 2662 ex
1362 2638 1468 2674 equo
1495 2625 1645 2669 desilit;
