1789 2955
500 87 617 122 Liber
641 87 831 124 XXVIII.
881 88 942 131 (A.
971 87 1034 121 Ch.
1060 88 1155 131 206.)
1470 90 1544 126 161

110 215 388 253 misericordia
410 215 578 253 victoris
595 228 706 265 spem
722 215 939 264 repositam
957 214 1117 252 habere.
1162 214 1251 251 Mos
1267 216 1448 251 vetustus
1467 217 1552 251 erat
1571 215 1592 250 7

111 287 316 334 Romanis,
350 294 437 324 c‘um
470 300 547 336 quo
578 300 651 324 nec
682 287 830 323 foedere
868 299 938 323 nec
978 286 1101 335 aequis
1133 285 1289 334 legibus
1319 286 1551 334 iungeretur

111 359 311 406 amicitia,
357 373 436 397 non
482 359 596 409 prius
636 358 803 407 imperio
848 357 889 394 in
922 370 1010 394 eum
1041 362 1233 407 tanquam
1263 361 1449 407 pacatum
1479 358 1552 403 uti,

109 445 228 481 quam
274 431 407 468 omnia
452 430 590 468 divina
621 431 871 479 humanaque
911 428 1148 476 dedidisset,
1180 429 1339 466 obsides
1385 429 1551 478 accepti,

108 516 218 540 arma
264 503 461 552 adempta,
509 501 699 551 praesidia
745 501 911 538 urbibus
956 501 1145 551 imposita
1191 502 1333 538 forent.
1408 499 1591 549 Scipioss

105 575 245 612 multis
276 575 457 612 invectus
497 574 538 610 in
569 577 806 623 praesentem
831 572 1093 610 Mandonium
1125 573 1408 622 absentemque
1438 571 1548 608 Indi-

112 646 235 683 bilem
266 645 414 692 verbis,
448 646 538 683 illos
571 645 732 694 quidem
774 645 913 682 merito
945 645 1095 694 perisse
1142 644 1319 694 ipsorum
1350 643 1549 681 maleficio

114 718 185 764 ait,
216 718 393 756 victuros
425 731 495 755 suo
528 721 646 767 atque
677 717 818 767 populi
850 716 1025 754 Romani
1048 716 1254 755 beneficio.
1303 715 1485 753 Ceterum
1514 729 1553 753 se
1572 717 1594 752 9

108 803 237 840 neque
294 803 404 828 arma
460 789 512 826 iis
573 789 852 838 adempturum
914 800 1044 836 ozeqne
1105 789 1264 826 obsides
1323 789 1548 837 imperatu—

111 874 202 900 rum
228 859 398 914 (quippe
416 875 463 899 ea
480 862 651 912 pignera
667 860 892 898 timentium
918 860 1177 897 rebellionem
1210 861 1331 911 esse);
1363 873 1403 897 se
1421 860 1552 897 libera

109 947 219 972 arma
235 934 478 984 relinquere,
510 934 662 970 solutos
688 933 850 979 animos,
882 944 1010 982 neque
1035 945 1075 969 se
1104 933 1145 969 in
1170 932 1332 969 obsides
1348 932 1550 979 innoxios,

109 1007 178 1044 sed
211 1007 253 1044 in
301 1007 429 1056 ipsos,
475 1006 509 1042 si
542 1004 773 1048 defecerint,
820 1005 1064 1049 saeviturum,
1108 1017 1180 1040 nec
1213 1003 1261 1040 ab
1294 1004 1449 1051 inermi,
1482 1004 1551 1041 sed
1571 1005 1621 1042 lO

109 1079 158 1115 ab
177 1082 328 1116 armato
346 1078 460 1116 hoste
477 1091 614 1127 poenas
632 1076 914 1126 expetiturum.
947 1076 1170 1125 Utramque
1188 1076 1391 1113 fortunam
1409 1090 1548 1126 exper-

110 1151 163 1188 tis
180 1151 415 1200 permittere
448 1163 545 1196 sese,
575 1152 710 1186 utrum
727 1148 927 1199 propitios
959 1161 1008 1184 an
1034 1148 1159 1185 iratos
1185 1149 1333 1185 habere
1350 1149 1553 1186 Romanos

110 1223 288 1260 mallent.
349 1222 414 1260 Ita
447 1222 634 1259 dimissus
665 1219 922 1266 Mandonius,
961 1221 1133 1270 pecunia
1171 1221 1447 1258 tantummodo
1479 1220 1550 1257 im-
1574 1221 1620 1257 ll

108 1298 260 1345 perata,
292 1307 340 1331 ex
357 1308 434 1343 qua
451 1293 696 1343 stipendium
714 1291 837 1329 militi
864 1293 1047 1341 praestari
1069 1295 1215 1342 posset.
1262 1292 1370 1342 Ipse,
1393 1292 1549 1330 Marcio
1573 1293 1622 1331 12

108 1367 147 1404 in
165 1366 395 1404 ulteriorem
412 1365 650 1415 Hispaniam
674 1364 893 1414 praemisso,
920 1362 1060 1401 Silano
1079 1363 1345 1402 Tarraconem
1373 1364 1549 1411 remisso,

110 1451 258 1488 paucos
303 1440 479 1475 moratus
525 1436 632 1482 dies,
680 1436 773 1473 dum
820 1436 1054 1486 imperatam
1100 1436 1310 1486 pecuniam
1356 1436 1552 1485 Ilergetes

109 1512 452 1560 pernumerarent,
499 1522 588 1546 cum
635 1508 836 1558 expeditis
869 1508 1067 1546 Marcium
1113 1508 1192 1545 iam
1225 1509 1551 1558 appropinquan-

109 1586 187 1619 tem
219 1580 379 1619 Oceano
413 1580 651 1630 assequitur.

226 1654 423 1691 Inchoata
453 1665 517 1689 res
548 1652 627 1689 iam
659 1654 750 1689 ante
783 1652 830 1687 de
861 1651 1077 1690 Masinissa
1110 1652 1201 1689 aliis
1232 1655 1352 1702 atque
1384 1653 1473 1690 aliis
1505 1653 1553 1690 de
1644 1647 1698 1698 35

113 1726 245 1763 causis
277 1725 403 1762 dilata
435 1728 539 1771 erat,
571 1724 677 1773 quod
722 1723 899 1761 Numida
944 1737 1031 1760 cum
1064 1724 1152 1773 ipso
1184 1724 1326 1773 utique
1357 1725 1551 1774 congredi

110 1795 298 1846 Scipione
342 1796 503 1833 volebat
548 1799 668 1845 atque
715 1795 800 1832 eius
833 1795 976 1833 dextra
1016 1796 1133 1833 fidem
1165 1797 1342 1843 sancire;
1389 1810 1435 1834 ea
1465 1801 1550 1834 tum

110 1868 264 1906 itineris
295 1872 376 1906 tam
407 1868 521 1917 longi
553 1880 597 1904 ac
628 1871 711 1904 tam
743 1867 849 1904 devii
868 1881 984 1905 causa
1003 1866 1182 1917 Scipioni
1199 1868 1286 1905 fuit.
1332 1868 1591 1906 Masinissa2

111 1954 232 1991 quum
251 1939 433 1978 Gadibus
465 1942 581 1986 esset,
612 1940 769 1987 certior,
801 1939 1017 1977 adventare
1049 1953 1149 1987 eum,
1182 1954 1204 1976 a
1227 1939 1379 1977 Marcio
1410 1941 1551 1987 factus,

112 2012 329 2060 causando,
378 2012 581 2062 corrumpi
625 2024 747 2060 equos
794 2012 969 2049 inclusos
1015 2012 1057 2049 in
1098 2012 1231 2049 insula
1261 2012 1551 2062 penuriamque

111 2086 286 2123 omnium
331 2097 464 2121 rerum
510 2087 549 2120 et
593 2083 724 2120 facere
771 2083 914 2120 ceteris
962 2088 1000 2120 et
1045 2085 1152 2134 ipsos
1193 2084 1359 2131 sentire,
1393 2084 1442 2122 ad
1474 2085 1549 2122 hoc

114 2158 291 2208 equitem
309 2169 553 2194 marcescere
571 2155 740 2204 desidia,
773 2156 990 2204 Mayonem
1005 2156 1195 2206 perpulit,
1226 2159 1272 2192 ut
1295 2169 1336 2193 se
1361 2156 1548 2194 traiicere
1569 2157 1592 2193 3

113 2231 152 2267 in
200 2230 468 2268 continentem
515 2227 565 2264 ad
613 2227 917 2277 depopulandos
954 2228 1158 2277 proximos
1190 2227 1399 2277 Hispaniae
1431 2242 1550 2277 agros

117 2305 339 2352 pateretur.
387 2299 679 2348 Transgressus
711 2302 792 2336 tres
824 2300 1024 2349 principes
1050 2299 1314 2338 Numidarum
1339 2301 1591 2350 praemittit4

114 2374 164 2411 ad
194 2377 351 2424 tempus
383 2373 593 2422 locumque
626 2371 827 2420 colloquio
859 2372 1126 2410 statuendum.
1187 2371 1303 2409 Duos
1343 2385 1415 2421 pro
1448 2372 1551 2409 obsi-

114 2446 230 2484 dibus
246 2445 411 2483 retineri
430 2444 479 2482 ab
498 2444 686 2493 Scipione
705 2444 833 2490 iubet3
864 2444 1028 2481 remisso
1053 2444 1187 2490 tertio,
1213 2443 1294 2492 qui,
1322 2457 1400 2493 quo
1418 2443 1549 2481 iussus

114 2522 210 2563 erat,
241 2517 457 2555 adduceret
472 2516 740 2562 Masinissam,
759 2529 844 2554 cum
863 2516 1003 2565 paucis
1021 2516 1059 2552 in
1078 2515 1323 2565 colloquium
1339 2519 1548 2553 venerunt.

118 2590 290 2640 Ceperat
320 2590 399 2626 iam
431 2593 523 2626 ante
555 2587 767 2626 Numidam
815 2601 862 2624 ex
894 2591 997 2625 sama
1028 2600 1159 2624 rerum
1191 2591 1394 2635 gestarum
1427 2589 1551 2625 admi·
1573 2589 1595 2624 5

115 2663 216 2700 ratio
262 2662 360 2708 viri,
405 2661 748 2709 substitueratque
780 2660 911 2697 animo
944 2660 1118 2708 speciem
1165 2671 1323 2709 quoque
1369 2661 1547 2710 corporis

182 2733 286 2758 Livius
306 2739 343 2757 ex
362 2740 420 2757 rec,
442 2732 595 2763 Madvigii.
631 2731 684 2755 IV.
1231 2729 1271 2762 11
