1789 2955
488 71 605 106 Liber
629 71 797 108 XXVII.
846 73 908 116 (A.
934 73 1000 107 Ch.
1024 75 1118 117 209.)
1471 79 1522 115 73

91 202 233 238 senatu
272 202 311 237 et
349 198 456 249 apud
494 200 686 250 populum
725 204 834 239 aotae.
897 200 1123 238 Duodecim
1154 200 1322 238 aliarum
1354 201 1601 239 colonia-10

90 285 190 318 rum,
238 284 326 321 quae
367 271 688 309 detrectaverunt
725 272 948 321 imperium,
994 272 1236 309 mentionem
1273 273 1361 310 fieri
1391 277 1524 322 patres

91 346 316 391 vetuerunt,
348 356 478 392 neque
510 343 600 380 illos
634 343 782 381 dimitti
813 357 941 393 neque
972 344 1140 381 retineri
1172 357 1300 393 neque
1331 346 1525 394 appellari

89 428 114 452 a
144 414 386 452 consulibus.
444 415 505 452 Ea
534 415 658 453 tacita
689 415 901 464 castigatio
934 416 1104 453 maxime
1135 428 1184 453 ex
1217 415 1416 464 dignitate
1456 431 1523 466 po-

89 486 178 536 puli
204 486 381 524 Romani
410 486 494 523 visa
526 490 593 524 est.

206 557 350 595 Cetera
380 559 697 608 expedientibus,
742 571 830 608 quae
862 558 913 596 ad
943 558 1094 595 bellum
1130 571 1229 608 opus
1268 562 1392 606 erant,
1438 573 1528 597 oon-
1552 562 1595 596 11

90 629 256 675 sulibus,
301 642 441 666 aurum
479 630 788 676 vicesima-ium,
834 630 939 679 quod
979 631 1019 667 in
1060 631 1257 667 sanctiore
1297 631 1437 669 aerario
1477 632 1527 668 ad

90 700 255 738 ultimos
298 713 409 738 casus
441 703 687 749 servabatur,
719 702 850 752 promi
882 702 1045 751 placuit.
1108 702 1302 751 Prompta
1334 703 1383 739 ad
1415 707 1528 752 quat·
1552 704 1599 740 12

89 776 181 810 tuor
211 772 339 810 millia
368 773 501 822 pondo
534 775 631 811 auri.
692 774 792 811 Inde
834 774 1034 823 quingena
1065 774 1198 823 pondo
1230 773 1324 811 data
1354 776 1526 813 consuli-

91 844 164 881 bus
204 848 244 881 et
273 844 328 881 M.
360 845 555 882 Marcello
595 849 633 883 et
665 846 710 885 P.
744 845 924 896 Sulpicio
963 846 1269 895 proconsulibus
1301 849 1339 883 et
1368 846 1413 884 L.
1448 846 1525 884 Ve-

91 916 197 953 turio
223 916 399 965 praetori,
427 918 495 966 qui
514 917 689 955 Galliam
706 918 956 968 provinciam
974 921 1059 954 erat
1076 918 1251 963 sortitus,
1271 917 1531 969 additumque
1553 920 1602 956 13

90 987 219 1025 Fabio
251 989 405 1026 consuli
435 993 595 1026 centum
625 990 757 1040 pondo
789 990 877 1027 auri
909 990 1166 1039 praecipuum,
1200 989 1306 1038 quod
1331 989 1371 1026 in
1397 1004 1527 1028 arcem

92 1058 353 1097 Tarentinam
393 1065 643 1111 portaretur3
687 1066 816 1100 cetero
858 1062 919 1099 usi
957 1064 1049 1099 sunt
1079 1061 1130 1099 ad
1160 1061 1398 1099 vestimenta
1427 1075 1526 1111 prae-

91 1132 194 1169 senti
224 1132 394 1181 pecunia
425 1133 593 1171 locanda
625 1135 828 1181 exercitui,
874 1134 943 1183 qui
982 1133 1024 1170 in
1055 1133 1258 1183 Hispania
1288 1134 1438 1170 bellum
1469 1148 1526 1171 se-

88 1202 221 1240 cunda
251 1217 322 1241 sua
352 1205 457 1242 fama
489 1205 682 1254 ducisque
713 1206 890 1254 gerebat.

205 1275 402 1325 Prodigia
442 1290 612 1327 quoque,
657 1278 892 1327 priusquam
931 1277 980 1314 ab
1018 1277 1118 1314 urbe
1158 1276 1339 1314 consules
1370 1276 1526 1326 profici·
1615 1275 1659 1322 11

90 1351 308 1394 scerentur‚
355 1349 563 1397 procurari
608 1350 774 1399 placuit.
846 1349 895 1386 In
942 1348 1105 1386 Albano
1150 1351 1283 1385 monte
1327 1352 1435 1385 tacta
1481 1348 1572 1386 de?

88 1419 185 1456 caelo
217 1423 332 1456 erant
362 1420 520 1469 signum
544 1421 652 1458 Iovis
679 1421 877 1470 arborque
901 1421 1050 1470 templo
1076 1421 1315 1470 propinqua,
1347 1424 1385 1457 et
1404 1419 1528 1457 Ostiae

88 1491 210 1541 lacus,
245 1495 285 1529 et
309 1491 457 1542 Capuae
483 1505 616 1530 murus
641 1492 910 1542 Fortunaeque
942 1492 1057 1539 aedes,
1091 1496 1130 1529 et
1160 1491 1359 1530 Sinuessae
1392 1506 1528 1530 murus

89 1566 297 1612 portaque.
371 1564 470 1600 Haec
523 1564 571 1601 de
626 1565 721 1601 caelo
774 1568 902 1611 tacta3
949 1568 1153 1602 cruentam
1200 1565 1319 1601 etiam
1365 1565 1529 1602 fluxisse
1548 1568 1569 1603 3

91 1647 234 1684 aquam
266 1635 469 1672 Albanam
512 1636 676 1685 quidam
718 1640 900 1674 auctores
940 1640 1061 1682 erant,
1109 1639 1149 1673 et
1178 1636 1317 1672 Romae
1349 1636 1456 1673 intus
1487 1637 1527 1673 in

90 1707 193 1743 cella
223 1706 319 1744 aedis
350 1707 485 1745 Fortis
503 1708 693 1745 Fortunae
726 1708 773 1744 de
806 1708 936 1757 capite
968 1708 1136 1756 signum,
1170 1707 1278 1757 quod
1310 1707 1350 1744 in
1382 1721 1529 1744 corona

89 1782 185 1825 erat,
230 1779 268 1816 in
311 1792 470 1817 manum
510 1784 651 1829 sponte
695 1794 765 1817 sua
807 1780 1048 1829 prolapsum.
1109 1779 1163 1817 Et
1200 1779 1389 1816 Priverni
1430 1779 1569 1817 satis4

88 1851 299 1888 constabat
342 1852 482 1889 bovem
528 1853 704 1889 locutum
749 1852 1050 1901 vulturiumque
1096 1851 1299 1901 frequenti
1345 1851 1430 1888 foro
1485 1852 1527 1888 in

89 1922 298 1960 tabernam
330 1923 546 1970 devolasse,
580 1927 617 1960 et
643 1923 842 1961 Sinuessae
866 1927 1003 1961 natum
1027 1924 1214 1972 ambiguo
1246 1924 1350 1960 inter
1380 1937 1527 1961 marem

89 2007 135 2032 ac
166 1994 351 2032 feminam
383 2009 481 2033 sexu
513 1996 719 2045 infantem,
761 2010 859 2045 quos
891 1996 1146 2044 androgynos
1176 1995 1333 2043 vulgus,
1369 1998 1415 2032 ut
1444 1996 1527 2045 ple·
1549 1998 1570 2031 5

88 2079 225 2116 raque,
257 2067 438 2104 faciliore
465 2068 515 2104 ad
542 2068 785 2117 duplicanda
808 2068 931 2105 verba
956 2067 1098 2105 Graeco
1122 2080 1313 2112 sermone,
1337 2067 1526 2116 appellat,

89 2141 128 2175 et
178 2139 282 2176 lacte
327 2139 503 2189 pluvisse
550 2144 588 2176 et
634 2154 720 2177 cum
761 2140 962 2189 elephanti
1003 2139 1134 2188 capite
1171 2152 1337 2188 puerum
1377 2142 1525 2176 natum.

89 2209 150 2248 Ea
179 2211 366 2260 prodigia
397 2211 535 2248 hostiis
568 2212 783 2249 maioribus
814 2215 1041 2261 procurata,
1081 2214 1120 2248 et
1150 2210 1390 2260 supplicatio
1423 2211 1528 2248 circa
1547 2214 1568 2247 6

90 2283 223 2320 omnia
253 2283 481 2332 pulvinaria
513 2286 552 2320 et
582 2284 804 2320 obsecratio
836 2284 876 2320 in
907 2296 1028 2320 unum
1061 2283 1163 2320 diem
1197 2282 1365 2328 indicta;
1397 2286 1437 2319 et
1460 2283 1522 2319 de-

89 2357 252 2401 cretum,
285 2358 330 2391 ut
362 2354 403 2392 C.
421 2355 623 2393 Hostilius
654 2358 802 2405 praetor
826 2355 941 2392 ludos
964 2354 1164 2404 Apollini,
1196 2354 1299 2392 sicut
1330 2354 1377 2390 iis
1409 2354 1525 2391 annis
1584 2370 1587 2372 ·

87 2426 171 2464 voti
203 2426 378 2476 factique
411 2430 535 2474 erant,
565 2430 730 2465 voveret
759 2427 998 2476 faceretque.

203 2497 284 2535 Per
323 2511 389 2536 eos
431 2499 514 2536 dies
555 2503 593 2536 et
632 2499 865 2536 censoribus
898 2499 1082 2536 creandis
1115 2497 1161 2543 Q.
1193 2497 1360 2535 Fulvius
1393 2498 1528 2534 consul
1550 2499 1570 2533 7

88 2570 249 2607 comitia
280 2570 432 2608 habuit.
493 2571 630 2608 Creati
663 2584 843 2608 censores
875 2572 1002 2618 ambo,
1034 2570 1103 2619 qui
1135 2570 1309 2607 nonduin
1342 2570 1523 2607 consules

88 2641 260 2689 fuerant,
306 2642 362 2682 M.
396 2642 606 2681 Cornelius
646 2642 858 2691 Cethegus,
904 2643 950 2680 P.
983 2641 1246 2691 Sempronius
1287 2641 1524 2680 Tuditanus.
