1789 2955
259 96 344 136 272
698 94 802 124 Liber
829 93 934 125 XXV.
980 92 1034 137 (A.
1056 104 1084 124 u.
1105 104 1134 125 e.
1153 93 1246 137 542.)

256 237 328 261 eos
361 225 567 273 profectus
600 237 750 274 magno
785 238 910 274 opere
943 226 1150 262 monuisse
1183 227 1308 263 duces
1337 227 1493 271 dicitur,
1528 240 1578 264 ne
1604 229 1673 263 ab-

190 294 241 334 12
255 302 371 332 sente
395 307 437 331 se
463 307 552 331 cum
579 296 696 332 hoste
722 308 864 332 manus
890 302 1164 333 consererent.
1213 296 1261 332 Id
1287 297 1408 334 ambo
1435 310 1539 346 aegre
1565 299 1673 346 passi

256 366 395 409 duces,
429 366 558 413 magis
582 365 747 410 Hanno,
776 367 856 402 iam
882 372 976 403 ante
1000 367 1141 403 anxius
1166 367 1295 415 gloria
1320 367 1424 404 eius:
1459 368 1673 406 Muttinem

255 436 330 472 sibi
370 437 537 472 modum
578 435 724 480 facere,
767 437 1014 485 degenerem
1056 437 1195 472 Afrum
1234 437 1466 486 imperatori
1507 437 1674 474 Cartba-

189 505 441 555 13giniensi,
475 507 599 543 misso
624 508 675 543 ab
701 513 843 543 senatu
869 505 1123 556 populoque!
1157 507 1195 544 Is
1221 508 1393 556 perpulit
1417 514 1676 545 cunctantem

256 576 482 625 Epicyden,
524 582 566 613 ut
609 578 847 626 transgressi
881 579 1029 614 flumen
1061 578 1102 613 in
1135 578 1264 614 aciem
1298 578 1469 614 exirent:
1516 591 1610 614 nam
1643 579 1676 615 si

256 646 468 683 Muttinem
503 648 782 696 opperirentur
814 655 853 684 et
887 649 1068 685 secunda
1101 660 1247 696 pugnae
1273 647 1435 685 fortuna
1461 649 1674 694 evenisset,

145 713 192 757 41
255 718 364 753 haud
390 718 512 753 dubie
538 717 720 755 Muttinis
743 719 914 767 gloriam
941 718 1039 754 fore.
1089 718 1307 755 Enimvero
1333 719 1545 767 indignum
1568 706 1676 756 ratus

255 787 483 832 Marcellus,
518 800 574 833 se,
616 789 682 837 qui
717 789 990 826 Hannibalem
1023 789 1236 825 subnixum
1269 790 1434 826 victoria
1468 788 1676 826 Cannensi

255 859 306 894 ab
331 857 437 894 Nola
469 859 722 907 reppulisset,
758 860 816 896 his
850 866 953 895 terra
987 860 1166 907 marique
1199 860 1312 897 victis
1345 861 1396 896 ab
1422 872 1465 896 se
1494 860 1676 897 hostibus

256 929 416 972 cedere,
458 942 568 966 arma
607 943 780 978 propere
813 942 959 978 capere
992 930 1136 966 milites
1169 936 1210 966 et
1241 930 1371 967 efferri
1405 931 1521 979 signa
1553 931 1676 967 iubet.

215 999 471 1038 21nstruenti
497 1001 713 1037 exercitum
739 1001 884 1037 decem
909 1001 1044 1037 effusis
1070 1001 1183 1049 equis
1208 1001 1402 1037 advolant
1428 1014 1476 1037 ex
1502 1001 1677 1037 hostium

255 1071 342 1107 acie
360 1070 547 1109 Numidae
571 1072 817 1116 nuntiantes,
844 1072 1062 1120 populares
1080 1083 1189 1115 suos,
1217 1072 1387 1119 primum
1407 1084 1456 1108 ea
1475 1072 1678 1108 seditione

255 1148 403 1185 motos,
438 1155 517 1190 qua
550 1143 718 1178 trecenti
746 1155 794 1178 ex
823 1154 990 1178 numero
1017 1154 1091 1178 suo
1117 1142 1397 1178 concesserint
1422 1142 1676 1186 Heracleam,

215 1210 241 1250 3
257 1213 354 1248 dein
379 1214 492 1260 quod
515 1212 749 1261 praefectum
774 1225 889 1249 suum
916 1214 966 1248 ab
995 1213 1316 1249 obtrectantibus
1342 1213 1512 1249 ducibus
1540 1212 1678 1261 gloriae

256 1284 341 1319 eius
367 1284 440 1319 sub
464 1284 595 1332 ipsam
619 1284 849 1320 certaminis
876 1283 983 1319 diem
1010 1283 1242 1331 ablegatum
1268 1284 1445 1327 videant,
1471 1283 1678 1331 quieturos

214 1351 296 1391 4in
328 1366 480 1402 pugna.
544 1354 657 1390 Gens
692 1354 809 1390 fallax
843 1354 1029 1402 promissi
1062 1354 1185 1389 fidem
1217 1354 1411 1402 praestitit.
1474 1353 1614 1401 Itaque
1640 1360 1680 1389 et

259 1425 455 1460 Romanis
489 1425 610 1461 crevit
633 1425 804 1468 animus,
838 1425 980 1460 nuntio
1006 1424 1127 1461 celeri
1153 1437 1224 1473 per
1248 1425 1413 1460 ordines
1438 1424 1576 1467 misso,
1611 1424 1682 1459 de-

219 1492 438 1533 5stitutum
472 1496 522 1530 ab
556 1496 690 1543 equite
715 1495 874 1531 hostem
901 1507 1004 1539 esse,
1039 1507 1159 1543 quem
1183 1495 1356 1531 maxime
1380 1495 1607 1538 timuerant,
1643 1499 1683 1530 et

260 1565 381 1601 territi
407 1566 558 1608 hostes,
588 1571 855 1614 praeterquam
884 1566 996 1613 quod
1022 1566 1195 1601 maxima
1219 1571 1333 1614 parte
1358 1565 1498 1600 virium
1522 1577 1683 1600 suarum

259 1648 344 1672 non
382 1636 634 1680 iuvabantm,
676 1637 818 1672 timore
860 1637 980 1671 etiam
1020 1636 1198 1680 incusso,
1239 1648 1291 1672 ne
1332 1636 1383 1671 ab
1417 1641 1576 1672 suomet
1607 1635 1683 1683 ipsi

219 1706 394 1754 6equite
434 1711 780 1755 oppugnarentur.
859 1706 1000 1755 Itaque
1033 1707 1143 1743 haud
1176 1707 1313 1755 magni
1347 1706 1577 1743 certaminis
1612 1705 1684 1742 fuit

253 1777 460 1823 proelium;
520 1777 670 1825 primus
729 1777 881 1813 clamor
941 1783 1063 1825 atque
1122 1778 1296 1826 impetus
1350 1789 1434 1812 rem
1490 1776 1681 1813 decrevit.

259 1847 446 1884 Numidae
479 1860 601 1896 quum
633 1848 674 1883 in
708 1859 907 1885 concursu
941 1848 1064 1896 quieti
1098 1849 1303 1885 stetissent
1335 1848 1375 1884 in
1403 1847 1607 1891 cornibus,
1642 1853 1684 1883 ut

260 1924 372 1967 terga
406 1919 552 1954 dantes
585 1930 680 1954 suos
713 1919 912 1963 viderunt,
948 1919 1052 1967 fugae
1085 1924 1240 1955 tantum
1273 1930 1488 1967 parumper
1513 1918 1682 1954 comites

220 1987 242 2026 7
261 1988 368 2033 facti,
402 1994 620 2037 postquam
654 2001 797 2025 omnes
822 1989 1086 2037 Agrigentum
1119 1989 1279 2037 trepido
1308 1988 1470 2037 agmine
1496 1994 1682 2037 petentes

260 2059 458 2103 viderunt,
497 2059 573 2108 ipsi
605 2064 714 2095 metu
747 2059 976 2096 obsidionis
1009 2060 1159 2107 passim
1191 2060 1232 2095 in
1266 2060 1446 2096 civitates
1479 2058 1683 2107 proximas

261 2129 420 2178 dilapsi.
490 2129 618 2165 Multa
650 2130 771 2165 millia
805 2130 1014 2166 hominum
1047 2141 1172 2173 caesa;
1223 2136 1342 2178 capta
1374 2141 1447 2165 sex
1481 2129 1609 2165 millia
1645 2135 1684 2164 et

261 2205 356 2236 octo
390 2200 608 2248 elephanti.
675 2199 772 2236 Haec
806 2200 942 2236 ultima
974 2201 1015 2236 in
1049 2200 1181 2237 Sicilia
1206 2200 1385 2237 Marcelli
1418 2212 1556 2248 pugna
1589 2199 1681 2242 fuit;

261 2270 386 2306 victor
417 2270 515 2306 inde
548 2271 767 2319 Syracusas
799 2270 931 2306 rediit.

220 2340 245 2380 8
378 2340 462 2376 Iam
497 2340 621 2377 ferme
654 2341 694 2376 in
728 2341 834 2376 exitu
867 2353 998 2377 annus
1032 2347 1139 2385 erat;
1174 2342 1310 2389 itaque
1343 2346 1508 2377 senatus
1542 2341 1682 2377 Romae

261 2411 451 2454 decrevit,
493 2416 536 2446 ut
574 2411 617 2447 P.
652 2410 864 2447 Cornelius
904 2417 1051 2459 praetor
1090 2411 1241 2447 litteras
1275 2410 1458 2459 Capuam
1497 2411 1552 2446 ad
1585 2422 1683 2447 con-

221 2479 368 2521 9sules
400 2482 586 2526 mitteret,
621 2482 718 2517 dum
745 2481 949 2517 Hannibal
982 2482 1122 2530 procul
1154 2482 1317 2518 abesset
1343 2492 1417 2517 nec
1443 2481 1520 2516 ulla
1544 2481 1683 2529 magni

266 2552 506 2588 discriminis
545 2564 609 2588 res
648 2552 703 2587 ad
744 2550 926 2600 Capuam
965 2557 1182 2599 gereretur,
1226 2552 1325 2587 alter
1367 2563 1519 2595 eorum,
1564 2551 1596 2588 si
1628 2552 1683 2587 ita

199 2620 252 2661 10
266 2622 478 2666 videretur,
505 2623 560 2659 ad
583 2622 840 2671 magistratus
865 2622 1152 2671 subrogandos
1176 2622 1349 2658 Romam
1373 2622 1538 2659 veniret.
1602 2621 1683 2658 Lit—
