1789 2955
492 95 596 126 Liber
622 95 745 126 xxiv.
798 93 854 136 (A.
873 95 935 126 eh.
954 94 1166 137 214-213.)
1444 97 1529 137 215

117 228 293 272 ficerent,
334 239 442 264 mors
480 227 683 275 prohibuit
714 227 756 263 P.
790 226 914 271 Furii;
956 226 1012 263 M.
1045 228 1186 263 Atilius
1218 227 1452 275 magistratu
1486 239 1528 263 se

114 298 330 335 abdicavit.

235 367 411 404 Comitia
434 368 660 404 consularia
685 367 822 404 habita
846 368 897 403 ab
924 368 974 413 Q.
994 368 1120 405 Fabio
1144 368 1323 404 Maximo
1348 369 1528 404 consule.
1544 364 1570 405 5

115 438 250 475 Creati
279 439 467 474 consules
494 438 616 474 ambo
642 438 846 482 absentes,
873 438 923 483 Q.
943 438 1091 475 Fabius
1115 438 1328 482 Maximus,
1353 439 1529 475 consulis

115 509 229 554 filius,
255 514 295 544 et
312 508 375 544 Ti.
395 508 657 557 Sempronius
675 508 883 545 Gracchus
900 509 1055 545 iterum.
1104 510 1300 546 Praetores
1316 508 1414 544 fiunt
1431 509 1528 552 duo,
1544 505 1569 545 6

115 579 182 628 qui
206 584 289 615 tum
313 579 450 615 aediles
476 579 630 615 curules
656 583 782 623 erant,
808 579 850 615 P.
870 579 1131 627 Sempronius
1150 579 1377 615 Tuditanus
1396 584 1435 615 et
1453 577 1528 614 Cn.

114 650 272 685 Fulvius
306 648 568 689 Centumalus
606 654 646 685 et
675 647 740 686 M.
774 649 925 685 Atilius
962 654 999 685 et
1028 650 1084 686 M.
1118 649 1303 686 AEmilius
1335 649 1527 698 Lepidus.

113 719 254 756 Ludos
287 719 473 757 scenicos
506 731 577 767 per
610 720 865 767 quatriduum
899 731 948 756 eo
982 732 1092 756 anno
1126 720 1294 767 primum
1325 719 1455 756 factos
1478 716 1567 756 ab?

114 790 313 828 curulibus
347 790 529 826 aedilibus
562 790 766 826 memoriae
789 790 984 838 proditur.
1047 789 1192 826 AEdilis
1215 790 1444 826 Tuditanus
1467 789 1529 826 hic
1545 786 1569 827 8

114 866 211 905 erat,
245 861 311 909 qui
343 861 397 896 ad
421 859 598 904 Cannas,
632 873 782 908 pavore
815 860 901 897 aliis
923 861 964 896 in
987 865 1098 897 tanta
1122 861 1239 897 clade
1262 860 1526 909 torpentibus,

113 943 185 980 per
217 930 377 967 medios
410 931 548 967 hostes
581 931 705 967 duxit.

235 1000 418 1037 Comitiis
451 1000 653 1050 perfectis,
688 1007 852 1039 auctore
887 1002 937 1048 Q.
966 1002 1094 1039 Fabio
1127 1002 1294 1039 consule
1327 998 1569 1050 designati9

1543 1066 1577 1091 A.
1596 1074 1623 1090 u.
1640 1074 1664 1091 c.
1681 1066 1741 1092 541.

113 1072 300 1108 consules
322 1071 497 1107 Romam
509 1071 693 1108 accersiti
706 1072 982 1120 magistratum
994 1072 1180 1116 inierunt,
1200 1078 1465 1119 senatumque
1479 1073 1531 1107 de
1543 1101 1577 1126 Α.
1604 1100 1655 1126 Ch.
1682 1103 1742 1127 213·

113 1142 219 1178 bello
243 1153 291 1178 ac
315 1141 529 1191 provinciis
554 1142 634 1178 suis
662 1148 958 1190 praetorumque
977 1148 1016 1178 et
1033 1144 1086 1178 de
1105 1142 1356 1186 exercitibus,
1386 1142 1529 1190 quibus

113 1212 261 1260 quique
283 1218 516 1261 praeessent,
550 1213 850 1257 consuluerunt,
873 1213 1010 1261 itaque
1031 1213 1248 1261 provinciae
1271 1218 1393 1260 atque
1415 1225 1525 1248 exer·
1587 1207 1657 1251 44

113 1283 212 1320 citus
253 1282 386 1319 divisi:
432 1282 586 1318 Bellum
626 1295 715 1320 cum
748 1283 979 1320 Hannibale
1019 1283 1252 1320 consulibus
1291 1284 1528 1319 mandatum

113 1358 153 1389 et
184 1352 427 1389 exercituum
460 1366 576 1397 unus,
611 1366 730 1402 quem
762 1354 848 1402 ipse
881 1354 1142 1402 Sempronius
1175 1354 1382 1397 habuerat,
1416 1354 1527 1397 alter,

113 1436 231 1472 quem
254 1423 400 1459 Fabius
433 1425 594 1468 consul;
628 1436 686 1460 eae
719 1425 823 1461 binae
857 1429 971 1460 erant
1002 1424 1199 1472 legiones.
1264 1424 1320 1460 M.
1344 1422 1570 1461 AEmilius2

112 1499 270 1543 praetor,
301 1494 412 1530 cuius
436 1494 649 1542 peregrina
675 1506 761 1531 sors
786 1501 884 1539 erat,
914 1494 1191 1531 iurisdictione
1216 1494 1271 1530 M.
1298 1494 1418 1531 Atilio
1447 1495 1530 1531 col-

113 1565 226 1613 legae,
251 1564 410 1613 praetori
435 1565 605 1608 urbano,
634 1565 842 1609 mandata,
866 1564 1079 1601 Luceriam
1096 1565 1344 1613 provinciam
1362 1565 1529 1601 haberet

113 1634 377 1683 legionesque
417 1634 532 1678 duas,
578 1634 720 1682 quibus
754 1635 804 1680 Q.
838 1635 999 1678 Fabius,
1040 1635 1107 1682 qui
1140 1640 1222 1670 tum
1255 1636 1397 1671 consul
1430 1642 1527 1680 erat,

112 1712 260 1754 praetor
291 1704 516 1753 praefuerat.
585 1705 628 1741 P.
663 1705 904 1753 Sempronio
938 1704 1146 1753 provincia
1177 1702 1411 1750 Ariminum,
1453 1702 1570 1742 Cn.3

113 1775 251 1811 Fulvio
277 1775 466 1811 Suessula
494 1787 587 1811 cum
615 1775 718 1812 binis
741 1775 837 1812 item
862 1775 1089 1823 legionibus
1115 1781 1346 1820 evenerunt,
1376 1781 1418 1812 ut
1440 1777 1529 1812 Ful-

112 1846 196 1883 vius
236 1847 410 1882 urbanas
449 1845 632 1893 legiones
671 1846 850 1889 duceret,
892 1845 1121 1881 Tuditanus
1154 1857 1178 1880 a
1210 1845 1265 1882 M.
1300 1846 1528 1895 Pomponio

113 1916 327 1965 acciperet.
390 1916 614 1964 Prorogata
646 1916 813 1964 imperia
845 1915 1155 1964 provinciaeque,
1191 1915 1246 1952 M.
1271 1915 1443 1953 Claudio
1471 1912 1571 1953 Si-4

113 1987 202 2024 cilia
229 1987 373 2023 finibus
398 1986 468 2031 eis,
496 1987 639 2034 quibus
665 1999 834 2035 regnum
853 1985 1043 2022 Hieronis
1068 1985 1219 2030 fuisset,
1246 1984 1419 2022 Lentulo
1437 1999 1530 2035 pro—

113 2058 272 2106 praetori
310 2057 518 2105 provincia
557 2062 682 2101 vetus,
723 2057 772 2094 T.
806 2056 979 2094 Otacilio
1021 2055 1159 2093 classis
1191 2053 1402 2106 (exercitus
1434 2058 1530 2093 nulli

113 2127 242 2164 additi
274 2124 401 2177 novi);
434 2127 490 2164 M.
515 2127 678 2163 Valerio
702 2126 860 2164 Graecia
882 2126 1210 2174 Macedoniaque
1244 2138 1333 2163 cum
1366 2123 1569 2175 legione5

113 2203 154 2234 et
176 2198 318 2242 classe,
347 2209 468 2245 quam
493 2197 679 2241 haberet;
710 2197 761 2243 Q.
786 2197 923 2234 Mucio
950 2209 1039 2234 cum
1066 2201 1199 2232 vetere
1224 2197 1399 2233 exercitu
1424 2196 1530 2247 (duae

114 2273 248 2304 autem
272 2267 454 2316 legiones
479 2264 607 2317 erant)
626 2267 832 2312 Sardinia;
859 2267 904 2304 C.
924 2267 1117 2304 Terentio
1141 2279 1224 2302 cum
1251 2267 1411 2314 legione
1435 2279 1529 2310 una,

114 2337 176 2375 cui
214 2339 294 2374 iam
334 2342 515 2387 praeerat,
557 2338 761 2374 Picenum.
836 2338 961 2374 Scribi
1000 2341 1195 2385 praeterea
1238 2338 1328 2373 duae
1367 2335 1569 2374 urbanaeli

114 2408 297 2456 legiones
328 2408 445 2445 iussae
478 2414 518 2444 et
549 2408 687 2456 viginti
720 2408 841 2444 millia
873 2408 1089 2445 sociorum.
1153 2405 1227 2443 His
1253 2407 1436 2450 ducibus,
1470 2406 1530 2442 his

114 2478 242 2527 copiis
284 2479 476 2515 adversus
519 2479 641 2514 multa
684 2479 798 2516 simul
842 2483 910 2514 aut
947 2482 1059 2514 mota
1100 2482 1169 2513 aut
1207 2481 1395 2524 suspecta
1426 2476 1533 2511 bella

115 2549 367 2585 muniverunt
398 2549 628 2585 Romanum
659 2548 883 2599 imperium.

232 2617 444 2663 Consules,
464 2619 622 2655 duabus
641 2619 803 2655 urbanis
821 2618 1048 2666 legionibus
1061 2617 1218 2665 scriptis
1231 2617 1533 2665 supplemento-
1549 2614 1571 2654 7
