1789 2955
500 79 618 114 Liber
642 78 832 114 XXVIII.
884 79 944 122 (A.
972 77 1038 112 Ch.
1062 76 1157 119 205.)
1456 75 1533 112 173

101 208 163 246 sit.
225 206 571 256 Commemoravit,
604 209 797 256 quantum
829 219 951 243 essem
982 203 1154 256 periculi
1185 202 1389 247 aditurus,
1434 201 1467 237 si
1500 200 1539 236 in
1559 200 1581 235 9

100 280 281 317 Africam
309 279 547 326 traiicerem,
578 282 622 315 ut
651 292 777 316 meam
802 291 974 328 quoque,
1004 291 1082 314 non
1115 276 1242 313 solum
1273 274 1332 310 rei
1362 271 1536 322 publicae

101 355 140 389 et
171 351 369 388 exercitus
399 351 530 389 vicem
561 351 765 388 videretur
812 350 1018 388 sollicitus„
1081 348 1199 386 Unde
1244 346 1328 382 haec
1373 347 1539 393 repente
1561 344 1612 380 10

101 436 197 461 cura
227 423 274 460 de
305 436 368 460 me
400 422 566 460 exorta?
612 423 743 470 Quum
776 426 888 471 pater
919 425 1165 471 patruusque
1184 431 1291 455 meus
1324 416 1538 461 interfecti,

102 508 222 544 quum
255 494 332 532 duo
364 495 560 532 exercitus
578 509 714 532 eorum
730 508 856 544 prope
874 494 1078 532 occidione
1097 492 1218 530 occisi
1242 492 1383 535 essent,
1415 500 1537 537 quum

101 567 255 604 amissae
285 566 508 616 Hispaniae,
541 580 662 617 quum
695 570 886 616 quattuor
932 566 1130 603 exercitus
1162 563 1379 600 Poenorum
1425 563 1538 609 quat-

100 644 269 688 tuorque
301 639 420 676 duces
453 639 585 676 omnia
616 643 723 676 metu
754 639 954 688 armisque
976 639 1171 683 tenerent,
1203 648 1323 685 quum
1351 633 1542 682 quaesitus
1564 632 1609 668 11

103 711 152 748 ad
182 711 224 748 id
255 710 406 748 bellum
437 710 655 760 imperator
686 725 799 748 nemo
826 724 868 748 se
893 710 1121 748 ostenderet
1145 711 1290 757 praeter
1321 719 1394 751 me,
1426 717 1540 741 nemo

104 782 286 834 profiteri
302 795 445 820 nomen
461 796 579 820 ausus
597 787 710 829 esset,
729 797 850 832 quum
874 782 970 819 mihi
988 784 1176 831 quattuor
1195 783 1232 816 et
1249 777 1399 827 viginti
1417 789 1540 814 annos

104 858 197 893 nato
245 855 454 892 detulisset
500 855 710 905 imperium
756 855 929 904 populus
968 854 1192 898 Romanus,
1241 850 1337 900 quid
1369 850 1425 886 ita
1455 852 1540 885 tum
1561 849 1610 884 12

107 941 220 965 nemo
254 930 409 964 aetatem
441 940 581 973 meam,
613 928 696 964 vim
728 927 914 973 hostium,
947 925 1226 963 difficultatem
1259 922 1369 967 belli,
1414 920 1542 970 patris

105 999 318 1050 patruique
364 1002 566 1036 recentem
614 999 764 1036 cladem
807 996 1168 1036 commemorabat?
1229 994 1377 1032 Utrum
1418 991 1543 1028 maior

106 1071 241 1121 aliqua
272 1084 376 1108 nunc
408 1071 451 1107 in
482 1070 624 1108 Africa
656 1071 861 1107 calamitas
906 1073 1070 1119 accepta
1102 1071 1181 1114 est,
1227 1080 1345 1116 quain
1375 1068 1471 1101 tunc
1504 1063 1543 1099 in

105 1143 306 1194 Hispania
336 1142 449 1180 erat?
490 1157 539 1180 an
572 1143 742 1180 maiores
771 1156 876 1180 nunc
908 1145 1000 1179 sunt
1031 1140 1229 1177 exercitus
1262 1139 1303 1175 in
1335 1136 1478 1175 Africa
1502 1138 1541 1171 et
1560 1135 1609 1172 13

107 1215 228 1253 duces
258 1216 393 1265 plures
424 1215 708 1265 melioresque,
758 1228 875 1264 quam
906 1217 1002 1251 tunc
1050 1214 1089 1250 in
1121 1211 1321 1262 Hispania
1352 1206 1544 1246 fuerunt?

107 1301 157 1326 an
189 1291 283 1325 aet-as
315 1301 400 1325 mea
430 1292 524 1325 tunc
558 1288 752 1324 maturior
797 1287 902 1324 bello
934 1285 1111 1335 gerendo
1151 1285 1238 1330 fuit,
1277 1296 1395 1332 quam
1441 1292 1545 1317 nunc

107 1359 195 1397 est?
228 1374 278 1397 an
309 1373 397 1397 cum
417 1359 745 1409 Carthaginiensi
776 1359 888 1396 hoste
915 1358 957 1394 in
976 1358 1176 1407 Hispania
1201 1370 1319 1406 quain
1347 1354 1387 1390 in
1405 1352 1548 1389 Africa
1569 1350 1620 1387 14

109 1432 256 1469 bellum
288 1432 375 1481 geri
406 1431 540 1481 aptius
573 1431 661 1468 est‘?
728 1431 867 1468 Facile
914 1435 975 1467 est
1019 1434 1111 1480 post
1157 1430 1265 1465 fusos
1312 1427 1550 1475 fugatosque

109 1507 299 1554 quattuor
316 1503 515 1541 exercitus
533 1503 723 1550 Punicos,
755 1508 846 1553 post
878 1507 940 1540 tot
970 1503 1088 1540 urbes
1120 1502 1160 1539 vi
1184 1504 1320 1550 captas
1347 1500 1417 1535 aut
1440 1499 1548 1534 metu

109 1577 294 1614 subactas
326 1576 367 1613 in
400 1576 608 1623 dicionem,
639 1579 730 1626 post
759 1575 985 1625 perdomita
1017 1575 1149 1612 onmia
1185 1585 1309 1622 usque
1342 1571 1392 1608 ad
1425 1568 1550 1606 Ocea·
1572 1566 1622 1603 15

110 1663 226 1698 num,
258 1652 320 1686 tot
348 1649 533 1698 regulos,
580 1651 641 1685 tot
686 1661 809 1685 saevas
855 1652 1012 1696 gentes,
1057 1650 1149 1696 post
1193 1648 1392 1693 receptam
1422 1646 1549 1679 totam

111 1721 354 1771 Hispaniam
384 1721 452 1768 ita,
483 1723 528 1757 ut
543 1721 757 1769 vestigium
780 1720 880 1757 belli
897 1721 1050 1757 nullum
1078 1719 1278 1767 reliquum
1295 1716 1360 1763 sit,
1394 1715 1549 1751 elevare

112 1807 219 1831 meas
250 1806 315 1831 res
346 1797 499 1842 gestas,
546 1796 628 1830 tam
672 1793 854 1838 hercule,
902 1805 1041 1842 quam,
1086 1791 1120 1827 si
1161 1791 1290 1827 victor
1328 1801 1375 1825 ex
1408 1783 1620 1824 Africalss

111 1866 313 1912 redierim,
343 1878 390 1902 ea
420 1865 507 1915 ipsa
538 1865 706 1911 elevare,
738 1878 825 1914 quae
857 1878 962 1901 nunc
993 1862 1196 1900 retinendi
1239 1861 1315 1898 mei
1347 1872 1477 1904 causa,
1507 1860 1553 1894 ut

114 1937 321 1975 terribilia
352 1937 487 1974 eadem
519 1936 745 1983 videantur,
778 1937 911 1974 verbis
939 1936 1201 1973 extolluntur.
1248 1933 1381 1980 Negat
1402 1930 1556 1967 aditum
1577 1928 1626 1964 17

114 2023 196 2047 esse
226 2010 268 2047 in
298 2009 495 2056 Africam,
524 2012 646 2057 negat
675 2010 777 2046 ullos
807 2012 943 2058 patere
974 2011 1125 2057 portus.
1171 2006 1227 2044 M.
1260 2004 1433 2043 Atilium
1465 2015 1554 2052 cap·

114 2087 198 2120 tum
230 2083 270 2119 in
288 2082 434 2119 Africa
465 2085 756 2127 commemorat,
787 2085 977 2130 tanquam
994 2079 1050 2116 M.
1068 2078 1222 2116 Atilius
1248 2078 1376 2128 primo
1394 2087 1554 2113 accessu

117 2155 167 2192 ad
198 2154 382 2193 Africam
414 2153 634 2201 offenderit,
667 2167 795 2202 neque
822 2152 1066 2198 recordatur,
1098 2151 1160 2188 illi
1191 2150 1269 2200 ipsi
1292 2153 1371 2186 tam
1401 2146 1554 2184 infelici

120 2226 352 2277 imperatori
396 2225 572 2275 patuisse
617 2229 750 2262 tamen
795 2229 934 2275 portus
980 2224 1152 2269 Africae,
1199 2227 1238 2259 et
1282 2235 1346 2259 res
1392 2219 1553 2268 egregie

118 2299 248 2349 primo
281 2312 384 2336 anno
416 2299 586 2347 gessisse
619 2302 675 2341 et,
709 2301 902 2347 quantum
949 2297 999 2334 ad
1032 2295 1385 2344 Carthaginienses
1433 2292 1553 2328 duces

120 2371 285 2417 attinet,
332 2370 525 2408 invictum
558 2370 607 2407 ad
638 2370 824 2407 ultimum
860 2368 1136 2418 permansisse.
1200 2366 1311 2405 Nihil
1343 2365 1468 2413 igitur
1500 2361 1632 2399 111018

121 2444 196 2481 isto
228 2443 408 2492 exemplo
438 2443 642 2480 terrueris.
703 2441 744 2479 Si
777 2442 850 2479 hoc
882 2441 1010 2487 bello,
1055 2454 1133 2477 11011
1174 2439 1330 2489 priore,
1363 2436 1397 2473 si
1429 2447 1557 2484 nuper

121 2518 161 2553 et
189 2528 269 2552 non
300 2515 413 2552 annis
444 2517 536 2552 ante
568 2513 839 2564 quadraginta
872 2513 948 2550 ista
981 2513 1114 2549 clades
1146 2513 1308 2559 accepta
1340 2509 1454 2552 foret,
1488 2506 1558 2555 qui

122 2600 195 2637 ego
227 2587 356 2624 minus
386 2587 426 2623 in
458 2586 641 2624 Africam
658 2586 816 2634 Regulo
849 2589 965 2634 capto
999 2598 1115 2634 quam
1134 2581 1390 2632 Scipionibus
1415 2579 1560 2616 occisis

125 2660 166 2696 in
197 2659 437 2709 Hispaniam
470 2658 722 2696 traiicerem‘?
768 2657 849 2695 Nec
882 2657 1036 2693 felicius
1068 2654 1348 2704 Xanthippum
1375 2651 1562 2689 Lacedae·
1585 2651 1632 2688 19
