1789 2955
252 80 329 118 166
624 75 740 111 Liber
764 74 957 111 xxvm.
1006 77 1066 122 (A.
1092 89 1128 111 u.
1155 88 1184 112 ο.
1212 78 1306 122 549.)

247 203 506 251 venundatos,
539 204 726 251 dimissis,
760 205 830 254 qui
875 205 1166 254 conquirerent,
1199 219 1246 242 ex
1278 206 1469 243 servitute
1496 206 1538 244 in
1570 207 1690 245 liber-

208 277 230 313 6
249 279 372 314 tatem
403 276 681 314 restituerunt.
735 275 866 323 Quum
899 277 977 314 iam
1009 290 1136 326 prope
1167 279 1283 324 esset,
1313 281 1359 314 ut
1389 278 1608 328 optabilem
1641 292 1689 316 ex

254 348 481 385 miserrima
525 348 726 385 fortunam
757 348 1005 395 haberemus,
1038 348 1085 386 P.
1129 352 1168 385 et
1199 348 1268 386 Cn.
1302 348 1492 397 Cornelii,
1522 351 1691 400 impera-

251 423 358 457 tores
389 420 526 466 vestri,
565 420 785 457 luctuosius
826 419 942 457 nobis
988 433 1114 469 prope
1159 433 1277 469 quam
1323 422 1437 459 vobis
1476 423 1693 472 perierunt.

211 493 233 527 7
253 491 354 529 Tum
386 505 481 529 vero
513 492 563 529 ad
594 492 668 529 hoc
699 492 863 529 retracti
895 505 942 529 ex
973 491 1220 530 distantibus
1248 492 1349 530 locis
1375 493 1415 530 in
1439 494 1572 531 sedem
1589 496 1690 532 anti-

252 576 371 613 quam
402 563 662 610 videbamur,
702 567 748 600 ut
777 563 923 601 iterum
954 564 1174 614 periremus
1221 568 1261 601 et
1291 565 1461 603 alterum
1491 567 1692 604 excidium

209 635 395 686 Spatriae
425 635 671 681 videremus,
708 648 780 672 nec
812 635 863 673 ad
894 636 1112 686 perniciem
1158 641 1335 675 nostram
1368 637 1692 687 Carthaginiensi

257 708 396 756 utique
429 711 498 744 aut
542 706 641 743 duee
687 712 756 744 aut
794 708 974 745 exercitu
1006 721 1106 757 opus
1138 721 1241 755 esse,
1290 708 1340 746 ab
1372 708 1564 747 Turdulis
1608 723 1692 761 nos,

252 779 479 816 veterrimis
511 778 712 824 hostibus,
758 779 828 828 qui
873 779 1021 829 prioris
1053 793 1212 829 quoque
1245 781 1395 818 excidii
1426 795 1543 819 causa
1573 781 1693 820 nobis

213 853 235 888 9
254 852 425 895 fuerant,
458 850 663 898 exstingui
693 863 820 899 posse,
853 864 973 900 quum
1013 865 1061 888 ex
1094 851 1298 902 insperato
1329 857 1495 903 repente
1527 854 1693 892 misistis

253 922 369 959 nobis
403 922 507 959 hunc
538 922 586 960 P.
621 920 876 972 Scipionem,
921 936 1039 972 quern
1071 924 1382 961 fortunatissimi
1413 925 1589 962 omnium
1622 925 1690 964 Sa-

252 994 515 1043 guntinorum
545 994 729 1031 videmur
776 995 870 1044 quia
911 995 1113 1033 consulem
1160 995 1406 1034 declaratum
1437 996 1617 1035 videmus
1648 1011 1693 1034 ac

255 1066 406 1103 vidisse
438 1080 509 1103 nos
542 1065 697 1103 civibus
729 1066 878 1103 nostris
924 1068 1193 1105 renuntiaturi
1232 1082 1378 1116 sumus,
1411 1083 1531 1119 spem,
1564 1083 1690 1119 opem,

179 1139 229 1176 lO
249 1139 417 1176 salutem
460 1141 660 1183 nostram;
708 1138 777 1187 qui
823 1151 944 1187 quum
998 1139 1193 1188 plurimas
1248 1141 1423 1179 hostium
1468 1145 1693 1179 vestrorum

251 1210 422 1260 cepisset
469 1210 511 1246 in
557 1210 757 1260 Hispania
802 1211 939 1256 urbes,
985 1211 1135 1261 ubique
1182 1226 1229 1249 ex
1276 1216 1484 1262 captorum
1529 1226 1694 1250 numero

183 1283 227 1320 ll
252 1285 432 1320 excretos
450 1280 695 1331 Saguntinos
712 1283 752 1319 in
772 1283 946 1331 patriam
963 1283 1138 1330 remisit,
1170 1288 1371 1334 postremo
1389 1285 1692 1333 Turdetaniam,

253 1354 350 1392 adeo
384 1354 567 1391 infestam
598 1355 724 1400 nobis,
771 1358 817 1391 ut
860 1355 931 1392 illa
962 1360 1078 1404 gente
1109 1356 1299 1394 incolumi
1333 1360 1437 1394 stare
1471 1356 1695 1406 Saguntum

251 1439 331 1463 non
347 1430 495 1476 posset,
514 1426 570 1462 ita
587 1426 693 1463 bello
712 1426 871 1473 afflixit,
887 1430 933 1464 ut
949 1441 1029 1465 non
1055 1428 1171 1465 modo
1190 1429 1318 1478 nobis,
1345 1430 1416 1467 sed
1433 1428 1555 1478 (absit
1570 1429 1695 1467 verbo

185 1500 235 1537 1‘2
255 1497 422 1548 invidia)
455 1512 504 1535 ne
536 1499 705 1547 posteris
738 1499 900 1548 quidem
931 1499 1113 1538 timenda
1152 1501 1301 1538 nostris
1333 1505 1448 1539 esset.
1507 1502 1696 1539 Deletam

253 1570 392 1607 urbem
424 1571 622 1608 cernimus
655 1584 804 1618 eorum,
850 1584 1018 1620 quorum
1057 1573 1097 1608 in
1130 1573 1300 1621 gratiam
1333 1572 1558 1622 Saguntum
1590 1573 1695 1611 dele-

254 1645 366 1679 verat
398 1642 627 1689 Hannibal,
658 1643 832 1692 vectigal
864 1657 912 1681 ex
936 1657 1034 1693 agro
1059 1657 1194 1681 eorum
1219 1646 1408 1694 capimus,
1440 1645 1547 1695 quod
1577 1645 1696 1683 nobis

186 1716 333 1752 13non
379 1714 511 1752 fructu
542 1715 757 1752 iucundius
799 1719 860 1753 est
905 1729 1023 1765 quam
1075 1717 1240 1754 ultione.
1301 1716 1363 1754 Ob
1409 1717 1503 1764 haec,
1550 1717 1697 1766 quibus

254 1786 408 1823 maiora
453 1800 524 1823 nec
572 1801 733 1836 sperare
779 1801 851 1824 nec
899 1791 1038 1837 optare
1084 1788 1133 1826 ab
1166 1788 1226 1825 dis
1258 1788 1554 1827 immortalibus
1586 1792 1695 1838 pote-

254 1871 400 1905 ramus,
432 1858 585 1908 gratias
617 1862 749 1896 aetum
779 1873 850 1897 nos
890 1859 1024 1897 decem
1071 1860 1224 1909 legatos
1257 1860 1506 1910 Saguntinus
1538 1864 1696 1899 senatus

184 1931 232 1967 14
253 1931 506 1980 populusque
538 1931 587 1967 ad
619 1945 689 1968 vos
721 1932 847 1978 misit3
881 1932 997 1968 simul
1026 1933 1282 1981 gratulatum,
1316 1933 1425 1982 quod
1452 1933 1508 1970 ita
1538 1946 1601 1970 res
1625 1933 1697 1970 hos

257 2015 380 2040 annos
412 2003 452 2040 in
485 2003 685 2052 Hispania
717 2007 836 2053 atque
868 2003 990 2041 Italia
1036 2005 1228 2053 gessistis,
1259 2006 1318 2042 uti
1349 2005 1587 2055 Hispaniam
1618 2018 1697 2041 non

258 2075 415 2112 Hibero
448 2088 560 2112 amne
592 2079 718 2122 tenus,
750 2076 819 2112 sed
851 2089 929 2125 qua
960 2080 1158 2114 terrarum
1190 2077 1352 2114 ultimas
1383 2076 1473 2113 finit
1504 2075 1698 2123 Oceanus,

258 2146 446 2183 domitam
467 2147 587 2183 armis
606 2147 799 2193 habeatis,
819 2148 963 2195 ltaliae,
987 2149 1062 2185 nisi
1090 2152 1285 2197 quatenus
1311 2149 1459 2186 vallum
1477 2152 1696 2186 castrorum

185 2220 234 2257 15
255 2219 392 2267 cingit,
425 2219 527 2255 nihil
558 2218 807 2268 reliqueritis
839 2220 977 2258 Poeno.
1023 2220 1112 2257 Iovi
1137 2221 1286 2270 optimo
1317 2220 1503 2266 maximo,
1534 2220 1697 2270 praesidi

259 2290 499 2340 Capitolinae
531 2291 645 2339 arcis.
679 2304 758 2328 non
790 2296 923 2340 grates
953 2295 1107 2329 tantum
1127 2292 1175 2329 ob
1200 2291 1283 2329 haec
1302 2306 1421 2341 agere
1435 2291 1533 2329 iussi
1549 2304 1696 2338 sumus,

257 2363 326 2400 sed
359 2362 506 2400 donum
537 2363 612 2400 hoc
644 2362 776 2410 etiam,
808 2363 842 2400 si
872 2377 941 2400 vos
973 2364 1280 2413 permitteretis,
1320 2377 1503 2402 coronam
1535 2377 1695 2401 auream

188 2436 237 2472 1ss
257 2435 297 2471 in
330 2434 575 2484 Capitolium
607 2435 790 2472 victoriae
823 2448 915 2483 ergo
948 2436 1063 2473 ferre.
1120 2435 1169 2472 Id
1208 2436 1268 2473 uti
1299 2435 1555 2485 permittatis,
1589 2448 1692 2484 quae-

259 2520 412 2554 sumus,
457 2507 616 2557 utique,
663 2507 696 2544 si
728 2507 842 2545 vobis
881 2508 936 2545 ita
967 2507 1139 2554 videtur,
1171 2521 1258 2556 quae
1289 2507 1404 2544 nobis
1435 2507 1695 2557 imperatores

259 2579 383 2616 vestri
409 2579 614 2616 commoda
638 2579 881 2626 tribuerunt,
906 2593 951 2616 ea
976 2582 1063 2617 rata
1087 2582 1207 2628 atque
1231 2582 1424 2629 perpetua
1455 2579 1695 2617 auctoritate

195 2650 395 2688 l7vestra
440 2651 633 2689 faciatis.“
699 2650 868 2689 Senatus
913 2651 1058 2700 legatis
1104 2650 1339 2700 Saguntinis
1385 2651 1611 2701 respondit,
1657 2654 1696 2688 et
