1768 2943
248 105 303 146 92
672 103 776 134 Liber
801 102 910 133 XXII.
946 101 1000 144 (A.
1029 113 1059 133 u.
1087 112 1116 133 c.
1143 101 1238 144 538.)

126 231 185 276 37
366 236 441 271 Per
474 235 644 272 eosdem
679 234 767 270 dies
800 235 850 270 ab
875 233 1056 270 Hierone
1089 234 1228 271 classis
1247 232 1362 271 Ostia
1395 246 1485 271 cum
1517 246 1669 283 magno

207 306 232 345 2
248 310 476 341 commeatu
503 305 688 341 accessit.
736 304 880 352 Legati
904 305 945 340 in
970 310 1155 341 senatum
1178 305 1397 342 introducti
1421 305 1668 350 nuntiarunt,

248 375 403 411 caedem
430 374 476 411 C.
497 375 680 411 Flaminii
714 374 891 411 consulis
924 375 1201 423 exercitusque
1235 376 1396 412 allatam
1431 376 1538 411 adeo
1563 387 1670 424 aegre

248 445 384 482 tulisse
419 457 556 493 regem
590 444 828 489 Hieronem,
863 450 904 480 ut
935 446 1043 481 nulla
1076 457 1148 482 sua
1181 447 1344 495 propria
1382 445 1576 495 regnique
1609 446 1669 482 sui

207 514 364 554 3elade
397 516 551 552 moveri
575 515 703 563 magis
728 515 915 563 potuerit.
964 515 1118 564 Itaque,
1145 528 1377 564 quanquam
1402 517 1530 564 probe
1555 516 1668 560 sciat,

248 586 567 634 magnitudinem
601 585 740 633 populi
763 586 938 622 Romani
971 587 1310 623 admirabiliorem
1337 598 1466 636 prope
1489 586 1669 623 adversis

205 655 366 694 4rebus
403 668 522 703 quam
557 656 747 692 secundis
781 668 884 701 esse,
918 662 1054 693 tamen
1082 669 1125 693 se
1149 658 1299 702 omnia,
1334 658 1478 705 quibus
1504 669 1529 693 a
1550 657 1670 694 bonis

248 727 514 774 fidelibusque
548 727 668 762 sociis
693 727 797 763 bella
820 727 943 763 iuvari
967 727 1138 772 soleant,
1163 728 1341 772 misisse;
1376 740 1464 776 quae
1488 740 1541 764 ne
1566 728 1670 764 acci-

206 796 232 836 5
247 809 342 846 pere
366 797 560 840 abnuant,
594 809 744 845 magno
772 809 896 845 opere
923 809 965 833 se
983 803 1118 845 patres
1137 798 1390 846 conscriptos
1409 810 1538 834 orare.
1586 798 1669 834 Iam

248 867 428 904 omnium
460 866 630 915 primum
665 867 810 903 ominis
844 880 967 904 causa
985 867 1207 904 Victoriam
1234 880 1397 904 auream
1425 869 1570 917 pondo
1596 870 1669 904 du-

248 944 408 975 centum
442 949 489 974 ac
522 938 661 986 viginti
694 937 835 974 afferre
868 949 971 974 sese.
1020 938 1264 986 Acciperent
1289 951 1378 974 eam
1404 945 1669 987 tenerentque

206 1008 287 1047 fiet
319 1009 517 1045 haberent
548 1008 753 1056 propriam
786 1013 826 1044 et
857 1014 1108 1057 perpetuam.
1172 1009 1396 1045 Advexisse
1436 1010 1556 1046 etiam
1594 1016 1671 1046 tre-

248 1085 367 1117 centa
399 1079 522 1115 millia
553 1079 735 1115 modium
769 1079 898 1123 tritici,
933 1080 1111 1116 ducenta
1144 1079 1301 1123 hordei,
1335 1092 1387 1116 ne
1420 1086 1671 1117 commeatus

248 1151 453 1195 deessent,
480 1155 520 1185 et
544 1154 738 1197 quantum
756 1155 951 1197 praeterea
970 1161 1072 1198 opus
1088 1155 1210 1194 esset,
1230 1162 1310 1198 quo
1329 1150 1551 1195 iussissent,
1579 1152 1671 1187 sub-

208 1219 445 1258 7vecturos.
510 1219 637 1256 Milite
670 1225 791 1268 atque
825 1220 958 1268 equite
992 1220 1092 1257 scire
1125 1220 1201 1257 nisi
1233 1221 1423 1257 Romano
1456 1221 1670 1269 Latinique

247 1291 424 1328 nominis
451 1291 542 1327 non’
554 1291 609 1326 uti
633 1291 829 1339 populum
846 1292 1096 1335 Romanum;
1130 1291 1274 1327 levium
1299 1304 1500 1328 armorum
1525 1292 1671 1329 auxilia

209 1360 369 1401 Setiam
412 1366 578 1397 externa
617 1362 765 1398 vidisse
806 1362 847 1398 in
887 1363 1027 1399 castris
1059 1362 1270 1399 Romanis.
1332 1362 1473 1410 Itaque
1513 1363 1670 1400 misisse

248 1433 354 1468 mille
388 1432 684 1480 sagittariorum
719 1444 766 1468 ac
799 1432 1061 1477 funditorum,
1103 1438 1239 1481 aptam
1280 1444 1443 1469 manum
1477 1434 1670 1470 adversus

250 1503 428 1539 Baliares
461 1514 509 1539 ac
542 1502 707 1538 Mauros
746 1515 1037 1552 pugnacesque
1077 1504 1175 1540 alias
1214 1503 1351 1540 missili
1391 1504 1472 1540 telo
1511 1509 1668 1552 gentes.

208 1572 232 1613 9
249 1574 313 1610 Ad
346 1586 395 1609 ea
428 1574 541 1609 dona
567 1573 778 1609 consilium
804 1586 966 1622 quoque
992 1575 1216 1618 addebant,
1245 1579 1288 1609 ut
1312 1580 1472 1622 praetor,
1499 1574 1561 1611 cui
1579 1586 1671 1623 pro—

248 1644 379 1680 vincia
412 1644 545 1680 Sicilia
579 1644 792 1689 evenisset,
827 1645 998 1681 classem
1030 1645 1071 1681 in
1105 1645 1279 1681 Africam
1313 1645 1524 1689 traiiceret,
1558 1650 1600 1681 ut
1632 1650 1672 1681 et

249 1715 386 1751 hostes
414 1714 455 1751 in
479 1720 583 1750 terra
608 1727 680 1751 sua
704 1715 851 1751 bellum
876 1715 1084 1759 haberent,
1118 1716 1332 1763 minusque
1357 1715 1574 1752 laxamenti
1600 1716 1671 1751 da-

182 1784 234 1825 10
247 1791 353 1822 retur
385 1786 432 1822 iis
465 1786 521 1821 ad
555 1785 701 1821 auxilia
733 1784 954 1822 Hannibali
988 1786 1290 1822 summittenda.
1346 1786 1408 1822 Ab
1442 1791 1584 1822 senatu
1616 1786 1672 1822 ita

247 1868 488 1905 responsum
513 1856 633 1905 regiis
658 1861 730 1900 est,
765 1856 890 1892 virum
914 1857 1068 1893 bonum
1093 1856 1380 1905 egregiumque
1403 1856 1556 1892 socium
1575 1856 1672 1893 Hie—

248 1939 389 1963 ronem
423 1939 512 1964 esse
546 1933 667 1975 atque
700 1939 782 1963 uno
816 1933 972 1972 tenore,
1014 1939 1062 1963 ex
1095 1939 1176 1975 quo
1208 1927 1249 1963 in
1282 1926 1498 1963 amicitiam
1531 1927 1670 1976 populi

250 1998 422 2034 Romani
446 1998 611 2042 venerit,
646 1997 767 2034 fidem
801 1998 975 2035 coluisse
1001 2010 1048 2034 ac
1073 2003 1155 2034 rem
1181 1999 1410 2034 Romanam
1436 1998 1546 2034 omni
1573 2003 1672 2034 tem-

248 2079 347 2115 pore
379 2080 427 2105 ac
460 2069 552 2105 loco
585 2068 774 2104 munifice
807 2069 1023 2105 adiuvisse.
1086 2068 1133 2104 Id
1174 2068 1358 2117 perinde,
1402 2080 1450 2105 ac
1488 2068 1670 2112 deberet,

181 2137 403 2186 llgratum
437 2139 591 2187 populo
625 2140 814 2175 Romano
848 2151 951 2176 esse.
1015 2140 1165 2175 Aurum
1199 2144 1239 2175 et
1271 2151 1295 2174 a
1328 2138 1552 2175 civitatibus
1585 2138 1673 2186 qui-

247 2209 420 2244 busdam
454 2210 630 2253 allatum,
664 2210 793 2258 gratia
825 2210 881 2246 rei
914 2214 1097 2258 accepta,
1131 2221 1215 2245 non
1245 2208 1453 2257 accepisse
1477 2209 1670 2257 populum

182 2278 232 2318 12
247 2279 498 2323 Romanum;
526 2279 751 2316 Victoriam
770 2292 973 2328 omenque
991 2280 1191 2329 accipere,
1212 2280 1434 2327 sedemque
1452 2279 1488 2314 ei
1507 2289 1550 2314 se
1568 2278 1670 2315 divae

248 2350 346 2386 dare
379 2350 516 2386 dicare
550 2349 810 2398 Capitolium,
850 2351 1043 2399 templum
1077 2350 1182 2386 Iovis
1216 2349 1356 2398 optimi
1388 2349 1563 2385 maximi.
1626 2348 1673 2388 In

248 2432 296 2456 ea
329 2432 421 2457 arce
454 2420 562 2457 urbis
583 2421 783 2457 Romanae
813 2426 1013 2457 sacratam
1038 2421 1241 2457 volentem
1266 2419 1576 2467 propitiamque,
1610 2419 1671 2455 fir-

182 2490 231 2530 13
247 2502 353 2526 mam
386 2502 433 2528 ac
467 2491 651 2527 stabilem
686 2490 772 2527 fore
806 2491 959 2539 populo
986 2491 1189 2527 Romano.
1240 2490 1483 2526 Funditores
1507 2490 1671 2538 sagitta-

246 2561 372 2608 riique
406 2566 446 2597 et
478 2560 721 2598 frumentum
754 2561 944 2597 traditum
969 2561 1217 2598 consulibus.
1268 2560 1592 2608 Quinqueremes
1617 2560 1671 2596 ad

248 2637 395 2667 centum
431 2633 580 2679 viginti
609 2632 768 2668 navium
811 2632 994 2676 classem,
1036 2643 1124 2679 quae
1158 2642 1246 2668 cum
1281 2631 1330 2667 T.
1365 2629 1539 2667 Otacilio
1578 2642 1670 2679 pro—
