1789 2955
1458 97 1529 135 121

590 967 773 1013 Liber
810 965 1040 1012 xxvm.

96 1105 259 1206 Quum
282 1152 457 1189 transitu
481 1151 762 1199 Hasdrubalis,
794 1154 985 1201 quantum
1011 1150 1052 1187 in
1076 1149 1236 1187 Italiam
1262 1150 1535 1188 declinaverat

94 1221 204 1269 belli,
233 1226 389 1260 tantum
421 1223 563 1261 levatae
588 1223 798 1274 Hispaniae
823 1223 1068 1270 viderentur,
1097 1225 1280 1260 renatum
1312 1222 1371 1259 ibi
1403 1222 1534 1259 subito

94 1306 167 1343 par
197 1295 326 1343 priori
363 1295 514 1332 bellum
555 1299 624 1333 est.
678 1295 899 1345 Hispanias
927 1308 973 1332 ea
998 1297 1234 1344 tempestate
1258 1294 1316 1331 sic
1340 1294 1541 1332 habebant
1558 1295 1582 1331 2

93 1364 266 1403 Romani
311 1365 525 1416 Poenique:
572 1366 806 1405 Hasdrubal
849 1366 1041 1415 Gisgonis
1086 1365 1194 1403 filius
1240 1367 1290 1403 ad
1332 1365 1534 1403 Oceanum

94 1437 255 1487 penitus
301 1437 514 1488 Gadesque
563 1442 829 1484 concesserat3
876 1438 1003 1476 nostri
1048 1438 1170 1475 maris
1215 1451 1284 1474 ora
1329 1437 1577 1488 omnisquess

93 1508 216 1546 ferme
240 1509 453 1560 Hispania,
480 1524 559 1560 qua
583 1511 625 1547 in
653 1511 848 1548 orientem
872 1510 1015 1558 vergit,
1043 1508 1244 1559 Scipionis
1276 1523 1320 1547 ac
1343 1510 1533 1547 Romanae

95 1579 266 1619 dicionis
312 1585 408 1620 erat.
477 1582 614 1620 Novus
656 1583 875 1631 imperator
915 1581 1074 1628 Hanno,
1121 1582 1164 1618 in
1203 1582 1333 1618 locum
1371 1581 1582 1619 Barcini4

93 1650 362 1691 Hasdrubalis
400 1667 503 1692 novo
543 1667 631 1691 cum
671 1654 849 1691 exercitu
891 1667 938 1690 ex
970 1651 1115 1690 Africa
1144 1656 1419 1702 transgressus
1450 1653 1533 1690 Ma-

93 1723 270 1774 gonique
303 1725 475 1773 iunctus,
520 1739 641 1775 quum
684 1726 726 1762 in
759 1724 991 1771 Celtiberia,
1038 1737 1125 1774 quae
1157 1724 1288 1762 media
1319 1725 1425 1762 inter
1456 1724 1533 1762 duo

94 1795 220 1833 maria
251 1800 323 1843 est,
354 1797 467 1835 brevi
492 1811 680 1847 magnum
708 1797 910 1834 hominum
937 1808 1144 1832 numerum
1171 1798 1374 1843 armasset,
1397 1795 1534 1846 Scipio
1553 1797 1576 1834 5

93 1866 286 1906 adversus
330 1881 419 1906 eum
458 1869 512 1907 M.
555 1868 734 1906 Silanum
774 1882 861 1906 cum
904 1867 1040 1906 decem
1082 1867 1189 1904 haud
1226 1867 1318 1917 plus
1356 1868 1533 1905 millibus

93 1939 276 1987 militum,
308 1940 511 1990 equitibus
544 1941 774 1991 quingentis
806 1939 927 1978 misit.
986 1938 1147 1976 Silanus
1172 1940 1331 1988 quantis
1354 1940 1535 1977 maximis
1555 1940 1577 1976 6

92 2012 225 2061 potuit
256 2011 470 2050 itineribus
503 2012 793 2062 (impediebant
824 2015 955 2049 autem
987 2015 1026 2048 et
1051 2011 1289 2061 asperitates
1315 2011 1470 2049 viarum
1494 2015 1534 2048 et

92 2083 290 2132 angustiae
320 2083 491 2122 saltibus
516 2083 683 2131 crebris,
707 2087 752 2122 ut
775 2084 969 2134 pleraque
985 2083 1195 2133 Hispaniae
1212 2086 1314 2129 sunt,
1338 2083 1531 2132 inclusae),

91 2158 223 2192 tamen
265 2169 343 2193 non
386 2155 513 2193 solum
554 2156 736 2205 nuntios,
784 2155 855 2193 sed
897 2156 1018 2192 etiam
1055 2156 1199 2193 samam
1241 2154 1433 2192 adventus
1471 2155 1532 2192 sui

91 2239 347 2276 praegressus,
371 2227 539 2264 ducibus
563 2227 741 2264 indidem
766 2240 815 2264 ex
834 2226 1057 2264 Celtiberia
1072 2227 1292 2276 transfugis
1310 2226 1360 2264 ad
1376 2227 1530 2264 hostem

92 2299 285 2347 pervenit.
355 2298 521 2336 Eisdem
562 2299 792 2336 auctoribus
832 2302 1077 2349 compertum
1118 2303 1189 2345 est,
1235 2312 1356 2348 quum
1399 2298 1573 2336 dece1n7

91 2369 253 2407 circiter
284 2370 414 2407 millia
446 2370 495 2407 ab
527 2371 641 2408 hoste
673 2371 868 2417 abessent,
901 2370 996 2408 bina
1022 2374 1151 2408 castra
1173 2371 1278 2408 circa
1304 2371 1422 2417 viam,
1454 2383 1532 2419 qua

92 2441 208 2488 irent,
242 2454 347 2489 esse3
386 2442 487 2480 laeva
519 2441 756 2488 Celtiberos,
794 2455 940 2480 novum
972 2442 1200 2489 exercitum,
1239 2455 1360 2492 supra
1389 2455 1530 2480 novem

92 2513 222 2551 millia
253 2513 470 2562 hominum,
503 2515 646 2552 dextra
676 2514 833 2551 Punica
863 2518 997 2551 tenere
1030 2517 1178 2560 castra3
1211 2527 1256 2550 ea
1279 2513 1574 2559 stationibus,8

91 2585 253 2634 vigiliis,
301 2586 407 2623 omni
439 2586 545 2624 iusta
575 2586 744 2624 militari
775 2586 957 2624 custodia
988 2588 1076 2622 tuta
1106 2589 1144 2622 et
1175 2584 1289 2622 firma
1320 2598 1414 2632 esse,
1461 2584 1530 2622 illa

93 2657 221 2694 altera
253 2657 381 2694 soluta
412 2658 685 2708 neglectaque,
711 2661 755 2695 ut
777 2657 1040 2695 barbarorum
1065 2660 1104 2694 et
1133 2656 1310 2694 tironum
1335 2660 1374 2693 et
1397 2656 1528 2693 minus
