1768 2943
221 114 275 156 86
642 111 747 144 Liber
773 113 882 144 XXII.
915 112 972 154 (A.
1000 123 1029 144 u.
1057 123 1086 144 e.
1113 113 1207 155 537.)

222 245 405 282 conversi
437 245 478 281 in
511 244 670 281 hostem
703 245 990 293 volventesque
1019 246 1159 282 orbem
1181 257 1288 283 nunc
1311 246 1460 283 sensim
1493 246 1639 284 referre

180 312 385 365 sspedem,
418 326 526 352 nunc
559 316 794 364 conglobati
827 321 990 353 restare.
1054 317 1113 353 Ac
1145 316 1225 352 iam
1257 328 1386 365 prope
1419 329 1500 354 una
1532 318 1640 355 acies

222 386 328 424 facta
362 392 447 423 erat
479 385 570 422 victi
602 391 724 434 atque
756 386 900 435 integri
933 386 1159 430 exercitus,
1182 386 1492 435 inferebantque
1525 388 1641 436 signa

220 457 261 494 in
304 457 476 500 hostem,
521 468 642 504 quum
685 457 834 493 Poenus
875 458 1055 506 receptui
1097 457 1262 501 cecinit,
1307 458 1442 506 palam
1487 457 1640 495 ferente

222 527 467 571 Hannibale,
502 528 552 563 ab
586 539 629 563 se
663 526 896 572 Minucium,
931 540 974 564 se
1007 529 1058 564 ab
1092 527 1219 564 Fabio
1253 528 1412 565 victum.

181 594 203 634 7
338 597 399 634 Ita
423 609 494 646 per
513 597 661 633 variam
687 597 889 634 fortunam
914 599 994 635 diei
1022 599 1175 635 maiore
1199 604 1314 648 parte
1339 604 1493 643 exacta,
1519 611 1640 647 quum

181 665 206 706 8
222 669 262 705 in
285 674 416 705 castra
438 668 612 704 reditum
635 674 754 712 esset,
778 668 992 713 Minucius,
1017 669 1253 706 convocatis
1270 669 1473 714 militibus,
1501 670 1642 719 ‹Saepe

222 750 326 787 ego»
362 738 491 786 inquit
528 739 701 783 «audivi,
736 739 892 783 milites,
935 751 1026 775 eum
1065 739 1234 788 primum
1274 752 1364 777 esse
1397 740 1534 784 virum,
1575 741 1641 788 qui

220 809 308 858 ipse
332 809 529 852 consulat,
565 810 662 857 quid
689 809 730 845 in
753 821 836 845 rem
860 809 922 853 sit,
956 810 1181 847 secundum
1206 822 1310 854 eum,
1336 811 1402 858 qui
1426 811 1532 847 bene
1556 823 1642 848 mo-

221 880 333 916 nenti
367 879 552 923 obediat;
587 880 653 927 qui
686 892 761 917 nec
784 880 872 927 ipse
895 880 1107 916 consulere
1128 891 1206 917 nec
1228 880 1340 916 alteri
1363 893 1504 929 parere
1527 881 1640 926 sciat,

183 946 314 987 9eum
347 950 513 987 extremi
540 951 693 999 ingenii
716 962 819 987 esse.
867 949 996 987 Nobis
1019 950 1213 998 quoniam
1236 951 1363 999 prima
1386 951 1509 988 animi
1530 952 1642 1000 inge-

221 1021 357 1069 niique
388 1026 539 1070 negata
571 1032 659 1057 sors
692 1027 765 1064 est,
800 1021 1023 1057 secundam
1056 1033 1104 1058 ac
1135 1021 1314 1057 mediam
1346 1027 1557 1059 teneamus
1589 1028 1641 1065 et,

221 1092 318 1127 dum
350 1092 548 1140 imperare
581 1092 786 1135 discimus,
820 1103 962 1139 parere
994 1091 1183 1140 prudenti
1208 1091 1249 1127 in
1274 1090 1453 1128 animum
1474 1092 1643 1129 induca-

153 1158 207 1200 10
221 1173 322 1198 mus.
371 1161 515 1198 Castra
533 1173 623 1198 cum
642 1161 769 1198 Fabio
793 1161 1021 1210 iungamus.
1070 1161 1136 1197 Ad
1160 1161 1390 1210 praetorium
1414 1162 1500 1199 eius
1526 1162 1641 1211 signa

221 1243 342 1280 quum
376 1231 593 1276 tulerimus,
635 1232 702 1268 ubi
736 1244 814 1281 ego
848 1245 940 1268 eum
973 1237 1183 1281 parentem
1217 1232 1488 1280 appellavero,
1530 1234 1642 1281 quod

156 1300 206 1340 11
223 1302 423 1339 beneficio
457 1302 542 1339 eius
576 1314 671 1350 erga
703 1314 781 1339 nos
813 1315 860 1339 ac
894 1303 1106 1340 maiestate
1139 1303 1224 1339 eius
1247 1303 1415 1351 dignum
1448 1307 1522 1348 est,
1555 1315 1640 1347 vos,

220 1373 377 1416 milites,
403 1385 488 1416 eos,
515 1385 685 1421 quorum
711 1385 782 1410 vos
805 1374 932 1410 modo
959 1386 1070 1410 arma
1087 1386 1131 1409 ac
1149 1374 1325 1410 dexterae
1349 1379 1546 1418 texerunt,
1572 1386 1643 1422 pa-

220 1449 361 1480 tronos
380 1444 615 1487 salutabitis,
636 1449 687 1487 et,
708 1444 739 1480 si
757 1444 852 1480 nihil
871 1444 994 1488 aliud,
1009 1450 1215 1493 gratorum
1229 1449 1336 1480 certe
1349 1444 1468 1480 nobis
1487 1444 1642 1481 animo-

98 1507 159 1554 30
222 1526 308 1550 rum
331 1514 501 1563 gloriam
525 1515 613 1550 dies
638 1514 702 1550 hic
726 1515 924 1551 dederit.»
977 1515 1102 1564 Signo
1122 1515 1220 1551 dato
1239 1515 1514 1552 conclamatur
1531 1515 1640 1557 inde,
1678 1500 1681 1502 Ι

219 1591 261 1621 ut
294 1585 532 1633 colligantur
554 1596 663 1620 vasa.
712 1584 887 1621 Profecti
912 1591 952 1621 et
976 1585 1138 1634 agmine
1162 1585 1402 1621 incedentes
1420 1591 1496 1631 per
1515 1585 1643 1622 dicta-

219 1655 316 1692 toris
334 1660 466 1692 castra
483 1656 524 1691 in
543 1655 855 1691 admirationem
874 1661 914 1691 et
929 1655 1060 1704 ipsum
1080 1661 1120 1691 et
1137 1667 1293 1698 omnes,
1313 1655 1380 1703 qui
1394 1655 1500 1692 cirea
1514 1661 1641 1699 erant,

179 1723 205 1764 2
220 1731 518 1763 converterunt.
570 1725 626 1762 Ut
643 1726 862 1762 constituta
879 1732 972 1762 sunt
989 1731 1083 1762 ante
1101 1725 1274 1762 tribunal
1300 1725 1429 1773 signa,
1457 1737 1643 1774 progres-

221 1809 287 1833 sus
313 1802 408 1833 ante
435 1796 537 1833 alios
562 1796 753 1844 magister
778 1797 969 1844 equitum,
996 1808 1119 1844 quum
1144 1802 1298 1844 patrem
1317 1795 1485 1832 Fabium
1504 1797 1643 1845 appel-

220 1868 355 1911 lasset,
371 1866 716 1914 circumfusosque
728 1867 896 1903 militum
914 1867 999 1904 eius
1017 1873 1147 1904 totum
1164 1879 1311 1915 agmen
1330 1872 1527 1915 patronos
1545 1878 1642 1904 con-

178 1935 204 1976 3
220 1938 446 1981 salutasset,
469 1937 755 1973 «Parentibus»
775 1936 904 1985 inquit
927 1938 1064 1982 «meis,
1085 1938 1272 1981 dictator,
1293 1937 1436 1985 quibus
1457 1943 1495 1974 te
1513 1938 1640 1974 modo

220 2008 399 2051 nomine,
419 2008 532 2055 quod
551 2006 678 2043 fando
697 2019 878 2055 possum,
898 2009 1066 2056 aequavi,
1084 2008 1206 2044 vitam
1223 2013 1380 2044 tantum
1398 2008 1642 2063 debeo‚·tibi

178 2077 206 2117 4
221 2090 344 2126 quum
362 2090 493 2114 meam
512 2077 695 2121 salutem,
710 2083 791 2114 tum
808 2078 988 2114 omnium
1007 2079 1162 2115 horum.
1195 2077 1335 2126 Itaque
1349 2078 1640 2126 plebeiscitum‚

221 2159 302 2196 quo
321 2153 512 2184 oneratus
529 2160 614 2183 sum
633 2147 761 2196 magis
779 2159 901 2196 quam
919 2148 1157 2192 honoratus,
1170 2149 1320 2197 primus
1338 2149 1505 2197 antiquo
1524 2149 1643 2186 abro-

219 2231 355 2267 goque
374 2224 426 2262 et,
446 2218 558 2266 quod
577 2217 646 2254 tibi
664 2218 841 2266 mihique
862 2216 1009 2270 [quod]
1029 2219 1348 2267 exercitibusque
1366 2219 1426 2256 his
1445 2219 1534 2263 tuis,
1561 2231 1643 2256 ser·

220 2295 314 2326 vato
333 2301 380 2326 ac
398 2288 687 2333 conservatori,
708 2288 757 2325 sit
776 2288 881 2333 felix,
896 2290 969 2326 sub
988 2289 1198 2339 imperium
1212 2288 1516 2338 auspiciumque
1532 2294 1641 2325 tuum

178 2358 206 2400 5
219 2361 346 2397 redeo
360 2366 400 2396 et
412 2360 529 2408 signa
542 2359 626 2397 haec
641 2358 905 2407 legionesque
918 2361 1099 2397 restituo.
1124 2360 1202 2404 Tu,
1214 2371 1366 2408 quaeso,
1381 2359 1563 2407 placatus
1578 2371 1641 2395 me

219 2430 495 2480 magisterium
507 2429 699 2477 equitum,
710 2429 786 2465 hos
804 2430 969 2467 ordines
983 2443 1078 2468 suos
1089 2442 1290 2478 quemque
1303 2436 1442 2466 tenere
1455 2429 1610 2466 iubeas.
1620 2444 1636 2463 >›

179 2499 204 2541 6
220 2501 325 2538 Tum
344 2502 494 2538 dextrae
512 2499 762 2536 interiunctae
780 2501 1018 2548 militesque,
1039 2501 1232 2538 contione
1250 2500 1430 2544 dimissa,
1457 2500 1508 2536 ab
1534 2499 1640 2536 notis

220 2572 452 2620 ignotisque
477 2571 654 2620 benigne
672 2576 793 2619 atque
816 2570 1066 2619 hospitaliter
1083 2570 1249 2614 invitati,
1275 2570 1468 2618 laetusque
1486 2570 1574 2606 dies
1593 2582 1641 2605 ex

182 2641 204 2681 7
222 2643 447 2679 admodum
465 2642 563 2679 tristi
581 2642 702 2691 paulo
721 2647 816 2678 ante
834 2653 881 2678 ac
899 2653 1027 2690 prope
1045 2641 1279 2678 exsecrabili
1299 2640 1440 2677 factus.
1485 2640 1638 2681 Romae,
