1789 2955
503 72 619 107 Liber
643 71 832 107 XXVIII.
883 73 942 117 (A.
970 72 1035 107 Ch.
1061 75 1156 117 206.)
1471 77 1548 114 149

115 200 156 237 in
187 212 285 249 pace
315 212 378 237 res
410 202 534 236 erant.
595 197 659 237 Ac
690 200 821 249 primo
853 213 1054 237 sermones
1086 203 1242 237 tantum
1275 201 1423 238 occulti
1453 213 1556 239 sere·
1577 202 1598 237 7

113 271 282 309 bantur:
315 269 360 308 Si
391 271 542 308 bellum
559 272 598 308 in
616 272 826 321 provincia
857 275 973 318 esset,
1006 272 1104 321 quid
1136 285 1221 310 sese
1254 272 1357 309 inter
1387 276 1550 322 pacatos

115 342 276 381 facere?
336 341 379 380 Si
410 342 653 380 debellatum
688 344 767 381 iam
807 346 846 380 et
878 344 1059 380 confecta
1092 343 1306 392 provincia
1338 347 1452 390 esset,
1485 357 1555 380 cur

117 415 158 451 in
190 414 355 452 Italiam
386 427 465 451 non
496 414 662 452 revehi?
708 414 955 462 Flagitatum
974 428 1132 464 quoque
1149 415 1391 464 stipendium
1410 428 1549 464 proca·
1568 416 1592 452 8

115 486 199 524 cius
216 498 335 536 quam
352 498 399 523 ex
415 499 523 524 more
541 489 580 523 et
597 486 794 523 modestia
825 486 992 523 militari
1032 490 1128 533 erat,
1167 489 1206 523 et
1237 487 1285 523 ab
1318 486 1552 524 custodibus

114 557 265 608 probra
282 558 321 595 in
339 557 631 595 circumeuntes
647 557 815 606 vigilias
830 557 1018 595 tribunos
1044 558 1160 605 iacta,
1193 561 1232 595 et
1248 561 1369 594 noctu
1387 557 1550 607 quidam

116 630 338 680 praedatum
369 629 409 665 in
442 643 583 678 agrum
615 630 724 666 circa
750 633 937 679 pacatum
964 630 1120 675 ierant3
1152 632 1354 678 postremo
1372 630 1550 666 interdiu

114 715 159 738 ac
191 701 400 750 propalam
432 701 517 738 sine
550 705 770 738 commeatu
802 701 852 738 ab
886 701 1014 750 signis
1046 702 1222 738 abibant.
1283 700 1428 738 Omnia
1459 701 1551 737 libi·
1571 703 1593 738 9

113 773 207 810 dine
239 785 284 809 ac
314 772 479 809 licentia
509 773 693 818 militum,
726 773 824 809 nihil
853 773 1040 810 instituto
1059 777 1125 810 aut
1145 773 1363 822 disciplina
1395 772 1549 809 militiae

115 847 184 882 aut
215 845 383 894 imperio
417 857 565 890 eorum,
612 845 681 894 qui
713 847 923 894 praeerant,
954 845 1181 893 gerebatur.
1242 845 1390 882 Forma
1422 847 1553 880 tamen
1576 842 1626 878 10

113 916 386 953 Romanorum
417 919 638 953 castrorum
671 915 879 953 constabat
907 929 988 953 una
1019 929 1064 952 ea
1094 930 1155 962 re,
1203 915 1310 965 quod
1356 916 1551 962 tribunos,

113 1001 163 1024 ex
195 988 432 1035 contagione
463 988 612 1025 suroris
643 988 749 1024 haud
781 990 962 1037 expertes
989 988 1197 1025 seditionis
1236 987 1549 1035 defectionisque

113 1059 194 1096 rati
224 1059 320 1105 fore,
352 1061 391 1096 et
422 1059 509 1096 iura
539 1059 706 1096 reddere
738 1060 778 1096 in
796 1059 1008 1109 principiis
1040 1060 1226 1097 sinebant
1256 1062 1294 1096 et
1325 1059 1481 1106 signum
1499 1057 1548 1094 ab

113 1131 170 1167 eis
200 1131 389 1180 petebant
421 1134 459 1167 et
489 1130 531 1167 in
563 1132 755 1168 stationes
799 1144 845 1168 ac
889 1131 1049 1179 vigilias
1088 1131 1229 1168 ordine
1259 1131 1389 1175 ibant3
1438 1133 1477 1166 et
1507 1132 1552 1166 ut
1573 1129 1618 1165 11

113 1203 194 1239 vim
226 1202 384 1251 imperii
415 1202 684 1248 abstulerant,
730 1203 787 1239 ita
819 1203 990 1251 speciem
1021 1203 1128 1241 dicto
1160 1203 1397 1253 parentium,
1442 1201 1549 1238 ultro

112 1274 191 1323 ipsi
222 1274 476 1323 imperantes,
509 1273 735 1313 servabant.
782 1274 929 1323 Erupit
968 1272 1114 1311 deinde
1146 1273 1304 1319 seditio,
1336 1276 1550 1323 postquam
1574 1272 1623 1308 12

113 1345 408 1396 reprehendere
439 1348 559 1394 atque
591 1345 819 1394 improbare
860 1346 1043 1383 tribunos
1090 1358 1147 1391 ea,
1193 1359 1281 1394 quae
1312 1345 1466 1391 fierent,
1511 1348 1550 1381 et

112 1417 252 1455 conari
284 1417 443 1454 obviam
490 1417 549 1453 ire
589 1420 627 1453 et
657 1418 865 1467 propalam
897 1418 1083 1461 abnuere,
1131 1417 1276 1454 furoris
1324 1430 1459 1454 eorum
1506 1429 1546 1453 se

110 1489 267 1526 futuros
298 1489 436 1535 socios,
468 1493 686 1527 senserunt.
733 1489 902 1536 Fugatis
926 1489 1062 1538 itaque
1094 1502 1114 1525 e
1145 1488 1358 1538 principiis
1387 1502 1431 1525 ac
1462 1491 1553 1537 post
1574 1487 1622 1524 13

115 1561 236 1610 paulo
269 1574 289 1597 e
335 1560 477 1597 castris
522 1559 719 1609 tribunis,
769 1560 818 1597 ad
850 1561 1050 1610 principes
1083 1560 1309 1607 seditionis,
1341 1559 1546 1608 gregarios

112 1632 270 1679 milites,
302 1631 344 1670 O.
377 1631 545 1669 Albium
579 1631 768 1668 Calenum
802 1635 840 1668 et
872 1631 913 1668 C.
947 1632 1110 1668 Atrium
1128 1631 1337 1677 Umbrum,
1371 1631 1546 1668 delatum

111 1703 287 1740 omnium
319 1716 510 1741 consensu
542 1704 753 1753 imperium
791 1707 866 1750 est3
914 1703 984 1752 qui
1030 1716 1283 1752 nequaquam
1314 1702 1547 1740 tribuniciis
1568 1703 1620 1738 14

111 1775 289 1812 contenti
307 1776 562 1821 ornamentis,
581 1776 755 1825 insignia
786 1776 904 1812 etiam
927 1775 1068 1811 summi
1086 1775 1256 1823 imperii,
1287 1776 1414 1811 fasces
1439 1787 1546 1811 secu-

114 1860 272 1896 resque,
303 1850 517 1884 attrectare
550 1848 654 1893 ausi;
694 1860 821 1896 neque
860 1846 971 1883 venit
1015 1847 1055 1883 in
1088 1850 1277 1893 mentem,
1311 1847 1390 1884 suis
1421 1846 1546 1894 tergis

110 1919 271 1968 suisque
303 1919 521 1956 cervicibus
551 1919 686 1968 virgas
718 1919 809 1956 illas
849 1932 1083 1968 securesque
1116 1918 1333 1964 imminere,
1365 1931 1464 1967 quas
1495 1918 1546 1954 ad

110 1994 259 2028 metum
305 1991 472 2028 aliorum
521 1990 767 2040 praeferrent.
841 1991 952 2027 Mors
997 1989 1201 2040 Scipionis
1246 1991 1346 2027 falso
1393 1990 1548 2026 credita
1571 1988 1619 2026 15

111 2063 336 2100 occaecabat
389 2062 564 2108 animos,
616 2063 689 2099 sub
737 2062 849 2099 cuius
895 2062 1099 2110 vulgatam
1138 2075 1230 2099 mox
1276 2062 1422 2098 famam
1467 2074 1545 2098 non

110 2133 355 2172 dubitabant
383 2137 508 2171 totam
527 2134 766 2183 Hispaniam
798 2147 977 2171 arsuram
1008 2135 1134 2180 bello;
1165 2134 1205 2171 in
1233 2147 1277 2170 eo
1301 2133 1478 2170 tumultu
1509 2136 1549 2170 et
1571 2133 1619 2169 16

109 2206 230 2243 sociis
260 2206 447 2256 pecunias
478 2206 668 2254 imperari
701 2208 740 2242 et
770 2204 893 2254 diripi
918 2206 1167 2255 propinquas
1189 2206 1308 2242 urbes
1339 2218 1474 2255 posse3
1506 2208 1547 2241 et

109 2277 282 2314 turbatis
313 2277 444 2324 rebus,
476 2291 597 2327 quum
629 2277 761 2315 omnia
792 2290 926 2314 omnes
957 2277 1161 2324 auderent,
1206 2278 1337 2314 minus
1370 2276 1546 2325 insignia

110 2349 206 2395 fore,
239 2361 328 2398 quae
346 2349 425 2398 ipsi
455 2349 652 2387 fecissent.
700 2347 829 2395 Quum
862 2347 963 2385 alios
995 2348 1165 2385 subinde
1181 2352 1358 2385 recentes
1382 2348 1543 2384 nuntios
1631 2344 1686 2392 25

109 2433 189 2457 non
221 2421 359 2457 mortis
383 2421 512 2467 modo,
544 2420 615 2457 sed
631 2421 750 2457 etiam
769 2421 920 2457 funeris
936 2422 1227 2469 exspectarent,
1260 2432 1389 2468 neque
1406 2431 1543 2467 super·

110 2492 265 2530 veniret
296 2492 526 2541 quisquam,
573 2495 905 2542 evanesceretque
935 2496 1081 2528 temere
1126 2494 1236 2528 ortus
1274 2504 1427 2536 rumor,
1458 2492 1543 2527 tum

111 2563 234 2612 primi
265 2567 446 2602 auctores
478 2565 628 2613 requiri
660 2564 798 2613 coepti3
832 2567 871 2600 et
901 2563 1159 2601 subtrahente
1205 2576 1244 2599 se
1291 2574 1471 2611 quoque,
1501 2563 1585 2598 ut2

112 2634 334 2673 credidisse
360 2636 494 2685 potius
525 2639 673 2672 temere
691 2649 807 2684 quam
826 2635 988 2672 finxisse
1004 2648 1086 2671 rem
1111 2634 1230 2670 talem
1248 2634 1379 2671 videri
1398 2637 1543 2682 posset,
