1789 2955
913 61 1012 96 VHI

253 177 416 209 armatos
441 175 668 218 inermisque
714 177 718 219 Ι
762 176 868 210 multi
902 177 1040 220 passim
1064 176 1252 210 interfecti
1277 178 1297 210 7
1321 176 1480 221 triginta
1503 176 1606 211 milia
1649 179 1654 219 ι

250 231 381 276 ingens
396 232 541 277 argenti
555 232 610 266 vis
644 233 649 276 Ι
682 232 796 276 signa,
811 232 947 267 tabulae
957 233 969 270 (
979 233 1120 276 IVeiss.)
1134 233 1253 275 9(Pro
1268 233 1491 268 obsidebant
1508 232 1675 276 Gertzius

255 288 483 323 obsederant
506 288 617 324 scribi
640 288 780 323 mamili
800 291 950 334 propter
975 300 1026 331 ea,
1048 301 1126 334 quoe
1149 290 1336 334 superiore
1361 291 1479 335 capite
1514 293 1671 325 ‘narrata

251 345 366 389 suut.)
393 346 434 380 13
459 357 540 389 quae
566 345 757 380 adferrent
781 356 869 379 vera
901 347 944 380 16
968 346 1209 380 constitutam
1236 346 1370 390 XVII,
1398 349 1440 382 14
1473 359 1518 382 ex
1544 358 1586 382 ea
1613 347 1672 381 die

268 403 273 445 Ι
317 401 458 436 faceret
482 401 637 446 XVIII,
674 404 696 436 8
723 402 873 436 virtutis
911 406 975 436 aut
1008 413 1196 436 armorum
1221 406 1241 437 9
1266 404 1454 447 cepissent
1478 404 1604 438 hostes
1631 405 1674 438 14

253 458 378 493 altiori
403 458 508 501 XIX,
543 462 564 494 9
590 460 789 494 educatum
820 458 902 501 XX,
934 462 954 493 3
985 459 1204 503 exequenda
1233 460 1323 505 (My.
1350 460 1430 496 Em.
1455 462 1524 496 396
1547 463 1615 506 sq.)
1651 462 1673 494 4

249 516 452 559 provinciae
466 517 618 561 regione
641 516 727 562 (My.
743 516 822 551 Em.
836 517 922 559 397)
938 515 1045 559 XXI,
1058 518 1078 549 5
1094 516 1134 560 Q.
1157 516 1332 551 Claudius
1346 517 1499 552 Flamen
1512 517 1638 555 XXII,
1652 519 1673 552 3

250 571 412 606 Flamini
427 574 466 606 11
481 573 696 608 consulibus
704 572 853 615 XXIH,
867 575 888 607 3
902 575 1047 608 volasse
1061 573 1150 618 (My.
1165 574 1267 608 1882.
1279 573 1676 619 Proepositiouemhau-

249 628 300 663 sit
316 628 520 673 praecedens
545 631 670 665 littera
690 630 752 674 m.)
777 631 797 664 5
823 630 967 664 incerta
991 632 1011 664 6
1033 631 1070 664 in
1095 630 1225 665 urbem
1269 633 1274 675 Ι
1317 632 1449 676 longos
1474 632 1627 667 morbos
1653 633 1672 664 7

250 684 333 719 idus
361 685 538 730 Quintilis
565 687 686 730 (Livii
715 687 896 722 memoriae
928 698 1032 721 error
1063 688 1206 731 notari,
1242 699 1317 723 uon
1347 688 1561 733 corrigendo
1595 688 1673 723 tolli

249 741 373 787 debet.)
423 743 569 785 XXIV,
594 745 616 778 2
641 743 763 778 forum
789 746 808 778 3
834 743 881 777 ad
902 744 1215 778 considerandum
1239 748 1383 788 peteret
1429 746 1433 790 Ι
1478 745 1585 779 iussit
1609 746 1673 779 tri-

253 800 373 834 bunos
398 801 559 835 militum
582 801 856 845 praefectosque
881 802 901 834 9
927 812 1075 835 movere
1100 804 1263 845 possent,
1289 802 1525 846 praecavisset
1548 801 1672 843 XXV,

257 858 278 891 8
304 857 434 891 cellam
460 858 605 892 duobus
633 858 703 892 diis
731 859 773 891 14
796 858 834 891 in
859 858 976 892 aciem
1009 858 1108 892 exire
1134 858 1295 902 (Vl'eiss.)
1318 858 1463 901 XXVI,
1480 861 1516 893 11
1547 859 1677 894 adsen-

250 914 360 947 tienti
387 915 427 948 13
463 915 566 949 iocur
591 914 760 957 XXVII,
801 916 842 948 13
878 914 933 948 rei
969 916 1187 949 memoriam
1218 915 1394 959 (Prorsus
1431 915 1581 951 licenter
1617 927 1675 950 or—

250 970 375 1004 dinem
398 973 566 1006 mutatur
587 972 629 1006 iu
653 971 888 1010 memoriam
914 970 1072 1012 fortasse
1097 972 1326 1007 scribendum
1350 975 1403 1008 est
1424 974 1479 1007 rei
1501 973 1675 1008 recorda-

248 1027 400 1071 tionem,
424 1030 468 1064 ut
491 1027 696 1063 recordatio
721 1027 954 1072 iutelliyatur
983 1029 1217 1072 superiorum
1240 1030 1295 1065 rei
1321 1029 1518 1065 uarraucloe
1534 1030 1674 1075 forma.
1713 1066 1720 1070 ,

251 1084 376 1119 Facile
410 1087 496 1130 post
529 1086 585 1119 rei
620 1084 783 1120 excidere
811 1087 1013 1129 potueruut
1047 1086 1178 1121 litteroe
1213 1098 1290 1129 rec,
1333 1088 1410 1122 tum
1446 1098 1490 1122 eoe
1524 1087 1676 1132 reliquis

250 1141 345 1176 oriri
393 1142 588 1187 ordinem.)
656 1143 660 1185 Ι
736 1142 913 1186 scriptam
967 1143 1184 1177 laudatione
1237 1144 1435 1188 (Wesenb.)
1488 1143 1675 1185 XXVIII,

251 1200 274 1232 4
319 1210 365 1233 ne
408 1200 465 1233 cui
514 1202 534 1233 9
572 1201 790 1244 aperireque
827 1198 978 1242 XXIX,
1018 1201 1060 1233 10
1107 1202 1278 1244 proximo
1323 1201 1483 1236 concilio
1521 1201 1680 1245 (H'eiss.)

252 1255 372 1297 XXX,
398 1258 419 1290 3
443 1256 594 1291 reduxit
618 1258 638 1290 5
663 1267 897 1302 regnumque
923 1256 1001 1290 eius
1028 1268 1139 1301 grave
1170 1258 1338 1292 libertati
1368 1258 1533 1292 futurum
1566 1258 1675 1292 rebus

258 1312 414 1347 Graeciae
442 1315 481 1347 17
507 1314 688 1348 celebrari
713 1313 854 1356 XXXI,
885 1315 906 1347 2
932 1314 979 1348 ad
1011 1325 1123 1348 naves
1155 1316 1175 1347 3
1206 1314 1305 1348 redit
1330 1314 1495 1356 XXXII,
1521 1316 1542 1348 9
1566 1325 1675 1359 peco-

250 1381 407 1413 rumque
433 1371 552 1405 omnis
579 1371 725 1415 generis
747 1371 794 1404 ad
819 1370 954 1415 viginti
978 1370 1079 1404 milia
1104 1370 1292 1413 XXXIII,
1319 1373 1410 1405 6-7
1435 1371 1599 1405 tradunt.
1624 1372 1675 1406 ita

252 1427 353 1471 quod
379 1428 421 1461 10
445 1427 601 1461 fuissent
626 1427 734 1473 (quod
760 1427 858 1473 apud
883 1438 950 1462 uos
974 1439 1096 1462 errore
1121 1430 1303 1463 mutatum
1331 1430 1396 1471 est)
1422 1427 1607 1470 XXXIV,
1635 1429 1676 1461 14

253 1494 343 1518 esse.
375 1484 495 1519 adnisi
509 1484 773 1529 (Inter-7).‚Ems.
800 1485 870 1519 398
894 1486 948 1528 u.)
974 1484 1154 1523 XXXVI,
1186 1487 1205 1518 7
1227 1485 1427 1529 (Numerus
1457 1486 1594 1520 sicum
1625 1496 1675 1520 eo,

250 1541 313 1585 qui
336 1542 378 1576 iu
393 1542 570 1585 periocha
593 1542 640 1575 20
664 1541 863 1584 iudicatur,
889 1543 925 1575 et
948 1552 1029 1575 cum
1053 1552 1108 1579 eo,
1136 1542 1198 1586 qui
1222 1541 1375 1583 XXIX,
1412 1543 1475 1577 37.
1502 1543 1544 1584 6,
1584 1553 1675 1577 com-

247 1600 416 1642 paratur,
441 1610 516 1634 ‘nou
541 1599 733 1644 aliquanto
763 1599 901 1639 minor,
938 1598 998 1633 sed
1035 1598 1263 1634 incredibilis
1298 1599 1461 1641 videtur,
1499 1610 1563 1634 uec
1598 1598 1676 1634 siue

250 1666 363 1690 causa
387 1656 507 1691 nescio
533 1657 614 1701 quis
639 1657 763 1700 capita
790 1656 948 1690 ducenta
972 1655 1130 1700 triginta
1154 1656 1383 1691 scribendum
1399 1656 1563 1700 putavit,
1589 1667 1673 1690 ‘nam

249 1712 302 1746 sic
326 1724 463 1758 quoque
487 1714 674 1758 superiore
700 1713 892 1758 aliquanto
929 1712 1050 1747 minor
1086 1714 1163 1757 est.)
1200 1714 1220 1747 9
1245 1713 1371 1757 plebei
1405 1713 1484 1747 ludi
1520 1712 1675 1747 biduum

250 1769 449 1804 instaurati
465 1772 506 1804 1⁶.)
528 1771 663 1805 divisa:
679 1770 775 1804 binae
792 1769 1000 1812 XXXVII,
1015 1771 1036 1804 2
1050 1772 1188 1804 tactam
1203 1772 1223 1804 6
1245 1774 1432 1805 extorrem
1446 1768 1674 1809 XXXVIII,

248 1824 479 1861 4Anxurnas
488 1827 570 1871 XL,
586 1829 627 1862 10
639 1827 827 1862 Larinatis
843 1827 934 1871 (My.
953 1828 1056 1862 1882.
1070 1827 1213 1872 Ayrmn
1226 1828 1445 1862 Larinatem
1458 1827 1516 1861 hic
1529 1838 1553 1861 a
1567 1826 1674 1860 Livio

249 1883 438 1919 nominari
462 1895 537 1919 nou
557 1885 733 1929 potuisse,
771 1884 1015 1919 certissimum
1039 1886 1107 1927 est,·
1137 1883 1198 1918 sed
1222 1883 1424 1926 Tarentini,
1458 1883 1552 1928 quod
1587 1883 1671 1918 olim

247 1941 516 1977 substitueram,
541 1942 585 1976 iu
609 1941 798 1975 Larinatis
831 1941 970 1976 vzutari
1001 1952 1077 1975 που,
1106 1941 1250 1986 potuit;
1286 1942 1321 1975 et
1354 1940 1409 1975 rei
1445 1942 1481 1975 et
1513 1939 1675 1984 vestiyiis

249 1997 408 2032 codicum
434 1999 625 2042 satisfacit
640 2009 808 2043 prorsus,
830 1998 924 2042 quod
943 2009 1042 2033 nuuc
1056 1998 1176 2042 posui.
1215 1997 1409 2032 Hannibal
1437 1997 1673 2032 Tarentinum

250 2065 380 2097 aarum
405 2055 527 2099 ipsum
549 2055 671 2090 vitaris
695 2067 760 2100 per
784 2057 961 2090 extremos
981 2056 1078 2100 flues
1109 2054 1193 2099 agri
1227 2054 1379 2096 Uriatis,
1410 2054 1609 2089 Tarentino
1635 2053 1678 2088 ab

249 2111 422 2146 orientali
444 2114 549 2157 parte
572 2112 799 2155 contermini,
817 2112 858 2146 iu
878 2112 1103 2147 Sallentinos
1122 2111 1202 2146 ivit.
1240 2111 1379 2146 Nomen
1404 2111 1527 2146 minus
1551 2113 1674 2146 uotum

248 2168 289 2202 iu
313 2168 543 2204 notissimum
569 2169 727 2204 eiusdem
740 2169 876 2214 formce
901 2169 1062 2204 transiit.
1103 2168 1291 2204 Uriatium
1320 2167 1455 2203 mentio
1487 2166 1586 2212 apud
1613 2166 1676 2201 Li-

248 2225 346 2260 vium.
371 2228 425 2260 est
446 2225 577 2269 XLII,
602 2228 658 2267 48,
687 2228 716 2263 7,
743 2227 810 2261 etsi
834 2227 885 2261 ibi
910 2227 1037 2262 Urites
1068 2226 1305 2268 scribuntur.)
1344 2224 1445 2263 XLI,
1482 2226 1503 2258 6
1536 2224 1674 2258 aversis

250 2283 406 2318 vallibus
434 2285 476 2318 10
501 2295 629 2328 campo
656 2295 694 2317 se
720 2282 850 2325 XLII,
890 2285 930 2318 14
966 2284 1047 2318 luce
1079 2284 1199 2327 prima
1224 2281 1377 2324 XLIII,
1417 2283 1433 2315 1
1461 2281 1508 2315 ad
1533 2280 1674 2314 Hanni-

249 2340 371 2374 balem
395 2341 498 2375 missi
522 2341 544 2374 8
568 2343 718 2385 pararet
762 2342 765 2382 1
811 2340 959 2374 edocet:
994 2343 1035 2373 ut
1060 2339 1174 2382 (Duk.
1202 2338 1416 2374 Necessario
1451 2337 1509 2372 illi
1535 2340 1570 2371 et
1596 2337 1674 2381 ipse

247 2397 512 2433 subiiciemlum
536 2399 590 2432 est
613 2398 769 2431 alterum
787 2397 999 2440 membrum
1022 2396 1061 2430 id
1081 2397 1131 2441 fit
1147 2396 1299 2436 brevius,
1322 2396 1365 2429 ut
1382 2394 1560 2429 audiatur
1580 2392 1672 2427 idem

249 2456 391 2489 edocet.
417 2455 536 2498 1863.)
560 2453 679 2497 XLV,
706 2455 745 2487 11
763 2454 965 2488 subsistere
991 2453 1114 2488 cibum
1158 2455 1162 2497 Ι
1208 2452 1307 2487 diem
1331 2462 1373 2485 ac
1398 2455 1546 2485 noctem
1572 2449 1671 2493 (Em.

250 2511 319 2546 437
345 2514 395 2554 u.)
442 2510 611 2553 XLVII,
638 2512 659 2545 6
683 2510 839 2544 haberet
869 2512 889 2543 9
921 2510 1080 2553 fessique
1113 2510 1255 2553 aliquot
1288 2508 1419 2543 itinere
1453 2518 1494 2541 ac
1529 2506 1668 2551 vigiliis

250 2570 420 2602 sternunt
445 2579 575 2602 somno
601 2579 760 2612 corpora
787 2566 890 2611 (Nou
926 2565 1040 2601 audeo
1073 2568 1231 2600 mutare.
1270 2564 1363 2610 quocl
1390 2563 1519 2599 Livius
1554 2562 1673 2598 eadem

249 2625 425 2660 sermonis
449 2624 660 2670 quotidiani
678 2623 901 2669 negligentia
919 2625 955 2658 et
973 2622 1191 2666 confusione
1211 2621 1328 2657 (licere
1348 2621 1482 2666 potuit.
1510 2631 1582 2665 qua
1602 2631 1676 2655 uon
