1789 2955
264 102 344 141 194
664 99 778 134 Liber
803 97 950 133 XXIX.
999 98 1061 142 (A.
1085 109 1121 133 u.
1147 109 1176 133 c.
1202 98 1297 142 550.)

191 229 240 266 14
258 226 477 267 accederet.
523 226 574 264 In
601 239 666 264 eas
698 226 949 264 condiciones
981 238 1101 276 quum
1132 239 1212 276 pax
1247 226 1487 274 conveniret,
1519 228 1569 265 ab
1600 241 1696 277 rege

263 299 405 337 foederi
437 298 632 348 adscripti
648 298 805 345 Prusia,
822 297 1025 347 Bithyniae
1045 311 1126 346 rex,
1156 297 1311 346 Achaei,
1336 298 1484 348 Boeoti,
1500 299 1696 348 Thessali,

261 370 507 417 Acarnanes,
539 370 730 420 Epirotae,
763 369 812 407 ab
831 370 1024 408 Romanis
1051 370 1232 418 Ilienses,
1263 370 1430 409 Attalus
1461 386 1543 419 rex,
1573 372 1694 410 Pleu·

260 446 390 490 ratus,
434 442 579 490 Nabis,
623 441 1018 480 Lacedaemoniorum
1070 446 1286 491 tyrannus,
1332 443 1444 490 Elei,
1489 443 1695 492 Messenii,

196 516 245 553 15
263 512 545 552 Athenienses.
590 514 688 552 Haeo
720 515 945 565 conscripta
970 514 1284 565 consignataque
1316 518 1419 562 sunt,
1452 517 1492 552 et
1523 515 1565 552 in
1597 516 1696 554 duos

261 599 414 624 menses
446 586 612 624 indutiae
642 587 774 634 factae,
819 587 944 626 donec
974 587 1145 625 Romam
1177 588 1432 625 mitterentur
1462 588 1607 637 legati,
1651 592 1697 628 ut

190 661 240 699 16
259 659 432 709 populus
449 659 489 695 in
513 658 583 696 has
602 658 855 697 condiciones
879 673 1017 709 pacem
1035 659 1203 696 iuberet.
1248 659 1538 710 Iusseruntque
1561 673 1696 699 omnes

262 730 404 780 tribus,
438 731 545 780 quia,
575 744 688 769 verso
721 731 762 768 in
794 731 978 769 Africam
1009 731 1139 778 bello,
1170 730 1355 769 omnibus
1401 731 1492 769 aliis
1524 732 1565 770 in
1595 746 1694 783 prae·

261 802 388 840 sentia
417 802 544 840 levari
575 803 690 841 bellis
722 804 923 842 volebant.
984 804 1031 842 P.
1065 803 1337 854 Sempronius,
1369 816 1466 854 pace
1496 804 1614 852 facta,
1647 804 1696 843 ad

262 875 511 913 consulatum
541 874 710 914 Romam
743 876 927 915 decessit.

123 944 174 993 13
374 946 429 984 M.
462 946 661 995 Cornelio,
691 948 738 986 P.
772 948 1011 999 Sempronio
1044 947 1273 986 consulibus
1306 945 1489 1000 (quintus
1521 947 1696 986 decimus

56 1014 240 1076 {fgffgfflj
262 1018 294 1056 is
327 1033 452 1056 annus
482 1020 581 1058 belli
611 1020 759 1059 Punici
791 1023 892 1073 erat)
934 1021 1150 1071 provinoiae
1182 1019 1370 1058 Cornelio
1401 1019 1566 1057 Etruria
1607 1033 1694 1058 cum

261 1094 393 1130 vetere
411 1093 599 1140 exercitu,
619 1091 856 1143 Sempronio
873 1093 1037 1140 Bruttii,
1069 1096 1115 1130 ut
1136 1106 1259 1131 novas
1283 1092 1477 1130 scriberet
1505 1092 1697 1141 legiones,

221 1166 243 1201 2
262 1163 450 1211 decretae3
481 1164 724 1214 praetoribus
755 1166 810 1204 M.
840 1165 998 1203 Marcio
1030 1166 1196 1212 urbana,
1225 1164 1271 1202 L.
1304 1163 1518 1202 Scribonio
1543 1163 1696 1202 Liboni

261 1237 475 1287 peregrina
506 1240 545 1274 et
576 1237 704 1275 eidem
722 1237 872 1284 Gallia,
902 1237 956 1275 M.
982 1237 1207 1288 Pomponio
1232 1236 1418 1275 Mathoni
1447 1235 1601 1284 Sicilia,
1632 1236 1694 1275 Ti.

217 1311 239 1347 3
259 1308 430 1347 Claudio
461 1309 615 1348 Neroni
646 1308 834 1348 Sardinia
866 1310 1009 1348 evenit.
1068 1309 1116 1347 P.
1147 1308 1331 1359 Scipioni
1377 1322 1466 1346 cum
1507 1322 1551 1346 eo
1585 1322 1695 1347 exer-

262 1381 355 1431 citu,
389 1395 477 1419 cum
509 1395 555 1419 ea
593 1382 736 1429 classe,
782 1396 899 1432 quam
932 1382 1125 1428 habebat,
1170 1384 1430 1432 prorogatum
1477 1381 1518 1418 in
1549 1394 1695 1419 annum

262 1454 473 1504 imperium
505 1457 583 1501 est;
617 1455 711 1492 item
737 1455 784 1492 P.
801 1455 976 1502 Licinio,
1008 1457 1053 1492 ut
1068 1454 1252 1492 Bruttios
1284 1453 1437 1490 duabus
1468 1453 1695 1503 legionibus

264 1526 476 1573 obtineret,
507 1526 636 1576 quoad
654 1540 741 1564 eum
759 1528 800 1564 in
831 1527 1040 1577 provincia
1057 1540 1144 1564 cum
1170 1526 1340 1576 imperio
1366 1526 1514 1563 morari
1542 1525 1696 1564 consuli

219 1599 282 1636 4e
314 1612 356 1635 re
388 1599 551 1648 publica
581 1599 709 1636 visum
741 1602 856 1636 esset.
902 1599 955 1636 Et
986 1599 1039 1636 M.
1066 1598 1184 1636 Livio
1217 1601 1256 1636 et
1287 1596 1354 1648 Sp.
1386 1597 1575 1636 Lucretio
1607 1611 1695 1635 cum

262 1671 368 1709 binis
399 1671 646 1720 legionibus,
678 1671 824 1721 quibus
864 1671 1051 1709 adversus
1081 1670 1294 1720 Magonem
1327 1668 1471 1708 Galliae
1508 1669 1695 1720 praesidio

219 1743 439 1790 5fuissent‚
470 1746 726 1793 prorogatum
758 1744 969 1794 imperium
1000 1747 1070 1790 est,
1103 1746 1141 1780 et
1172 1742 1242 1780 On.
1275 1741 1454 1789 Octavio,
1484 1745 1540 1788 ut,
1574 1755 1695 1791 quum

264 1813 492 1852 Sardiniam
523 1815 798 1865 legionemque
830 1815 893 1855 Ti.
925 1815 1095 1854 Claudio
1126 1815 1373 1861 tradidisset,
1409 1814 1494 1864 ipse
1525 1813 1696 1852 navibus

263 1888 396 1937 longis
429 1887 697 1938 quadraginta
728 1888 969 1925 maritimam
1001 1901 1128 1935 oram,
1175 1887 1320 1937 quibus
1357 1886 1504 1924 finibus
1535 1889 1694 1924 senatus

219 1961 241 1997 6
260 1960 490 2007 censuisset,
520 1963 733 1999 tutaretur.
793 1960 849 1997 M.
889 1960 1115 2011 Pomponio
1152 1959 1317 2010 praetori
1348 1959 1389 1996 in
1421 1957 1561 1996 Sicilia
1593 1957 1692 1995 Can-

264 2033 396 2070 nensis
430 2032 636 2079 exercitus,
669 2032 756 2070 duae
787 2032 965 2082 legiones
996 2033 1184 2078 decretae;
1225 2031 1269 2068 T.
1303 2030 1514 2078 Quinctius
1545 2029 1694 2068 Taren-

262 2108 359 2155 tum,
393 2104 434 2142 C.
467 2104 667 2142 Hostilius
694 2104 876 2142 Tubulus
895 2104 1071 2155 Capuam
1102 2118 1174 2155 pro
1199 2103 1450 2154 praetoribus,
1481 2102 1584 2140 sicut
1612 2101 1693 2152 pri-

223 2178 243 2212 7
263 2190 330 2215 ore
348 2190 463 2223 anno,
482 2190 569 2214 cum
585 2179 720 2214 vetere
740 2180 907 2227 uterque
923 2177 1110 2227 praesidio
1128 2176 1365 2215 obtinerent.
1403 2173 1467 2212 De
1484 2174 1693 2225 Hispaniae

263 2249 447 2300 imperio,
480 2261 579 2299 quos
610 2248 652 2285 in
694 2262 779 2286 eam
818 2249 1064 2299 provinciam
1096 2249 1195 2287 duos
1225 2261 1298 2299 pro
1330 2247 1558 2290 consulibus
1587 2246 1694 2284 mitti

262 2322 447 2372 placeret,
466 2321 590 2358 latum
608 2320 657 2357 ad
673 2321 865 2371 populum
883 2325 954 2359 est.
1002 2320 1148 2359 Omnes
1171 2321 1302 2359 tribus
1333 2319 1501 2365 eosdem,
1532 2317 1579 2358 L.
1597 2317 1692 2356 Cor-

262 2394 412 2431 nelium
430 2393 647 2430 Lentulum
665 2396 703 2430 et
719 2392 764 2430 L.
774 2382 970 2430 Manlium
987 2393 1222 2440 Acidinum,
1239 2406 1312 2442 pro
1331 2391 1570 2437 consulibus,
1586 2390 1691 2428 sicut

262 2466 399 2516 priore
430 2478 533 2503 anno
579 2464 817 2511 tenuissent,
872 2464 1052 2502 obtinere
1098 2478 1164 2502 eas
1210 2464 1437 2514 provincias
1482 2463 1693 2500 iusserunt.

219 2538 244 2575 8
267 2537 461 2576 Consules
494 2537 684 2575 dilectum
715 2536 862 2574 habere
895 2537 1157 2575 instituerunt
1181 2540 1218 2574 et
1242 2537 1292 2574 ad
1316 2549 1437 2574 novas
1462 2534 1692 2573 scribendas

265 2610 307 2647 in
339 2610 524 2648 Bruttios
549 2610 730 2660 legiones
757 2613 797 2647 et
820 2610 861 2647 in
878 2612 1097 2647 ceterorum
1129 2609 1204 2657 (ita
1231 2609 1334 2646 enim
1351 2608 1449 2645 iussi
1473 2608 1523 2646 ab
1555 2608 1693 2645 senatu

265 2679 395 2734 erant)
427 2696 473 2719 eX
479 2682 673 2720 ereltuum
704 2682 1035 2733 Supplementum.
