1789 2955
267 94 319 132 54
660 90 775 126 Liber
799 90 945 127 XXVI.
993 91 1054 136 (A.
1081 103 1115 126 u.
1141 102 1170 128 c.
1195 92 1291 136 544.)

265 218 380 256 fectis
410 231 454 255 ac
485 218 698 269 distractis,
731 233 780 256 ne
804 219 882 258 iter
902 220 1178 270 impediretur,
1208 220 1374 267 foribus,
1404 220 1548 257 armati
1573 220 1695 269 impe-

221 290 243 325 7
260 293 345 328 tum
376 291 565 329 fecerunt.
627 290 777 340 Magna
813 291 1027 329 multitudo
1055 295 1094 329 et
1117 305 1249 330 muros
1274 291 1599 338 transcendebat3
1626 291 1696 330 sed

266 363 295 400 ii
325 363 471 413 passim
513 362 563 400 ad
601 362 747 400 caedem
789 363 1080 414 oppidanorum
1110 365 1235 410 versi;
1284 364 1367 410 illa,
1415 377 1502 413 quae
1541 368 1697 414 portam

265 435 444 485 ingressa
475 438 569 481 erat,
602 435 708 472 iusta
739 436 843 473 acies
875 449 963 473 cum
994 435 1174 483 ducibus,
1207 418 1294 473 cum
1325 436 1534 473 ordinibus
1566 437 1698 474 media

219 507 359 545 Surbe
390 507 431 544 in
461 507 589 545 forum
619 508 827 557 processit.
889 508 990 545 Inde
1022 521 1144 558 quum
1177 508 1331 546 duobus
1358 509 1571 546 itineribus
1595 509 1697 558 fugi-

266 582 374 617 entes
404 579 561 616 videret
591 579 735 627 hostes,
775 580 874 618 alios
915 581 966 618 ad
996 581 1195 618 tumulum
1228 580 1269 617 in
1301 581 1495 618 orientem
1526 594 1696 627 versum,

266 652 336 702 qui
367 651 579 689 tenebatur
605 652 914 701 quingentorum
938 653 1110 690 militum
1135 652 1336 702 praesidio,
1362 653 1464 690 alios
1489 653 1530 690 in
1554 666 1697 702 arcem,

266 725 306 761 in
338 738 455 774 quam
486 726 524 761 et
555 724 641 773 ipse
663 723 905 773 Mago'cum
938 725 1120 762 omnibus
1152 725 1234 762 fere
1265 725 1441 771 armatis,
1474 725 1543 775 qui
1574 725 1699 763 muris

265 797 372 847 pulsi
401 797 571 843 fuerant,
603 798 815 846 refugerat,
845 798 992 848 partim
1025 797 1227 846 copiarum
1251 797 1302 834 ad
1326 798 1522 834 tumulum
1549 811 1698 848 expug-

223 869 437 907 9nandu1n
476 869 614 915 mittit,
659 871 807 919 partim
845 872 930 920 ipse
971 869 1021 907 ad
1066 882 1194 906 arcem
1241 869 1363 907 ducit.
1423 870 1478 907 Et
1521 870 1701 907 tumulus

265 942 394 992 primo
426 942 577 991 impetu
608 945 667 980 est
698 945 848 992 captus,
880 945 919 980 et
949 942 1081 990 Mago,
1115 954 1245 978 arcem
1277 945 1443 979 conatus
1476 942 1702 989 defendere,

266 1028 386 1064 quum
425 1015 556 1052 omnia
594 1015 771 1053 hostium
812 1015 931 1064 plena
961 1014 1117 1051 videret
1147 1027 1276 1063 neque
1308 1028 1416 1064 spem
1447 1015 1571 1051 ullam
1603 1027 1700 1061 esse,

197 1086 246 1123 10
264 1100 304 1124 se
344 1100 551 1137 arcemque
594 1090 633 1124 et
670 1087 905 1137 praesidium
945 1086 1113 1125 dedidit.
1175 1086 1320 1134 Quoad
1361 1087 1499 1124 dedita
1530 1101 1600 1124 arx
1632 1090 1703 1134 est,

268 1160 393 1198 caedes
423 1163 507 1198 tota
538 1159 637 1196 urbe
668 1160 814 1209 passim
846 1159 972 1205 factae,
1004 1171 1075 1195 nec
1105 1159 1181 1195 ulli
1213 1159 1420 1208 puberum,
1458 1159 1530 1208 qui
1561 1159 1703 1196 obvius

267 1233 354 1279 fuit,
400 1232 659 1282 parcebatur3
703 1234 789 1268 tum
827 1231 941 1280 signo
981 1230 1075 1267 dato
1116 1231 1292 1268 caedibus
1332 1231 1423 1268 finis
1466 1232 1606 1278 factus,
1652 1230 1703 1269 ad

268 1305 443 1355 praedam
473 1305 644 1343 victores
675 1304 793 1353 versi,
827 1316 915 1354 quae
946 1303 1084 1352 ingens
1117 1304 1245 1341 omnis
1276 1303 1434 1352 generis
1466 1304 1554 1342 fuit.

122 1373 176 1421 47
378 1377 617 1414 Liberorum
649 1377 823 1426 capitum
854 1376 974 1414 virile
1006 1389 1118 1412 secus
1150 1375 1199 1412 ad
1232 1375 1367 1412 decem
1399 1375 1529 1412 millia
1567 1378 1703 1425 capta;

269 1449 362 1487 inde
393 1450 462 1499 qui
493 1449 599 1487 cives
629 1448 753 1487 Novae
772 1447 1027 1497 Carthaginis
1058 1451 1182 1488 erant.
1217 1447 1381 1494 dimisit,
1412 1448 1631 1497 urbemque
1664 1451 1704 1485 et

224 1523 246 1559 2
266 1535 336 1559 sua
363 1522 503 1568 omnia,
537 1534 624 1571 quae
647 1521 806 1570 reliqua
832 1521 886 1557 eis
910 1520 1063 1557 bellum
1085 1520 1244 1566 fecerat,
1275 1520 1465 1557 restituit.
1527 1519 1702 1569 Opifices

270 1593 319 1631 ad
352 1594 428 1632 duo
460 1593 589 1631 millia
618 1594 821 1631 hominum
853 1596 985 1639 erant;
1027 1606 1093 1630 eos
1123 1592 1307 1642 publicos
1338 1592 1421 1629 fore
1452 1593 1591 1642 populi
1622 1592 1703 1630 Ro-

271 1667 378 1705 mani
410 1666 550 1713 edixit,
598 1679 684 1702 cum
716 1678 786 1715 spe
817 1665 1046 1715 propinqua
1077 1665 1289 1710 libertatis,
1331 1665 1364 1701 si
1396 1664 1446 1701 ad
1478 1664 1704 1702 ministeria

225 1740 248 1777 3
264 1739 363 1777 belli
381 1739 496 1776 enixe
513 1752 676 1789 operam
693 1741 912 1775 navassent.
959 1736 1141 1774 Ceteram
1163 1736 1464 1773 multitudinem
1481 1737 1703 1774 incolarum

270 1812 454 1849 iuvenum
485 1824 530 1848 ac
560 1810 787 1848 validorum
819 1823 1021 1847 servorum
1045 1809 1087 1846 in
1114 1809 1278 1846 classem
1303 1808 1353 1845 ad
1381 1809 1703 1859 supplementum

270 1884 465 1934 remigum
511 1882 643 1929 dedit;
690 1885 728 1919 et
773 1885 938 1919 auxerat
977 1882 1145 1919 navibus
1185 1884 1274 1919 octo
1315 1881 1485 1930 captivis
1526 1881 1701 1920 classem.

225 1956 392 1993 4Extra
421 1956 521 1993 hanc
553 1955 851 1992 multitudinem
884 1954 1154 2004 Hispanorum
1188 1953 1347 1991 obsides
1379 1956 1502 1999 erant,
1533 1967 1700 2003 quorum

228 2027 444 2078 5perinde,
475 2041 520 2065 ac
552 2028 585 2064 si
616 2027 812 2065 sociorum
843 2026 962 2064 liberi
985 2029 1127 2072 essent,
1159 2039 1253 2063 cura
1278 2025 1425 2063 habita.
1488 2025 1636 2075 Captus
1663 2029 1704 2063 et

273 2103 487 2150 apparatus
519 2099 660 2148 ingens
690 2098 799 2145 belli,
833 2099 1045 2149 catapultae
1076 2098 1255 2136 maximae
1286 2098 1423 2135 sormae
1456 2100 1613 2135 centum
1643 2097 1702 2134 vi-

227 2174 249 2210 6
269 2172 383 2222 ginti,
414 2172 585 2209 minores
617 2171 795 2208 ducentae
820 2171 1024 2220 octoginta
1047 2185 1137 2218 una,
1169 2170 1342 2208 ballistae
1365 2170 1534 2207 maiores
1557 2170 1704 2219 viginti

271 2249 366 2295 tres,
405 2244 576 2281 minores
609 2243 899 2292 quinquaginta
930 2243 1029 2290 duae,
1071 2243 1322 2293 scorpionum
1356 2242 1548 2279 maiorum
1579 2242 1703 2279 mino·

273 2330 440 2367 rumque
464 2319 503 2354 et
519 2329 718 2354 armorum
734 2316 986 2364 telorumque
1003 2315 1144 2364 ingens
1160 2327 1358 2361 numerus,
1381 2314 1496 2362 signa
1512 2313 1704 2352 militaria

231 2392 251 2427 7
271 2389 524 2439 septuaginta
541 2391 743 2439 quattuor.
782 2387 835 2424 Et
851 2387 939 2425 auri
955 2387 1194 2437 argentique
1210 2386 1337 2424 relata
1354 2385 1403 2422 ad
1421 2385 1702 2435 imperatorem

274 2475 418 2511 magna
453 2462 532 2507 vis,
579 2463 727 2511 paterae
765 2471 894 2497 aureae
931 2459 1091 2496 fuerunt
1128 2458 1306 2495 ducentae
1337 2456 1593 2507 septuaginta
1624 2469 1705 2504 sex,

275 2534 388 2571 librae
429 2533 551 2571 ferme
593 2545 726 2571 omnes
758 2530 907 2582 pond0;
956 2531 1110 2579 argenti
1142 2529 1279 2567 infecti
1309 2529 1537 2578 signatique
1569 2528 1704 2566 decem

275 2611 314 2644 et
345 2610 432 2644 octo
464 2605 591 2642 millia
621 2608 661 2642 et
689 2606 868 2641 trecenta
899 2602 1042 2653 pondo,
1071 2615 1254 2639 vasorum
1286 2603 1564 2650 argenteorum
1596 2613 1703 2650 mag-

230 2679 254 2716 8
272 2692 344 2716 nus
376 2691 583 2724 numerus;
614 2676 698 2714 haec
725 2675 856 2713 omnia
880 2674 921 2713 C.
939 2674 1138 2712 Flaminio
1163 2674 1352 2724 quaestori
1376 2686 1552 2723 appensa
1577 2685 1702 2711 annu-
