1789 2955
510 75 627 111 Liber
652 75 821 113 XXVII.
871 78 929 120 (A.
958 76 1022 112 Ch.
1048 77 1141 122 210.)
1491 82 1544 119 63

111 203 227 253 signo
259 203 353 242 dato
383 204 531 242 milites
563 205 870 252 concurrissent,
909 205 1184 255 comprehensi
1215 218 1363 255 omnes,
1405 207 1474 255 qui
1505 207 1545 243 in

112 289 216 314 noxa
245 279 372 325 erant,
405 279 455 326 et,
488 277 708 326 quaestione
739 277 884 314 acriter
914 276 1065 326 habita,
1108 278 1284 315 damnati
1314 279 1545 328 necatique3

112 347 314 385 indicibus
331 348 496 386 libertas
514 352 554 386 et
569 349 659 386 aeris
677 350 778 386 dena
794 349 923 386 millia
939 349 1044 396 data.
1085 349 1307 387 Nucerinos
1325 353 1363 387 et
1374 348 1546 388 Acerra·
1566 353 1589 389 6

110 433 182 458 nos
200 423 421 470 querentes,
439 421 510 458 ubi
525 421 767 467 habitarent,
782 433 862 457 non
879 433 975 468 esse,
991 420 1159 458 Acerris
1172 434 1220 458 ex
1233 424 1347 471 parte
1361 422 1546 469 incensis,

110 491 286 530 Nuceria
311 492 454 539 deleta,
479 492 650 531 Romam
675 492 846 530 Fulvius
873 492 924 528 ad
948 496 1128 530 senatum
1152 494 1272 531 misit.
1325 492 1544 532 Acerranis
1564 497 1585 531 7

110 564 357 614 permissum,
373 567 419 601 ut
435 564 689 612 aedificarent,
707 577 794 614 quae
812 565 975 602 incensa
991 569 1122 612 erant3
1149 565 1340 604 Nucerini
1356 565 1545 612 Atellam,

111 636 206 686 quia
228 635 271 673 id
295 636 529 684 maluerant,
555 637 758 675 Atellanis
783 637 978 675 Calatiam
1003 638 1177 687 migrare
1200 638 1331 684 iussis,
1355 638 1543 676 traducti.

225 708 340 746 Inter
362 709 508 746 multas
531 723 777 759 magnasque
802 723 876 755 ree,
900 722 987 759 quae
1010 723 1115 746 nunc
1139 710 1335 756 secundae,
1352 724 1457 747 nunc
1479 712 1547 748 ad·
1567 712 1591 748 8

109 793 234 818 versae
257 781 508 830 occupabant
532 782 795 830 cogitationes
819 782 1035 828 hominum,
1058 795 1106 818 ne
1131 782 1361 819 Tarentinae
1385 783 1546 832 quidem

109 853 210 890 arcis
235 853 386 890 excidit
410 854 612 893 memoria.
660 855 715 891 M.
734 853 932 903 Ogulnius
960 857 1000 890 et
1016 853 1063 892 P.
1082 853 1277 904 Aquilius
1295 855 1336 892 in
1352 855 1549 894 AEtoliam
1569 858 1590 893 9

109 925 236 975 legati
268 925 318 962 ad
349 926 592 963 frumentum
624 929 888 973 coemendum,
920 926 1027 976 quod
1053 926 1271 964 Tarentum
1304 932 1546 976 portaretur,

110 997 293 1047 profecti,
310 1001 350 1035 et
365 999 476 1036 mille
494 999 643 1036 milites
662 1000 709 1037 de
728 999 909 1036 exercitu
927 999 1093 1044 urbano,
1110 1012 1182 1048 par
1198 1013 1386 1037 numerus
1399 1000 1544 1037 Roma-

108 1083 250 1107 norum
282 1071 569 1120 sociorumque,
601 1071 738 1108 eodem
763 1072 804 1108 in
829 1071 1060 1121 praesidium
1085 1084 1174 1108 cum
1196 1072 1395 1109 frumento
1417 1073 1544 1110 missi.

224 1142 310 1180 Iam
343 1147 457 1181 aestas
487 1143 528 1180 in
561 1143 671 1180 exitu
701 1147 788 1181 erat
819 1143 1147 1193 comitiorumque
1180 1144 1450 1181 consularium
1487 1145 1546 1182 in-

109 1215 242 1253 stabat
278 1218 452 1265 tempus;
501 1215 569 1252 sed
610 1216 755 1253 litterae
787 1216 984 1262 Marcelli,
1028 1216 1214 1265 negantis
1254 1230 1273 1253 e
1310 1230 1352 1253 re
1383 1217 1545 1266 publica

109 1299 192 1325 esse
222 1287 437 1336 vestigium
468 1287 630 1325 abscedi
662 1287 712 1324 ab
743 1287 988 1334 Hannibale,
1034 1288 1097 1325 cui
1139 1288 1295 1325 cedenti
1327 1293 1545 1327 certamen-

109 1372 186 1409 que
217 1359 409 1397 abnuenti
441 1360 574 1409 gravis
606 1360 691 1410 ipse
722 1360 903 1406 instaret,
950 1373 1083 1396 curam
1115 1360 1349 1407 iniecerant,
1389 1375 1437 1398 ne
1480 1364 1588 1399 aut?

110 1432 312 1469 consulem
342 1435 427 1469 tum
457 1433 626 1470 maxime
658 1445 721 1469 res
753 1435 938 1480 agentem
969 1446 991 1469 a
1022 1432 1127 1470 bello
1154 1437 1376 1480 avocarent,
1409 1437 1477 1471 aut
1504 1434 1545 1471 in

108 1517 254 1542 annum
300 1505 482 1542 consules
530 1505 724 1542 deessent.
783 1503 989 1554 Optimum
1034 1505 1163 1543 visum
1204 1509 1276 1555 est,
1318 1519 1546 1556 quanquam
1566 1508 1589 1544 3

108 1579 225 1614 extra
261 1576 423 1614 Italiam
468 1579 583 1626 esset,
632 1576 838 1613 Valerium
883 1576 1017 1625 potius
1064 1577 1264 1614 consulem
1311 1591 1358 1615 ex
1405 1577 1545 1616 Sicilia

106 1649 299 1687 revocari.
359 1648 430 1686 Ad
468 1662 555 1685 eum
594 1648 740 1685 litterae
772 1648 881 1685 iussu
912 1652 1074 1686 senatus
1107 1650 1155 1686 ab
1187 1649 1232 1686 L.
1263 1650 1416 1687 Manlio
1448 1664 1547 1700 prae-
1566 1651 1590 1687 4

105 1724 194 1758 tore
233 1722 387 1759 urbano
425 1721 556 1758 missae
595 1734 681 1757 cum
714 1721 860 1758 litteris
892 1721 1064 1757 consulis
1095 1721 1150 1758 Μ.
1180 1721 1377 1768 Marcelli,
1421 1725 1467 1759 ut
1497 1736 1544 1760 ex

106 1792 155 1830 iis
186 1795 381 1839 nosceret,
428 1805 516 1841 quae
549 1805 668 1829 causa
698 1793 881 1842 patribus
913 1807 999 1831 eum
1032 1793 1166 1843 potius
1199 1807 1316 1843 quam
1349 1794 1542 1844 collegam

104 1864 322 1903 revocandi
353 1878 400 1902 ex
431 1864 638 1914 provincia
670 1868 782 1902 esset.

218 1936 278 1974 Eo
309 1936 390 1974 fere
428 1940 609 1987 tempore
646 1937 771 1986 legati
802 1938 851 1974 ab
882 1951 978 1987 rege
1011 1936 1193 1987 Syphace
1224 1938 1392 1975 Romam
1423 1951 1541 1976 vene·
1561 1939 1585 1976 5

104 2011 211 2056 runt,
239 2022 327 2058 quae
360 2009 394 2046 is
426 2023 620 2060 prospera
651 2010 795 2059 proelia
826 2024 914 2047 cum
939 2010 1343 2059 Carthaginiensibus
1373 2011 1543 2057 fecisset,

105 2084 383 2120 memorantes.
443 2081 598 2130 Regem
629 2095 700 2119 nec
732 2082 995 2119 inimiciorem
1025 2083 1097 2119 ulli
1130 2083 1280 2133 populo
1312 2097 1430 2133 quam
1449 2084 1542 2122 Car·
1563 2084 1587 2120 6

103 2153 353 2202 thaginiensi
390 2167 462 2191 nec
501 2154 731 2192 amiciorem
771 2168 890 2204 quam
920 2154 1102 2193 Romano
1142 2169 1225 2193 esse
1266 2155 1541 2201 affirmabant3

104 2225 259 2262 misisse
298 2239 386 2263 eum
427 2229 544 2264 antea
582 2227 734 2275 legatos
766 2227 804 2264 in
836 2227 1079 2276 Hispaniam
1111 2227 1161 2265 ad
1194 2227 1264 2266 Cn.
1298 2231 1335 2265 et
1366 2228 1412 2266 P.
1447 2227 1540 2265 Cor-

104 2296 232 2334 nelios
260 2296 521 2348 imperatores
537 2298 756 2345 Romanos3
790 2313 895 2336 nunc
926 2299 976 2337 ab
1009 2300 1096 2349 ipso
1128 2300 1238 2337 velut
1267 2301 1375 2337 fonte
1405 2303 1541 2350 petere

105 2367 325 2407 Romanam
358 2371 575 2408 amicitiam
606 2371 790 2409 voluisse.
849 2370 1018 2409 Senatus
1050 2386 1130 2409 non
1161 2372 1304 2421 legatis
1331 2373 1448 2409 modo
1474 2373 1541 2410 be·
1561 2373 1584 2407 7

104 2441 227 2490 nigne
264 2443 483 2493 respondit,
529 2443 598 2480 sed
636 2447 675 2480 et
713 2444 798 2493 ipse
837 2444 990 2493 legatos
1030 2458 1117 2481 cum
1156 2444 1272 2482 donis
1311 2445 1360 2481 ad
1406 2457 1539 2493 regem

104 2512 225 2560 misit,
256 2513 301 2551 L.
320 2513 555 2562 Genucium,
587 2515 634 2554 P.
653 2515 880 2562 Poetelium,
904 2516 951 2554 P.
970 2516 1203 2566 Popillium.
1262 2516 1383 2554 Dona
1412 2517 1541 2553 tulere
1559 2516 1584 2553 8

104 2587 240 2634 togam
272 2589 311 2623 et
342 2588 517 2624 tunicam
549 2601 802 2638 purpuream,
849 2588 985 2625 sellam
1017 2588 1241 2634 eburneam,
1279 2591 1459 2638 pateram
1492 2602 1539 2626 ex

107 2656 285 2706 quinque
315 2658 448 2708 pondo
472 2660 561 2696 auri
586 2660 743 2698 factam.
803 2659 995 2697 Protinus
1020 2664 1059 2698 et
1082 2660 1182 2698 alios
1205 2660 1358 2698 Africae
1381 2661 1542 2710 regulos
1561 2662 1587 2697 9
