1789 2955
509 77 624 112 Liber
649 77 795 112 xxv1.
845 78 905 121 (A.
933 77 998 111 oh.
1025 78 1119 121 211.)
1508 80 1529 114 7

103 204 252 253 Ingens
285 217 426 254 corpus
466 207 561 249 erat,
604 207 643 241 et
681 217 788 242 arma
819 205 1103 250 honestabant;
1150 207 1190 241 et
1221 203 1423 241 sublatum
1456 203 1536 240 alte
1559 203 1606 239 16

101 276 258 325 signum
290 278 542 313 converterat
573 276 624 312 ad
655 276 923 325 spectaculum
948 276 1054 313 cives
1078 276 1302 324 hostesque.
1351 274 1536 312 Ceterum
1557 275 1604 310 17

100 351 312 397 postquam
344 347 422 384 iam
452 346 503 384 ad
527 347 642 396 signa
665 350 902 396 pervenerat
923 347 1210 395 Hispanorum,
1239 351 1323 384 tum
1356 347 1533 396 undique

100 418 140 456 in
173 432 259 456 eum
290 419 461 468 tragulae
494 420 682 456 coniectae
715 421 753 456 et
784 432 908 468 prope
938 422 1023 455 tota
1055 419 1095 455 in
1126 432 1246 456 unum
1271 420 1375 455 acies
1401 432 1531 465 versa;

101 491 168 528 sed
195 503 323 540 neque
348 490 562 527 multitudo
589 489 764 527 hostium
784 504 911 539 neque
927 491 1097 527 telorum
1115 491 1175 527 vis
1193 504 1325 527 arcere
1342 491 1530 539 impetum

100 562 183 600 eius
221 562 297 599 viri
334 565 562 611 potuerunt.
639 563 692 599 Et
723 562 777 599 M.
811 561 963 599 Atilius
1004 563 1158 609 legatus
1190 563 1308 611 primi
1340 562 1534 611 principis

100 647 147 672 ex
188 633 325 671 eadem
363 634 520 683 legione
562 633 719 682 signum
761 635 906 670 inferre
944 635 984 671 in
1026 635 1227 672 cohortem
1260 635 1533 683 Hispanorum

99 707 238 755 coepit3
284 709 324 743 et
361 706 431 755 qui
470 706 611 743 castris
650 709 860 754 praeerant,
906 705 953 742 L.
995 706 1164 743 Porcius
1202 706 1366 743 Licinus
1408 709 1448 741 et
1485 704 1531 743 T.

98 777 300 827 Popillius
332 777 469 826 legati,
514 791 585 827 pro
616 777 721 814 vallo
754 778 901 814 acriter
932 783 1191 826 propugnant
1221 778 1533 826 elephantosque

97 849 437 897 transgredientes
471 849 512 885 in
545 849 631 898 ipso
662 850 770 886 vallo
803 849 1032 886 conficiunt.
1093 850 1270 897 Quorum
1303 848 1577 898 corporibus?

99 934 221 971 quum
266 921 428 971 oppleta
471 922 577 958 fossa
623 925 735 970 esset.
781 922 893 958 velut
933 935 1081 970 aggere
1123 925 1190 958 aut
1228 925 1348 971 ponte
1388 921 1533 957 iniecto

97 993 310 1031 transitum
355 992 536 1030 hostibus
583 993 714 1039 dedit3
761 993 818 1030 ibi
856 1007 975 1042 super
1006 998 1178 1041 stragem
1210 994 1425 1031 iacentium
1457 992 1532 1028 ele-

97 1065 338 1115 phantorum
364 1068 479 1103 atrox
506 1065 614 1102 edita
639 1066 777 1104 caedes.
833 1065 978 1102 Altera
1002 1065 1044 1101 in
1068 1069 1181 1114 parte
1209 1070 1428 1103 castrorum
1461 1065 1537 1100 iam
1557 1064 1578 1098 ’ὦ

98 1137 261 1187 impulsi
301 1140 414 1175 erant
445 1136 639 1186 Campani
670 1137 948 1186 Punicumque
987 1137 1218 1186 praesidium
1258 1141 1298 1174 et
1335 1136 1407 1174 sub
1449 1136 1536 1185 ipsa

97 1212 214 1259 porta
246 1208 405 1258 Capuae,
454 1222 541 1258 quae
574 1208 818 1246 Vulturnum
851 1209 939 1255 fert,
965 1209 1252 1258 *pugnabatuinj
1298 1222 1423 1257 neque
1455 1206 1578 1244 tam4

99 1281 245 1319 armati
270 1281 584 1330 irrumpentibus
608 1280 799 1317 Romanis
818 1281 1068 1320 resistebant.
1096 1294 1214 1330 quam
1231 1284 1347 1330 porta
1363 1279 1535 1316 ballistis

98 1352 459 1402 scorpionibusque
483 1352 679 1389 instructa
702 1352 923 1389 missilibus
942 1354 1081 1402 procul
1100 1353 1233 1391 hostes
1251 1352 1423 1390 arcebat.
1485 1351 1539 1387 Et
1556 1349 1578 1386 5

100 1424 326 1474 suppressit
342 1425 534 1474 impetum
543 1424 813 1461 Romanorum
825 1425 969 1462 vulnus
981 1425 1234 1474 imperatoris
1244 1424 1353 1473 App.
1364 1422 1537 1467 Claudii,

101 1497 166 1534 cui
198 1510 289 1534 suos
321 1499 412 1534 ante
444 1496 572 1546 prima
603 1497 716 1544 signa
747 1496 982 1533 adhortanti
1013 1496 1086 1533 sub
1119 1497 1218 1534 laevo
1242 1497 1406 1533 humero
1434 1508 1536 1532 sum-

100 1581 206 1605 mum
237 1571 374 1617 pectus
406 1581 511 1617 gaeso
542 1568 666 1605 ictum
698 1570 768 1605 est.
829 1568 978 1616 Magna
1002 1569 1062 1605 vis
1088 1572 1220 1604 tamen
1245 1568 1419 1604 hostium
1447 1569 1537 1603 ante

101 1643 258 1689 portam
290 1642 350 1676 est
381 1653 492 1687 caesa,
524 1640 648 1677 ceteri
678 1639 826 1688 trepidi
858 1640 900 1676 in
924 1640 1061 1677 urbem
1088 1640 1294 1689 compulsi.
1355 1639 1409 1676 Et
1426 1638 1535 1675 Han·
1556 1638 1578 1672 6

100 1713 214 1750 nibal
245 1715 455 1762 postquam
483 1712 659 1749 cohortis
676 1711 949 1760 Hispanorum
978 1715 1151 1760 stragem
1176 1711 1283 1748 vidit
1308 1724 1538 1759 summaque

100 1784 142 1822 vi
167 1787 297 1822 castra
324 1783 499 1821 hostium
527 1782 697 1830 defendi,
726 1783 871 1820 omissa
893 1783 1203 1832 oppugnatione,
1228 1783 1406 1832 recipere
1425 1782 1540 1830 signa

102 1859 142 1894 et
171 1857 402 1894 convertere
434 1868 575 1903 agmen
607 1855 801 1904 peditum,
843 1855 1000 1892 obiecto
1032 1855 1080 1892 ab
1112 1858 1226 1902 tergo
1259 1854 1452 1903 equitatu⁷
1491 1867 1539 1890 ne

102 1928 228 1965 hostis
270 1927 452 1972 instaret,
499 1928 630 1976 coepit.
693 1927 916 1975 Legionum
957 1926 1076 1963 ardor
1117 1926 1257 1974 ingens
1297 1925 1347 1962 ad
1388 1925 1581 1962 hostem7

103 1999 393 2049 insequendum
409 1999 503 2045 fuit3
521 1994 690 2036 Flaccus
708 1999 888 2048 receptui
908 1999 997 2036 cani
1014 1998 1139 2045 iussit,
1152 1999 1249 2035 satis
1266 1998 1315 2035 ad
1328 2000 1541 2045 utrumque

102 2072 324 2121 profectum
354 2075 478 2121 ratus,
509 2074 555 2107 ut
587 2074 626 2107 et
648 2070 853 2120 Campani,
886 2084 1004 2119 quam
1035 2071 1140 2108 haud
1172 2070 1340 2107 multum
1372 2069 1411 2105 in
1429 2068 1540 2105 Han-

103 2143 239 2180 nibale
281 2142 460 2192 praesidii
502 2145 615 2189 esset,
661 2146 700 2180 et
741 2143 825 2191 ipse
859 2143 1066 2179 Hannibal
1106 2142 1281 2179 sentiret.
1345 2140 1456 2178 Caesa
1496 2137 1583 2177 e08

106 2214 183 2260 die,
217 2214 287 2263 qui
317 2214 435 2251 huius
466 2227 611 2264 pugnae
642 2217 823 2252 auctores
855 2217 957 2260 sunt,
988 2217 1076 2250 octo
1107 2214 1236 2250 millia
1259 2213 1462 2250 hominum
1494 2211 1540 2248 de

105 2285 352 2323 Hannibalis
384 2286 571 2332 exercitu,
602 2286 684 2323 tria
715 2299 761 2322 ex
783 2285 995 2334 Campanis
1026 2285 1204 2333 tradunt,
1236 2285 1427 2333 signaque
1446 2283 1540 2320 Car-

102 2357 423 2405 thaginiensibus
470 2358 697 2407 quindecim
745 2357 941 2406 adempta,
990 2356 1269 2405 duodeviginti
1316 2355 1540 2404 Campanis.

104 2427 231 2478 Apud
261 2429 361 2466 alios
392 2442 642 2478 nequaquam
673 2432 824 2466 tantam
856 2429 997 2465 molem
1026 2441 1169 2477 pugnae
1196 2428 1343 2473 inveni,
1375 2428 1543 2476 plusque
1562 2425 1584 2460 9

105 2499 266 2549 pavoris
314 2513 432 2549 quam
478 2501 706 2537 certaminis
746 2501 880 2546 fuisse,
928 2514 1047 2549 quum
1088 2499 1294 2548 inopinato
1336 2500 1377 2534 in
1409 2501 1542 2535 castra

106 2570 290 2609 Romana
314 2571 497 2610 Numidae
519 2572 775 2622 Hispanique
809 2585 896 2608 culn
929 2572 1154 2621 elephantis
1186 2571 1436 2620 irrupissent,
1468 2569 1544 2606 ele·
1565 2567 1616 2605 10

106 2641 249 2692 phanti
286 2656 358 2692 per
399 2643 530 2680 media
569 2647 698 2681 castra
737 2643 927 2680 vadentes
974 2647 1146 2690 stragem
1192 2641 1540 2679 tabernaculorum

1622 556 1649 603 6
