1789 2955
155 639 212 687 26

303 90 354 126 92
692 86 807 120 Liber
832 84 999 121 XXVII.
1053 86 1114 128 (A.
1142 98 1174 119 u.
1204 98 1232 121 c.
1259 87 1352 130 546.)

302 214 343 250 in
375 213 569 262 Apuliam
611 225 659 250 ex
691 212 863 251 Bruttiis
902 213 1086 259 reditum,
1131 216 1170 249 et
1208 212 1314 250 inter
1347 212 1564 251 Venusiam
1595 213 1736 251 Banti-

303 298 456 333 amque,
480 284 611 321 minus
634 285 756 322 trium
783 285 955 322 millium
972 298 1159 334 passuum
1185 284 1407 330 intervallo,
1426 285 1606 322 consules
1630 286 1737 323 binis

231 356 282 393 14
300 357 440 394 castris
473 356 749 393 consederunt.
795 357 844 394 In
877 358 1041 394 eandem
1074 357 1275 405 regionem
1307 361 1347 394 et
1371 356 1579 394 Hannibal
1604 357 1740 402 rediit,

304 441 443 465 averso
486 428 535 465 ab
566 428 706 465 Locris
743 428 864 468 bello.
926 429 991 466 lbi
1026 429 1205 466 consules
1238 429 1351 465 ambo
1385 429 1548 478 ingenio
1589 429 1738 466 feroces

301 513 426 550 prope
451 499 632 549 quotidie
666 500 708 536 in
739 501 824 538 acie
848 503 964 546 stare,
997 499 1105 538 haud
1131 500 1251 537 dubia
1276 514 1356 550 spe,
1389 501 1424 538 si
1449 500 1603 538 duobus
1629 513 1738 537 exer-

303 571 450 608 citibus
481 572 757 610 consularibus
788 573 934 610 iunctis
967 572 1228 610 commisisset
1258 586 1340 610 sese
1370 572 1508 618 hostis,
1546 571 1740 609 debellari

301 657 428 693 posse.
489 643 707 690 Hannibal,
753 645 848 693 quia
889 658 975 682 cum
1008 644 1203 682 Marcello
1234 644 1295 681 bis
1332 644 1466 694 priore
1505 657 1608 681 anno
1649 656 1739 680 con·
1788 653 1789 684 ζ

302 729 460 764 gressus
491 715 644 752 vicerat
673 716 881 766 victusque
914 720 1009 763 erat,
1041 720 1095 762 ut,
1128 729 1216 753 cum
1248 716 1387 754 eodem
1411 716 1444 753 si
1470 715 1739 752 dimicandum

300 788 414 833 foret,
445 800 517 824 nec
549 800 659 836 spem
691 802 763 825 nec
795 792 942 825 metum
975 801 1024 824 ex
1051 801 1153 826 vano
1178 788 1356 835 haberet,
1390 789 1447 825 ita
1473 787 1625 824 duobus
1651 800 1740 824 con-

257 859 452 897 2sulibus
491 859 800 908 haudquaquam
842 873 926 898 sese
968 874 1101 910 parem
1144 861 1320 898 futurum
1353 860 1558 903 credebat3
1606 858 1741 907 itaque

258 932 407 969 3totus
446 932 488 968 in
528 944 619 968 suas
662 935 767 969 artes
808 945 945 970 versus
987 932 1145 969 insidiis
1177 933 1307 969 locum
1340 931 1555 981 quaerebat.
1617 930 1742 967 Levia

300 1006 432 1041 tamen
463 1003 606 1052 proelia
638 1003 741 1040 inter
772 1004 866 1041 bina
898 1007 1028 1041 castra
1058 1005 1169 1041 vario
1202 1007 1345 1041 eventu
1375 1003 1536 1041 fiebant.
1588 1002 1742 1048 Quibus

304 1088 425 1125 quum
458 1075 616 1113 extrahi
648 1079 825 1114 aestatem
856 1090 971 1126 posse
1003 1077 1184 1114 consules
1209 1076 1427 1122 crederent,
1458 1075 1589 1113 nihilo
1615 1075 1743 1111 minus

303 1147 529 1197 oppugnari
559 1147 711 1185 Locros
741 1162 857 1197 posse
888 1149 978 1198 rati,
1011 1149 1057 1187 L.
1083 1148 1233 1196 Cincio,
1263 1151 1309 1185 ut
1340 1162 1388 1185 ex
1421 1146 1564 1184 Sicilia
1594 1146 1744 1184 Locros

259 1221 284 1256 4
302 1233 389 1256 cum
423 1220 547 1256 classe
577 1220 793 1267 traiiceret,
825 1221 1023 1266 scribunt;
1058 1224 1097 1258 et
1126 1225 1171 1258 ut
1202 1221 1250 1257 ab
1275 1223 1384 1257 terra
1409 1232 1567 1269 quoque
1591 1231 1742 1268 oppug-

302 1292 391 1329 nari
422 1292 567 1329 moenia
598 1295 771 1341 possent,
805 1292 1019 1330 aTarento
1044 1296 1198 1342 partem
1231 1292 1438 1339 exercitus,
1469 1291 1539 1341 qui
1572 1291 1613 1328 111
1645 1302 1743 1340 prae-

257 1363 401 1400 5sidio
444 1368 541 1410 erat,
588 1364 681 1401 duci
721 1377 765 1401 eo
806 1365 1018 1406 iusserunt.
1080 1365 1140 1402 Ea
1180 1364 1236 1401 ita
1275 1364 1409 1401 futura
1449 1377 1520 1413 per
1551 1362 1744 1412 quosdam

304 1435 504 1473 Thurinos
536 1440 740 1486 comperta
761 1437 981 1474 Hannibali
1008 1450 1128 1485 quum
1154 1439 1296 1482 essent,
1328 1436 1454 1473 mittit
1485 1435 1536 1473 ad
1568 1434 1743 1472 insiden-

304 1507 395 1545 dam
427 1508 477 1545 ab
509 1507 685 1546 Tarento
718 1509 834 1547 viam.
896 1508 962 1545 Ibi
994 1509 1067 1545 sub
1106 1509 1260 1545 tumulo
1293 1508 1461 1546 Peteliae
1497 1507 1577 1545 tria
1614 1507 1743 1544 millia

256 1580 278 1616 6
300 1580 490 1628 equitum,
521 1579 598 1617 duo
629 1580 808 1629 peditum
840 1580 881 1617 in
913 1581 1068 1617 occulto
1101 1581 1251 1626 locata;
1297 1581 1337 1617 in
1370 1593 1458 1630 quae
1485 1579 1740 1628 inexplorato

305 1656 443 1690 euntes
474 1651 649 1689 Romani
682 1665 801 1701 quum
836 1652 1083 1701 incidissent.
1131 1654 1182 1690 ad
1223 1653 1299 1690 duo
1339 1652 1470 1690 millia
1501 1654 1744 1689 armatorum

304 1736 415 1773 caesa,
449 1724 558 1760 mille
590 1727 630 1760 et
661 1723 872 1772 quingenti
903 1724 1024 1761 ferme
1054 1724 1137 1761 vivi
1169 1725 1289 1775 capt-i,
1329 1725 1400 1763 alii
1433 1723 1620 1773 dissipati
1650 1723 1743 1771 fuga

303 1809 376 1845 per
407 1808 525 1844 agros
557 1795 763 1844 saltusque
795 1795 1014 1832 Tarentum
1045 1797 1212 1834 rediere.

260 1870 280 1904 7
415 1867 610 1905 Tumulus
653 1871 738 1905 erat
778 1868 976 1906 silvestris
1008 1869 1112 1906 inter
1138 1868 1294 1906 Punica
1325 1871 1364 1906 et
1389 1867 1572 1905 Romana
1602 1870 1744 1913 castra,

304 1940 353 1977 ab
384 1940 537 1977 neutris
569 1940 697 1989 primo
729 1944 957 1990 occupatus,
991 1941 1084 1990 quia
1114 1940 1300 1987 Romani,
1347 1939 1480 1989 qualis
1520 1953 1614 1989 pars
1646 1939 1744 1985 eius,

303 2025 391 2061 quae
422 2016 605 2060 vergeret
637 2013 686 2050 ad
718 2013 892 2050 hostium
927 2016 1067 2062 castra,
1101 2015 1215 2059 esset,
1254 2011 1506 2061 ignorabant,
1536 2010 1744 2049 Hannibal

258 2083 459 2121 Sinsidiis
491 2097 610 2132 quam
641 2084 786 2121 castris
819 2085 1014 2134 aptiorem
1048 2098 1136 2122 eum
1163 2084 1401 2121 crediderat.
1461 2083 1604 2133 Itaque
1629 2086 1743 2121 nocte

303 2155 354 2193 ad
386 2155 427 2191 id
460 2155 600 2192 missas
632 2156 788 2205 aliquot
804 2155 1071 2194 Numidarum
1095 2160 1246 2193 turmas
1277 2155 1411 2193 medio
1443 2155 1484 2192 in
1516 2155 1621 2193 saltu
1652 2168 1742 2192 con—

304 2227 476 2274 diderat,
509 2240 678 2275 quorum
710 2227 888 2264 interdiu
915 2241 1028 2264 nemo
1057 2228 1106 2265 ab
1131 2228 1303 2265 statione
1327 2227 1572 2274 movebatur,
1602 2239 1651 2263 110
1675 2230 1743 2264 aut

259 2300 410 2336 9ar1na
451 2302 519 2335 aut
560 2299 637 2347 ipsi
679 2299 820 2348 procul
863 2300 1199 2348 conspicerentur.
1260 2299 1505 2337 Fremebant
1541 2298 1662 2347 vulgo
1701 2298 1743 2335 in

304 2370 446 2408 castris
478 2370 680 2417 Romanis,
727 2371 1002 2420 occupandum
1044 2385 1131 2408 eum
1163 2371 1361 2408 tumulum
1393 2383 1476 2407 esse
1508 2373 1547 2406 et
1578 2369 1743 2407 castello

304 2442 554 2488 firmandum,
600 2457 661 2489 ne,
707 2444 739 2480 si
771 2446 986 2491 occupatus
1032 2443 1081 2479 ab
1121 2442 1351 2480 Hannibale
1387 2442 1501 2488 foret,
1545 2442 1657 2479 velut
1702 2441 1743 2478 in

234 2514 285 2551 10
306 2514 528 2553 cervicibus
572 2514 765 2552 haberent
810 2515 975 2552 hostem.
1037 2514 1169 2551 Movit
1214 2527 1259 2551 ea
1304 2527 1367 2550 res
1407 2513 1657 2561 Marcellum,
1705 2517 1742 2550 et

305 2586 470 2635 collegae
501 2586 633 2636 „Quin
662 2586 787 2623 1111115ιι
816 2586 947 2635 inquit
975 2586 1081 2635 „ipsi
1107 2599 1194 2623 cum
1219 2585 1423 2635 equitibus
1447 2585 1584 2635 paucis
1608 2585 1742 2634 explo-

303 2658 461 2695 ratum?
515 2657 707 2696 Subiecta
738 2672 800 2695 res
832 2658 957 2695 oculis
988 2658 1135 2695 nostris
1167 2657 1314 2694 certius
1346 2657 1459 2695 dabit
1492 2656 1737 2695 consiliumf‘
