1789 2955
503 78 619 112 Liber
646 78 838 113 XXVIII.
887 79 950 122 (A.
978 78 1043 113 Oh.
1070 81 1164 122 206.)
1473 82 1550 119 159

115 219 196 243 non
212 209 293 242 tam
311 205 361 243 ad
379 205 530 242 bellum
548 205 765 253 gerendum
785 206 928 254 (neque
954 206 1058 242 enim
1076 219 1163 242 cum
1181 206 1270 256 pari
1297 206 1409 243 hoste
1427 211 1552 244 certa—

117 291 206 314 men
237 278 338 326 esse)
372 290 489 326 quam
521 277 571 314 ad
603 278 848 327 expetendas
874 277 923 314 ab
948 278 1173 315 hominibus
1206 278 1386 315 scelestis
1403 291 1551 327 poenas.

230 348 297 386 Ab
329 348 403 386 hac
421 349 601 386 oratione
629 349 813 386 dimissos
841 349 890 386 ad
928 349 1005 386 iter
1036 363 1076 386 se
1109 362 1340 398 comparare
1372 351 1411 387 in
1445 350 1551 387 diem
1639 344 1694 394 33

115 424 320 470 posterum
352 420 475 466 iubet,
507 421 790 470 profectusque
823 420 984 457 decimis
1016 421 1158 458 castris
1189 421 1374 470 pervenit
1405 421 1455 458 ad
1480 421 1553 458 Hi-

119 493 258 530 berum
289 492 447 530 fiumen.
493 491 607 538 Inde,
639 495 824 541 superato
850 492 970 536 amni,
1004 492 1069 528 die
1096 496 1238 542 quarto
1265 493 1305 529 in
1338 496 1553 541 conspectu

119 564 294 602 hostium
326 564 463 613 posuit
495 568 635 602 castra.
687 563 859 613 Campus
884 567 986 609 ante,
1020 564 1222 601 montibus
1255 565 1362 602 circa
1393 568 1553 613 saeptus,
1575 564 1598 599 2

118 639 214 673 erat.
260 636 310 673 In
334 648 419 672 eam
450 636 595 672 vallem
628 635 764 684 Scipio
797 648 916 684 quum
948 649 1106 684 pecora,
1136 640 1252 685 rapta
1283 636 1475 685 pleraque
1508 649 1555 672 ex

118 708 295 757 ipsorum
313 706 486 744 hostium
503 708 621 755 agris,
638 707 811 757 propelli
828 707 877 743 ad
895 707 1131 744 irritandam
1148 708 1347 744 feritatem
1364 707 1553 744 barbaro-

119 792 208 816 rum
225 779 419 825 iussisset,
450 779 590 816 velites
607 779 787 816 subsidio
805 778 925 825 misit,
956 793 978 815 a
995 779 1141 828 quibus
1169 779 1238 816 ubi
1261 793 1332 829 per
1348 792 1556 829 procursa-
1577 779 1600 815 3

119 851 269 888 tionem
301 851 509 888 commissa
539 863 674 900 pugna
705 853 819 896 esset,
851 850 1020 887 Laelium
1047 864 1132 887 cum
1151 852 1331 900 equitatu
1363 851 1552 900 impetum

120 936 168 960 ex
199 923 356 961 occulto
387 923 517 960 facere
548 922 670 959 iubet.
716 922 834 960 Mons
866 926 1089 972 opportune
1120 923 1348 972 prominens
1376 922 1557 971 equitum
1576 922 1601 958 4

120 994 292 1031 insidias
321 994 436 1040 texit,
467 1007 538 1031 nec
569 994 653 1031 ulla
684 1007 793 1031 mora
837 1007 982 1043 pugnae
1024 994 1129 1031 facta
1160 998 1229 1031 est.
1290 994 1466 1043 Hispani
1514 993 1555 1030 in

121 1070 334 1116 conspecta
364 1066 505 1115 procul
536 1079 693 1115 pecora,
723 1066 862 1102 velites
893 1066 933 1102 in
958 1065 1164 1115 Hispanos
1187 1066 1323 1115 praeda
1341 1070 1555 1114 occupatos

120 1138 336 1175 incurrere.
383 1137 523 1175 Primo
542 1138 764 1174 missilibus
780 1138 1036 1183 territavere3
1069 1137 1225 1183 deinde,
1243 1137 1373 1174 missis
1401 1136 1555 1173 levibus
1575 1137 1598 1174 5

120 1210 226 1255 telis,
267 1222 356 1258 quae
387 1209 548 1246 irritare
581 1210 706 1257 magis
739 1223 856 1258 quam
904 1209 1119 1245 decernere
1150 1223 1327 1258 pugnam
1359 1211 1556 1258 poterant,

123 1281 278 1330 gladios
309 1281 474 1328 nudant,
505 1285 545 1318 et
576 1281 723 1318 collato
755 1280 856 1330 pede
881 1294 942 1317 res
970 1284 1098 1329 coepta
1116 1281 1201 1329 geri
1220 1284 1297 1327 est3
1331 1293 1557 1329 ancepsque

121 1353 308 1402 pedestre
353 1356 552 1390 certamen
599 1355 696 1398 erat,
744 1353 785 1389 ni
827 1354 979 1402 equites
1018 1353 1357 1402 supervenissent.
1419 1352 1602 1400 Nequess

124 1438 172 1462 ex
203 1425 370 1462 adverso
401 1427 557 1461 tantum
605 1424 711 1461 illati
756 1424 896 1462 obvios
928 1424 1150 1471 obtrivere,
1197 1424 1266 1461 sed
1299 1423 1557 1461 circumvecti

123 1498 243 1535 etiam
265 1497 426 1546 quidam
443 1509 514 1546 per
532 1495 667 1532 infima
691 1496 786 1533 clivi
809 1495 859 1533 ab
886 1499 999 1544 tergo
1031 1510 1080 1541 se,
1112 1499 1158 1533 ut
1188 1497 1402 1546 plerosque
1434 1496 1556 1531 inter-

124 1568 346 1616 cluderent,
377 1568 621 1614 obiecerunt,
653 1569 858 1617 maiorque
900 1568 1026 1604 caedes
1066 1569 1163 1615 fuit,
1209 1582 1326 1617 quam
1368 1570 1557 1617 quantam

124 1640 242 1677 edere
273 1640 379 1677 levia
409 1653 481 1689 per
513 1639 767 1677 excursiones
798 1639 942 1688 proelia
973 1639 1112 1676 solent.
1158 1639 1227 1676 Ira
1253 1641 1379 1689 magis
1397 1652 1560 1676 accensa
1579 1639 1601 1674 7

125 1711 290 1749 adverso
321 1713 467 1761 proelio
499 1711 681 1749 barbaris
713 1715 783 1757 est,
822 1724 937 1760 quam
986 1711 1189 1748 imminuti
1220 1711 1352 1750 animi.
1414 1711 1558 1759 Itaque

125 1796 174 1820 ne
190 1783 364 1833 perculsi
380 1784 626 1831 viderentur,
643 1784 772 1833 prima
797 1783 884 1819 luce
906 1787 1066 1832 postero
1091 1783 1156 1820 die
1183 1784 1223 1820 in
1251 1783 1374 1820 aciem
1400 1795 1557 1831 proces-

125 1869 222 1893 sere.
283 1855 374 1894 Non
406 1856 593 1905 capiebat
624 1869 758 1892 omnes
790 1856 924 1904 copias
943 1858 1120 1902 angusta,
1153 1855 1256 1892 sicut
1287 1858 1379 1892 ante
1412 1854 1563 1891 dictum
1582 1854 1606 1890 8

125 1930 196 1974 est,
227 1927 368 1974 vallis;
401 1928 489 1965 duae
521 1927 643 1964 ferme
675 1927 854 1976 peditum
885 1929 1019 1976 partes
1053 1929 1092 1963 et
1122 1927 1250 1964 omnis
1281 1927 1482 1976 equitatus
1516 1926 1558 1962 in

125 1999 249 2036 aciem
282 2000 509 2046 descendit3
541 1999 648 2049 quod
680 1999 877 2047 reliquum
908 1998 1089 2048 peditum
1121 2002 1218 2043 erat,
1259 1999 1422 2048 obliquo
1470 2011 1558 2034 con-

125 2072 343 2107 stituerunt
374 2071 485 2108 colle.
547 2071 697 2120 Scipio,
729 2084 801 2120 pro
833 2084 874 2107 se
906 2083 990 2107 esse
1017 2070 1096 2107 loci
1129 2071 1336 2119 angustias
1367 2074 1490 2116 ratus,
1523 2073 1560 2105 et
1579 2071 1601 2105 9

125 2143 232 2192 quod
279 2143 320 2179 in
366 2146 454 2180 arto
498 2155 635 2192 pugna
665 2142 846 2179 Romano
893 2142 1024 2191 aptior
1055 2155 1172 2191 quam
1204 2142 1389 2191 Hispano
1437 2141 1559 2177 militi

126 2214 261 2252 futura
291 2214 516 2263 videbatur,
565 2217 603 2250 et
647 2214 754 2262 quod
800 2214 840 2250 in
887 2226 975 2250 eum
1014 2214 1145 2250 locum
1177 2214 1356 2251 detracta
1386 2213 1559 2250 hostium

127 2286 231 2323 acies
263 2289 374 2332 esset,
420 2286 489 2335 qui
513 2299 591 2322 non
615 2298 766 2322 omnem
785 2284 1084 2322 multitudinem
1102 2299 1239 2323 eorum
1258 2288 1427 2334 caperet,
1458 2296 1560 2321 novo

127 2357 248 2395 etiam
294 2358 462 2395 consilio
509 2356 658 2394 adiecit
688 2357 879 2403 animum;
913 2358 1088 2406 equitem
1133 2371 1204 2394 nec
1252 2371 1292 2394 se
1339 2370 1454 2406 posse
1486 2356 1564 2392 cir·
1586 2355 1635 2392 10

127 2429 316 2466 cumdare
362 2429 550 2467 cornibus
597 2429 639 2466 in
682 2431 763 2465 tam
823 2432 992 2477 angusto
1023 2429 1171 2478 spatio,
1203 2432 1242 2466 et
1272 2428 1395 2474 hosti,
1443 2441 1559 2477 quem

128 2512 216 2536 cum
247 2500 381 2550 pedite
414 2500 653 2547 deduxisset,
686 2500 873 2537 inutilem
903 2501 999 2538 fore.
1046 2501 1191 2549 Itaque
1224 2501 1394 2549 imperat
1426 2499 1565 2545 Laelio,
1587 2498 1631 2535 11

127 2574 172 2608 ut
202 2585 274 2621 per
304 2572 426 2609 eolles
457 2586 576 2621 quam
608 2572 878 2609 occultissimo
919 2572 1060 2609 itinere
1101 2572 1375 2609 circumducat
1407 2571 1560 2620 equites

128 2646 404 2692 segregetque,
437 2647 629 2693 quantum
662 2643 804 2693 possit,
836 2646 1060 2692 equestrem
1106 2657 1128 2680 a
1157 2643 1335 2693 pedestri
1366 2655 1560 2692 pugnam3
