1768 2943
512 82 616 113 Liber
641 83 733 114 xxi
786 82 841 124 (A.
869 83 931 114 Ch.
957 82 1052 125 218.)
1430 85 1486 126 49

72 214 241 259 rediere,
274 219 317 250 ut
348 212 410 249 vix
441 212 619 250 laetitiam
643 212 818 251 victoriae
851 214 1059 250 sentirent.
1121 214 1262 262 Itaque
1284 219 1406 252 nocte
1429 213 1529 254 in-8

72 284 269 333 sequenti,
296 295 417 332 quum
441 283 672 332 praesidium
697 288 920 321 castrorum
938 289 978 321 et
995 285 1108 332 quod
1125 284 1319 333 reliquum
1336 285 1487 321 saucio-

71 367 160 391 rum
194 366 242 391 ex
273 366 423 402 magna
455 358 568 402 parte
599 353 767 390 militum
800 359 897 398 erat,
931 354 1081 391 ratibus
1109 354 1300 391 Trebiam
1333 356 1488 392 traiice-

70 430 172 471 rent,
206 429 274 461 aut
305 424 401 461 nihil
434 436 597 461 sensere
623 425 886 473 obstrepente
910 425 1043 473 pluvia
1067 430 1148 469 aut,
1182 424 1276 473 quia
1298 425 1379 461 iam
1403 424 1528 465 mo-9

70 495 152 532 veri
189 494 413 543 nequibant
451 507 533 543 prae
572 494 809 531 lassitudine
849 508 896 532 ac
935 495 1177 539 vulneribus,
1219 495 1367 532 sentire
1399 507 1490 532 sese

71 565 384 608 dissimularunt,
425 564 650 614 quietisque
682 565 817 603 Poenis
856 565 980 602 tacito
1020 565 1182 614 agmine
1214 567 1265 602 ab
1299 566 1490 615 Scipione

70 636 238 673 consule
262 634 458 671 exercitus
482 635 730 672 Placentiam
754 641 815 673 est
838 637 1070 685 perductus,
1096 636 1193 673 inde
1210 637 1326 673 Pado
1348 637 1489 673 traiec—

70 712 133 743 tus
166 705 424 749 Cremonam,
457 717 510 741 ne
543 706 716 742 duorum
749 706 995 743 exercituum
1021 706 1197 744 hibernis
1221 719 1302 743 una
1327 707 1490 744 colonia

70 781 329 825 premeretur.

188 847 361 883 Romam
385 851 521 882 tantus
546 851 672 883 terror
689 859 737 883 ex
759 847 834 883 hac
854 847 970 883 clade
987 848 1167 896 perlatus
1185 852 1258 891 est,
1277 847 1417 884 utiam
1433 848 1488 884 ad
1550 842 1610 887 57

71 918 210 954 urbem
232 918 462 954 Romanam
487 918 700 954 crederent
730 917 888 954 infestis
921 917 1046 966 signis
1079 918 1238 955 hostem
1266 923 1489 963 venturum,

70 1000 146 1025 nec
165 987 378 1036 quicquam
397 988 484 1036 spei
501 993 571 1024 aut
587 988 720 1024 auxilii
738 999 842 1032 esse,
869 999 949 1036 quo
967 988 1094 1037 portis
1111 989 1394 1036 moenibusque
1411 989 1490 1025 vim

71 1063 272 1095 arcerent:
307 1070 389 1094 uno
423 1059 590 1095 consule
624 1058 678 1094 ad
711 1057 898 1094 Ticinum
930 1057 1050 1103 victo,
1084 1059 1252 1095 alterum
1285 1071 1333 1095 ex
1358 1056 1532 1096 Sieilia2

70 1133 321 1172 revocatum;
341 1129 501 1169 duobus
520 1129 767 1172 consulibus,
783 1129 944 1165 duobus
958 1128 1236 1167 consularibus
1251 1129 1491 1166 exercitibus

70 1198 195 1244 victis,
230 1211 332 1247 quos
364 1198 466 1236 alios
499 1200 639 1243 duces,
666 1210 766 1247 quas
792 1199 889 1235 alias
913 1199 1097 1248 legiones
1122 1212 1226 1244 esse,
1252 1211 1342 1248 quae
1360 1212 1491 1237 arces-

71 1267 234 1306 santur?
265 1268 326 1305 Ita
357 1269 500 1306 territis
526 1269 789 1318 Sempronius
822 1270 964 1306 consul
996 1270 1174 1313 advenit,
1207 1270 1363 1319 ingenti
1387 1266 1531 1319 peri-3

70 1340 161 1376 culo
193 1352 265 1388 per
297 1339 447 1376 effusos
480 1339 631 1389 passim
663 1340 718 1376 ad
749 1340 1017 1388 praedandum
1043 1340 1219 1377 hostium
1241 1340 1397 1389 equites
1423 1352 1492 1377 au-

71 1409 189 1447 dacia
220 1409 349 1458 magis
382 1422 504 1458 quam
537 1410 707 1447 consilio
740 1415 809 1446 aut
842 1422 914 1458 spe
947 1410 1113 1446 fallendi
1145 1411 1424 1455 resistendive,
1459 1410 1490 1447 si

71 1492 154 1517 non
173 1480 340 1525 falleret,
358 1485 645 1530 transgressus.
685 1481 736 1525 Is,
756 1481 869 1529 quod
886 1493 1010 1517 unum
1026 1480 1200 1517 maxime
1217 1481 1259 1517 in
1275 1481 1491 1530 praesentia
1504 1477 1532 1517 4

71 1550 391 1595 desiderabatur,
425 1551 597 1588 comitiis
620 1551 899 1588 consularibus
921 1550 1081 1595 habitis,
1104 1551 1146 1587 in
1167 1551 1337 1588 hiberna
1358 1552 1489 1588 rediit.

72 1620 207 1657 Creati
239 1621 426 1658 consules
460 1621 536 1658 Cn.
569 1621 754 1658 Servilius
788 1626 828 1657 et
860 1620 906 1657 C.
939 1621 1159 1657 Flaminius
1192 1621 1349 1658 iterum.

190 1691 378 1728 Ceterum
410 1704 462 1727 ne
494 1691 663 1727 hiberna
696 1692 861 1739 quidem
886 1691 1081 1727 Romanis
1106 1691 1242 1739 quieta
1269 1697 1396 1736 erant,
1424 1687 1532 1729 νει-5

70 1761 259 1811 gantibus
271 1761 422 1810 passim
432 1760 618 1798 Numidis
632 1762 832 1810 equitibus
850 1766 902 1806 et,
922 1764 967 1797 ul
982 1773 1152 1809 quaeque
1169 1761 1216 1798 iis
1232 1760 1491 1809 impeditiora

71 1836 199 1876 erant,
233 1831 443 1868 Celtiberis
465 1831 764 1880 Lusitanisque.
818 1830 973 1868 Omnes
1004 1831 1123 1880 igitur
1153 1831 1335 1879 undique
1368 1830 1491 1868 clausi

71 1907 322 1939 commeatus
354 1906 481 1946 erant,
514 1901 591 1938 nisi
624 1913 727 1950 quos
759 1902 875 1950 Pado
908 1913 1033 1938 naves
1066 1901 1348 1938 subveherent.
1397 1898 1531 1939 lim-6

70 1972 229 2022 porium
259 1984 388 2021 prope
420 1972 666 2008 Placentiam
701 1972 773 2008 fuit
805 1976 845 2008 et
876 1983 1001 2020 opere
1040 1983 1191 2020 magno
1223 1971 1420 2008 munitum
1453 1976 1493 2008 et

70 2042 206 2083 valido
234 2042 432 2079 firmatum
456 2041 660 2090 praesidio.
709 2041 806 2078 Eius
832 2041 983 2078 castelli
1009 2041 1278 2090 oppugnandi
1302 2053 1375 2090 spe
1401 2053 1492 2077 cum

72 2112 272 2161 equitibus
289 2124 337 2149 ac
353 2111 429 2148 levi
447 2117 647 2157 armatura
663 2111 871 2160 profectus
889 2110 1107 2156 Hannibal,
1136 2124 1257 2160 quum
1280 2111 1492 2160 plurimum

71 2183 113 2219 in
145 2183 320 2219 celando
344 2182 509 2230 incepto
535 2183 589 2218 ad
613 2181 802 2218 effectum
827 2181 914 2230 spei
936 2182 1154 2226 habuisset,
1178 2186 1301 2218 nocte
1323 2181 1491 2217 adortus

71 2264 158 2289 non
189 2250 328 2288 fefellit
359 2251 512 2300 vigiles.
560 2251 718 2288 Tantus
749 2256 917 2300 repente
951 2253 1103 2288 clamor
1135 2257 1196 2289 est
1227 2251 1420 2295 sublatus,
1449 2248 1529 2288 ut7

71 2322 287 2359 Placentiae
311 2334 474 2371 quoque
499 2322 715 2358 audiretur.
770 2321 910 2370 Itaque
939 2323 1012 2358 sub
1040 2322 1169 2358 lucem
1193 2333 1283 2358 cum
1311 2320 1490 2369 equitatu

72 2393 214 2429 consul
231 2392 386 2436 aderat,
403 2392 521 2430 iussis
539 2392 740 2441 quadrato
758 2391 919 2440 agmine
936 2391 1164 2440 legionibus
1183 2390 1309 2439 sequi.
1358 2390 1492 2437 Eque·
1506 2387 1530 2428 8

73 2466 152 2499 stre
183 2461 340 2498 interim
373 2463 556 2511 proelium
588 2462 860 2506 commissum,
889 2461 930 2498 in
954 2473 1049 2510 quo,
1081 2462 1175 2510 quia
1199 2460 1357 2498 saucius
1379 2459 1492 2495 Han-

72 2531 182 2568 nibal
198 2544 335 2581 pugna
352 2533 536 2578 excessit,
551 2543 703 2581 pavore
721 2531 904 2568 hostibus
921 2531 1086 2576 iniecto,
1101 2531 1315 2568 defensum
1329 2528 1491 2577 egregie

73 2602 303 2650 praesidium
342 2607 416 2639 est.
485 2603 712 2640 Paucorum
750 2602 847 2639 inde
885 2601 1040 2638 dierum
1081 2600 1216 2648 quiete
1255 2603 1413 2647 sumpta
1451 2596 1530 2638 et9

146 2667 246 2694 Livius
267 2677 301 2694 ex
322 2676 381 2694 rec.
401 2667 553 2701 Madvigii.
593 2668 641 2693 111.
1186 2667 1207 2700 4
