1789 2955
256 112 341 152 254
688 109 790 141 Liber
816 109 924 141 XXV.
975 109 1030 153 (A.
1050 121 1081 142 u.
1101 121 1130 141 e.
1150 109 1244 153 542.)

257 246 388 278 castra
412 246 547 277 vetera
574 241 853 277 Romanorum
880 242 1047 279 adortus
1073 247 1146 286 est,
1172 241 1316 290 quibus
1340 242 1548 292 Crispinus
1574 256 1674 293 prae-

256 317 352 355 erat,
387 317 427 347 et
459 311 664 360 Epicydes
697 311 950 360 eruptionem
985 312 1025 348 in
1059 312 1255 349 stationes
1282 312 1461 350 Marcelli
1494 314 1601 359 fecit,
1634 320 1676 352 et

255 382 392 418 classis
410 381 562 418 Punica
585 381 702 425 litori,
728 382 841 429 quod
866 382 969 418 inter
993 383 1133 418 urbem
1158 388 1198 418 et
1222 388 1353 420 castra
1369 384 1556 421 Romana
1574 391 1673 430 erat,

254 452 424 501 appulsa
459 457 532 496 est,
565 464 618 488 ne
650 452 747 500 quid
779 451 955 500 praesidii
984 451 1171 500 Crispino
1205 453 1395 490 summitti
1427 467 1451 490 a
1479 453 1673 492 Marcello

216 520 409 571 5posset.
473 522 706 558 Tumultum
730 527 866 558 tamen
892 521 1087 558 maiorem
1112 522 1251 560 hostes
1274 524 1530 572 praebuerunt
1552 537 1674 574 quam

255 597 477 636 certamem
503 604 598 628 nam
621 597 662 628 et
679 579 886 641 Crispinus
904 590 1186 640 Hippocraten
1210 605 1295 630 non
1319 595 1491 642 reppulit
1516 600 1672 633 tantum

252 662 524 707 munimentis,
566 663 641 699 sed
678 662 884 699 insecutus
918 663 1039 698 etiam
1072 668 1133 699 est
1165 663 1322 712 trepide
1355 664 1592 712 fugientem,
1633 671 1675 702 et

216 731 240 771 6
255 733 467 782 Epicyden
491 733 705 769 Marcellus
737 733 779 769 in
810 733 950 769 urbem
985 733 1197 781 compulit;
1232 734 1409 782 satisque
1440 734 1520 771 iam
1550 735 1672 772 etiam

253 803 292 840 in
317 808 523 852 posterum
549 803 760 840 videbatur
784 803 1002 852 provisum,
1028 816 1081 839 ne
1105 803 1203 851 quid
1221 805 1272 840 ab
1289 805 1511 853 repentinis
1529 818 1671 843 eorum

213 871 235 912 7
253 874 556 911 excursionibus
581 873 745 922 periculi
764 874 880 910 foret.
929 874 1112 910 Accessit
1129 878 1169 909 et
1185 874 1427 922 pestilentia,
1454 888 1671 913 commune

253 946 415 989 malum,
440 945 554 993 quod
578 944 695 980 facile
718 949 978 992 utrorumque
1003 945 1162 981 animos
1186 950 1384 981 averteret
1408 958 1432 981 a
1456 946 1549 982 belli
1574 959 1672 983 con-

254 1015 361 1052 siliis.
414 1014 519 1051 Nam
543 1020 727 1063 tempore
752 1015 931 1051 autumni
957 1020 996 1050 et
1019 1014 1118 1051 locis
1143 1020 1286 1051 natura
1311 1016 1511 1064 gravibus,
1545 1018 1671 1053 multo

252 1092 390 1122 tamen
428 1085 557 1134 magis
597 1090 707 1121 extra
745 1086 885 1121 urbem
925 1097 1046 1133 quam
1084 1085 1126 1121 in
1165 1086 1276 1130 urbe,
1324 1085 1582 1124 intoleranda
1614 1087 1672 1124 vis

211 1152 235 1193 8
252 1163 370 1193 aestus
403 1169 474 1205 per
506 1162 674 1204 utraque
708 1161 838 1192 castra
864 1155 1042 1191 omniurn
1067 1155 1191 1192 ferme
1216 1168 1389 1204 corpora
1411 1158 1548 1194 movit.
1610 1159 1670 1196 Ac

252 1227 380 1276 primo
413 1226 606 1275 temporis
639 1238 686 1262 ac
718 1225 797 1262 loci
830 1225 924 1261 vitio
959 1230 998 1262 et
1030 1226 1124 1274 aegri
1157 1231 1273 1262 erant
1305 1231 1344 1262 et
1371 1227 1667 1273 moriebantur;

251 1303 396 1346 postea
421 1297 574 1333 curatio
599 1296 687 1345 ipsa
713 1301 752 1332 et
770 1301 982 1333 contactus
1001 1308 1197 1345 aegrorum
1217 1297 1406 1345 vulgabat
1422 1298 1601 1343 morbos,
1628 1305 1672 1335 ut

253 1373 321 1404 aut
351 1367 524 1416 neglecti
550 1367 792 1415 desertique,
827 1367 893 1414 qui
917 1366 1168 1411 incidissent,
1204 1372 1454 1404 morerentur
1479 1374 1548 1404 aut
1572 1370 1670 1406 assi-

253 1439 397 1475 dentes
421 1443 690 1486 curantesque
716 1438 863 1473 eadem
888 1437 924 1472 vi
947 1437 1076 1473 morbi
1101 1438 1278 1486 repletos
1297 1450 1438 1474 secum
1452 1439 1669 1484 traherent,

210 1505 235 1545 9
251 1509 572 1556 quotidianaque
601 1508 743 1544 funera
768 1513 808 1544 et
831 1520 939 1544 mors
964 1509 1017 1544 ob
1044 1508 1184 1544 oculos
1204 1514 1312 1544 esset
1329 1514 1368 1544 et
1385 1509 1565 1557 undique
1583 1511 1672 1547 dies

183 1575 237 1616 10
252 1585 475 1627 noctesque
500 1580 678 1627 ploratus
697 1566 942 1614 audirentur.
991 1578 1204 1614 Postremo
1222 1578 1277 1614 ita
1295 1580 1558 1616 assuetudine
1577 1581 1672 1617 mali

252 1649 517 1686 efferaverant
535 1650 706 1693 animos,
725 1654 768 1684 ut
785 1660 868 1684 non
886 1649 1013 1684 modo
1027 1648 1199 1685 lacrimis
1211 1648 1400 1696 iustoque
1415 1651 1668 1699 comploratu

251 1726 592 1770 prosequerentur
623 1725 817 1763 mortuos,
852 1719 927 1755 sed
957 1731 1007 1755 ne
1034 1719 1222 1755 efferrent
1246 1719 1410 1767 quidem
1435 1725 1503 1756 aut
1528 1721 1674 1769 sepeli-

250 1798 352 1836 rent,
377 1791 636 1838 iacerentque
661 1795 783 1826 strata
801 1789 988 1826 exanima
1007 1801 1179 1838 corpora
1199 1790 1239 1825 in
1257 1795 1480 1838 conspectu
1499 1790 1667 1827 similem

188 1858 236 1897 11
252 1867 421 1898 mortem
447 1861 780 1910 exspectantium,
814 1860 1041 1908 mortuique
1068 1872 1211 1908 aegros,
1246 1860 1339 1908 aegri
1364 1859 1520 1897 validos
1545 1873 1666 1909 quum

252 1937 373 1976 metu,
399 1938 482 1968 turn
499 1932 593 1968 tabe
611 1943 658 1968 ac
676 1930 870 1980 pestifero
889 1931 1020 1967 odore
1038 1942 1254 1979 corporum
1273 1929 1539 1975 conficerent;
1571 1937 1612 1968 et
1628 1937 1670 1968 ut

254 2002 358 2038 ferro
383 2002 517 2050 potius
542 2007 805 2045 morerentur,
832 2001 997 2048 quidam
1022 2001 1274 2037 invadebant
1299 2000 1372 2036 soli
1398 2001 1573 2038 hostium
1591 2007 1670 2039 sta-

184 2068 237 2108 12
253 2073 398 2108 tiones.
453 2071 581 2108 Multo
607 2077 743 2108 tamen
766 2071 822 2107 vis
846 2071 975 2107 maior
998 2071 1122 2119 pestis
1148 2071 1367 2107 Poenorum
1392 2077 1524 2108 castra
1548 2085 1668 2121 quam

253 2143 440 2178 Romana
457 2142 726 2188 corripueram
753 2153 843 2176 nam
861 2141 1040 2177 Romani
1053 2141 1122 2178 diu
1141 2141 1481 2178 circumsedendo
1501 2142 1670 2191 Syracu—

186 2208 237 2249 13
254 2225 318 2250 sas
336 2213 436 2250 caelo
455 2212 650 2260 aquisque
668 2217 878 2248 assuerant
895 2212 1038 2261 magis.
1087 2212 1147 2248 Ex
1161 2211 1337 2249 hostium
1348 2213 1523 2249 exercitu
1537 2214 1669 2258 Siculi,

255 2289 295 2319 ut
327 2283 498 2332 primum
531 2282 681 2326 videre,
715 2294 763 2318 ex
794 2283 990 2330 gravitate
1021 2283 1099 2319 loci
1123 2281 1275 2331 vulgari
1300 2283 1478 2326 morbos,
1511 2283 1551 2320 in
1577 2295 1670 2321 suas

188 2350 241 2390 14
255 2354 424 2402 quisque
462 2352 710 2402 propinquas
743 2353 861 2389 urbes
895 2353 1055 2402 dilapsi·
1074 2358 1183 2397 sunt;
1225 2358 1266 2388 at
1298 2351 1668 2401 Carthaginienses,

254 2424 398 2471 quibus
422 2435 621 2471 nusquam
646 2427 832 2471 receptus
858 2428 956 2467 erat,
988 2435 1077 2460 cum
1103 2422 1200 2471 ipsis
1224 2422 1394 2459 ducibus
1418 2422 1669 2472 Hippocrate

185 2491 239 2532 15
253 2499 374 2542 atque
406 2493 637 2531 Himilcone
670 2493 724 2528 ad
755 2492 1076 2530 internecionem
1109 2506 1252 2530 omnes
1284 2493 1499 2541 perierunt.
1563 2493 1670 2530 Mar-

255 2564 390 2608 cellus,
439 2569 482 2600 ut
527 2568 640 2600 tanta
677 2563 734 2599 vis
773 2563 986 2611 ingruebat
1024 2563 1130 2607 mali,
1180 2563 1411 2599 traduxerat
1448 2563 1488 2599 in
1529 2564 1670 2600 urbem
