1789 2955
272 116 354 157 194
689 115 792 145 Liber
818 114 942 144 xxrv.
984 112 1038 154 (A.
1060 123 1090 144 u.
1114 124 1141 144 c.
1164 112 1259 156 540.)

268 246 475 282 muliebria
513 245 682 282 consilia
713 246 1008 282 Adranodorus
1048 258 1181 293 neque
1220 251 1305 281 tota
1343 249 1580 293 aspernatus
1622 249 1684 281 est

267 328 399 363 neque
432 316 633 364 externplo
667 315 837 364 accepit,
871 316 1057 352 tutiorem
1090 316 1143 351 ad
1177 327 1277 363 opes
1299 314 1552 351 affectandas
1575 319 1683 350 ratus

199 378 252 418 12
266 397 356 422 esse
388 385 505 429 viam,
540 385 571 421 si
602 386 644 422 in
666 386 880 434 praesentia
903 386 1075 434 tempori
1099 386 1298 422 cessisset.
1361 384 1501 431 Itaque
1525 384 1682 431 legatos

266 456 495 492 renuntiare
526 456 651 500 iussit,
686 456 857 492 futurum
891 469 934 493 se
965 457 1007 492 in
1039 462 1204 493 senatus
1232 467 1279 491 ac
1302 454 1441 502 populi
1464 458 1681 502 potestate.

266 525 435 562 Postero
475 526 542 560 die
580 526 668 562 luce
706 527 833 574 prima
876 526 1088 575 patefactis
1120 525 1264 561 Insulae
1298 524 1437 572 portis,
1477 524 1518 559 in
1552 523 1683 559 forum

198 587 250 628 13
275 595 518 631 Achradinae
555 595 675 632 venit.
738 596 796 632 Ibi
834 597 875 632 in
914 609 1023 632 aram
1057 595 1314 638 Concordiae,
1356 607 1404 630 ex
1442 606 1521 642 qua
1553 592 1682 642 pridie

273 665 485 713 Polyaenus
518 665 777 702 contionatus
799 673 896 711 erat,
920 667 1105 703 escendit
1126 666 1432 712 orationemque
1455 676 1544 699 eam
1568 675 1682 699 orsus

199 729 251 768 14
265 742 337 779 est,
372 748 451 784 qua
482 736 651 784 primum
684 737 956 773 cunctationis
988 748 1069 772 suae
1102 737 1261 772 veniam
1293 735 1451 784 petivit:
1499 746 1541 770 se
1575 734 1682 770 enim

265 806 421 842 clausas
454 806 642 842 habuisse
674 812 826 854 portas,
859 819 943 843 non
973 811 1229 855 separantem
1252 818 1344 842 suas
1367 817 1429 841 res
1452 817 1476 840 a
1498 804 1680 853 publicis,

265 877 351 920 sed,
386 876 529 912 strictis
562 877 685 912 semel
716 878 876 925 gladiis,
910 878 1130 921 timentem,
1165 876 1231 924 qui
1260 876 1348 912 finis
1371 875 1551 911 caedibus
1575 879 1683 911 esset

264 946 430 990 futurus,
456 952 598 991 utrum,
624 948 737 995 quod
755 949 850 984 satis
868 947 1039 983 libertati
1058 946 1174 991 foret,
1201 946 1383 983 contenti
1402 957 1504 981 nece
1522 945 1681 992 tyranni

264 1021 413 1060 essent,
442 1029 508 1061 an,
533 1017 761 1066 quicunque.
786 1025 855 1054 aut
878 1018 1180 1066 propinquitate
1207 1022 1275 1052 aut
1298 1015 1494 1052 affinitate
1520 1020 1588 1050 aut
1611 1015 1681 1050 ali-

263 1087 350 1135 quis
383 1086 611 1123 ministeriis
643 1088 794 1136 regiam
828 1089 1106 1136 contigissent,
1140 1088 1281 1123 alienae
1315 1086 1442 1134 culpae
1475 1086 1531 1121 rei
1564 1085 1681 1122 truci-

196 1149 249 1190 15
264 1158 468 1193 darentur.
530 1157 749 1205 Postquam
774 1159 1114 1201 animadverterit,
1141 1169 1227 1200 eos,
1253 1156 1319 1203 qui
1345 1156 1584 1191 liberassent
1610 1167 1681 1203 pa-

263 1228 390 1271 triam,
417 1239 575 1263 servare
600 1228 722 1264 etiam
745 1229 956 1265 liberatam
979 1229 1092 1273 velle,
1121 1233 1242 1275 atque
1266 1226 1447 1273 undique
1466 1224 1621 1262 consuli
1639 1225 1681 1261 in

262 1298 455 1342 medium,
480 1310 566 1334 non
589 1298 811 1344 dubitasse,
836 1300 933 1347 quin
957 1304 997 1335 et
1021 1310 1168 1347 corpus
1186 1308 1300 1334 suum
1319 1301 1358 1332 et
1375 1300 1510 1331 cetera
1528 1295 1678 1339 omnia,

263 1380 351 1416 quae
384 1380 465 1404 suae
497 1368 593 1404 fidei
625 1370 838 1417 tutelaeque
861 1374 1011 1413 essent,
1045 1369 1238 1416 quoniam
1261 1378 1365 1410 eum,
1399 1366 1466 1414 qui
1489 1366 1680 1402 mandas-

194 1437 245 1477 16
262 1444 335 1483 set,
369 1450 463 1475 suus
496 1438 604 1475 furor
637 1440 941 1488 absumpsisset,
975 1439 1112 1487 patriae
1145 1438 1384 1475 restitueret,
1451 1436 1682 1473 Conversus

273 1509 425 1545 deinde
447 1510 502 1544 ad
521 1509 801 1546 interfectores
824 1509 981 1558 tyranni
1003 1522 1050 1546 ac
1072 1509 1237 1545 nomine
1260 1507 1468 1556 appellans
1487 1506 1522 1542 T
1527 1507 1683 1542 heodo-

201 1577 340 1617 17tum
374 1590 420 1615 ac
454 1579 589 1624 Sosin,
629 1580 853 1617 «Facinus»
889 1581 1018 1627 inquit
1055 1579 1343 1616 «memorabile
1379 1577 1548 1621 fecistis;
1592 1577 1680 1621 sed,

261 1649 356 1684 mihi
395 1650 561 1693 credite,
601 1650 794 1686 inchoata
827 1656 958 1687 vestra
989 1651 1131 1698 gloria,
1173 1649 1358 1685 nondum
1393 1646 1573 1695 perfecta
1606 1652 1680 1692 est,

261 1719 560 1768 periculumque
585 1720 730 1768 ingens
759 1726 909 1765 manet,
935 1721 1008 1757 nisi
1033 1721 1124 1769 paci
1148 1726 1187 1756 et
1205 1718 1438 1756 concordiae
1457 1718 1678 1762 consulitis,

260 1802 312 1825 ne
345 1789 469 1825 libera
501 1789 687 1826 efferetur
718 1803 782 1827 res
807 1791 1013 1838 publica.»

140 1855 202 1900 23
381 1860 479 1896 Post
503 1860 606 1896 hanc
631 1861 858 1897 orationem
883 1862 1014 1898 claves
1038 1868 1243 1910 portarum
1268 1859 1532 1909 pecuniaeque
1559 1858 1680 1907 regiae

261 1935 355 1965 ante
387 1931 516 1978 pedes
549 1942 688 1966 eorum
720 1931 869 1979 posuit.
934 1932 1064 1979 Atque
1085 1932 1153 1967 illo
1177 1932 1340 1979 quidem
1363 1930 1431 1966 die
1454 1930 1608 1966 dimissi
1631 1942 1679 1966 ex

261 2001 454 2036 contione
479 2000 554 2037 laeti
579 2001 684 2037 circa
710 2000 804 2037 fana
830 2002 967 2038 omnia
984 2002 1105 2038 deum
1128 2002 1453 2049 supplicaverunt
1472 2012 1562 2036 cum
1581 2012 1679 2037 con-

260 2070 417 2118 iugibus
458 2082 504 2106 ac
537 2071 688 2114 liberis;
729 2077 893 2119 postero
928 2072 994 2107 die
1028 2073 1190 2108 comitia
1222 2071 1458 2120 praetoribus
1492 2070 1678 2108 creandis

221 2138 411 2178 2habita.
476 2139 644 2178 Creatus
685 2142 725 2177 in
767 2142 902 2190 primis
936 2142 1244 2185 Adranodorus,
1285 2142 1406 2178 ceteri
1448 2154 1595 2189 magna
1629 2154 1678 2178 ex

260 2216 373 2258 parte
404 2210 683 2247 interfectores
706 2212 876 2259 tyranni.
940 2212 1056 2248 Duos
1079 2212 1200 2248 etiam
1224 2212 1427 2256 absentes,
1461 2212 1677 2260 Sopatrum

220 2278 246 2319 3
261 2292 308 2317 ac
331 2280 604 2324 Dinomenen,
640 2281 839 2326 fecerunt;
874 2283 954 2330 qui,
989 2283 1136 2319 auditis
1158 2283 1218 2327 iis,
1245 2294 1333 2330 quae
1355 2282 1562 2330 Syracusis
1585 2286 1678 2318 acta

262 2357 388 2395 erant,
430 2352 643 2399 pecuniam
675 2352 840 2400 regiam,
882 2364 970 2400 quae
1001 2353 1043 2389 in
1074 2352 1287 2389 Leontinis
1319 2358 1417 2396 erat,
1458 2352 1676 2400 Syracusas

220 2419 247 2459 4
267 2421 477 2457 devectam
510 2422 775 2469 quaestoribus
808 2423 863 2458 ad
895 2423 940 2458 id
967 2423 1097 2471 ipsum
1131 2423 1273 2459 creatis
1298 2423 1561 2459 tradiderunt.
1624 2423 1677 2459 Et

261 2503 323 2534 ea,
348 2503 436 2538 quae
462 2492 502 2527 z'n
520 2491 654 2528 Insula
678 2498 775 2537 erat,
803 2493 1077 2529 Achradinam
1104 2494 1297 2529 translata
1319 2499 1399 2536 est;
1429 2493 1608 2540 murique
1626 2505 1676 2529 ea

259 2573 366 2610 pars,
392 2573 480 2609 quae
504 2563 555 2598 ab
573 2568 707 2598 cetera
725 2563 821 2599 urbe
840 2563 956 2600 nimis
975 2563 1087 2599 firmo
1106 2564 1356 2599 munimento
1374 2563 1675 2611 intersaepiebat
