1789 2955
496 86 609 122 Liber
633 85 779 120 XXVI.
829 84 889 130 (A.
915 86 979 120 Oh.
1004 87 1098 128 210.)
1455 90 1510 127 43

82 215 293 268 praesidiis,
337 215 423 265 spei
461 214 629 251 liberam
659 214 722 250 vel
754 213 967 250 obnoxiam
998 215 1133 251 timori
1164 215 1360 252 sociorum
1391 214 1511 251 relin-

87 301 208 339 quere
238 286 368 324 fidem.
428 285 614 334 Praeceps
646 285 685 322 in
716 285 927 322 avaritiam
966 289 1005 322 et
1042 286 1319 323 crudelitatem
1361 286 1558 324 animus3

83 359 134 398 ad
165 358 384 409 spolianda,
418 370 506 407 quae
536 357 642 394 tueri
673 357 876 406 nequibat,
914 361 958 394 ut
987 360 1142 395 vastata
1173 357 1279 394 hosti
1311 358 1510 407 relinque-

81 434 231 477 rentur,
275 429 497 467 inclinavit.
557 428 605 465 Id
638 428 786 466 foedum
817 429 1026 466 consilium
1057 442 1179 478 quum
1212 429 1386 479 incepto,
1432 429 1561 466 tum4

81 502 202 541 etiam
234 502 342 539 exitu
371 501 460 538 fuit.
506 500 644 550 Neque
677 501 782 537 enim
814 500 980 550 indigna
1010 502 1245 550 patientium
1275 501 1390 538 modo
1418 501 1511 538 aba·

81 573 332 612 lienabantur
370 573 506 618 animi,
551 572 619 609 sed
659 576 881 609 ceterorum
913 572 1049 619 etiam;
1097 573 1244 622 quippe
1287 572 1336 609 ad
1377 572 1512 621 plures

82 645 307 694 exemplum
339 658 456 694 quam
490 645 707 682 calamitas
738 644 982 693 pertinebat3
1027 657 1099 681 nec
1142 644 1278 681 consul
1311 642 1558 681 Romanus5

80 716 286 754 tentandis
316 715 498 766 urbibus,
531 716 694 753 sicunde
726 729 814 765 spes
845 716 982 765 aliqua
1013 729 1053 752 se
1085 715 1332 759 ostendisset
1367 715 1513 752 deerat.

2 807 10 830 τ,
81 786 255 838 Salapiae
285 787 485 838 principes
517 791 629 824 erant
653 787 804 824 Dasius
837 790 876 823 et
902 787 1090 833 Blattius,
1122 787 1271 824 Dasius
1289 787 1515 824 Hannibali
1534 786 1557 823 6

80 860 247 906 amicus;
292 859 481 905 Blattius,
529 863 720 908 quantum
760 873 807 895 ex
845 862 932 896 tuto
964 863 1133 908 poterat⁷
1179 873 1260 895 rem
1292 859 1513 896 Romanam

79 931 243 970 fovebat
287 934 327 968 et
371 944 443 980 per
490 932 664 968 occultos
709 931 870 967 nuntios
918 944 1023 980 spem
1071 931 1314 980 proditionis
1366 932 1514 968 fecerat

81 1003 293 1049 Maree1103
339 1002 407 1040 Sed
447 1003 532 1040 sine
565 1003 746 1040 adiutore
778 1002 905 1040 Dasio
938 1016 1000 1039 res
1030 1003 1200 1051 transigi
1233 1017 1311 1040 non
1343 1006 1512 1052 poterat.

79 1074 253 1112 Multum
285 1088 330 1112 ac
362 1073 430 1110 diu
462 1078 669 1112 cunctatus
701 1079 778 1121 est3
809 1078 893 1111 tum
924 1087 1082 1124 quoque
1110 1072 1235 1123 magis
1263 1075 1399 1124 inopia
1424 1088 1514 1111 con-
1535 1073 1557 1109 7

79 1147 161 1185 silii
206 1146 376 1197 potioris
422 1160 541 1196 quam
587 1159 654 1196 spe
695 1147 855 1184 effectus
897 1147 1066 1184 Dasium
1107 1147 1306 1196 appellat;
1352 1150 1391 1183 at
1433 1146 1514 1193 ille,

0 1217 13 1253 ’γ
79 1232 201 1269 quum
243 1219 292 1256 ab
330 1231 373 1256 re
412 1231 582 1265 aversus,
627 1222 710 1256 tum
750 1219 891 1256 aemulo
930 1222 1159 1268 potentatus
1192 1219 1386 1265 inimicus,
1432 1231 1514 1254 rem

78 1290 303 1329 Hannibali
345 1290 485 1339 aperit.
556 1290 763 1327 Arcessito
805 1294 985 1339 utroque,
1033 1291 1239 1328 Hannibal
1282 1303 1403 1339 quum
1443 1289 1559 1339 proS

0 1355 20 1390 s
77 1362 274 1400 tribunali
306 1361 486 1411 quaedam
520 1366 667 1411 ageret,
698 1375 788 1398 mox
820 1363 867 1398 de
885 1362 1037 1400 Blattio
1065 1362 1310 1410 cogniturus,
1342 1365 1512 1398 starent-

79 1447 156 1484 que
186 1436 381 1472 summoto
413 1435 562 1483 populo
588 1438 794 1471 accusator
818 1437 856 1470 et
880 1448 982 1480 reus,
1006 1434 1186 1471 Blattius
1213 1435 1260 1471 de
1284 1433 1513 1483 proditione

79 1506 250 1545 Dasium
293 1507 535 1556 appellabat.
597 1506 814 1543 Enimvero
855 1507 935 1553 ille,
980 1507 1090 1544 velut
1129 1508 1168 1543 in
1211 1506 1422 1543 manifesta
1462 1504 1558 1552 re‚9

78 1579 286 1623 exclamat,
332 1578 404 1615 sub
445 1578 570 1615 oculis
609 1578 852 1615 Hannibalis
894 1592 1025 1615 secum
1065 1578 1113 1615 de
1159 1578 1388 1627 proditione
1434 1577 1510 1625 agi.

77 1649 303 1687 Hannibali
341 1652 461 1698 atque
503 1650 571 1696 eis,
625 1650 694 1698 qui
739 1650 915 1696 aderant,
968 1664 1044 1699 quo
1087 1650 1276 1687 audacior
1314 1663 1376 1686 res
1418 1652 1515 1694 erat,

79 1721 210 1760 minus
256 1721 402 1759 similis
447 1722 531 1759 veri
578 1721 662 1758 visa
708 1726 783 1759 est:
838 1722 1129 1759 aemulationem
1177 1723 1354 1770 profecto
1400 1724 1519 1770 atque
1540 1719 1592 1757 10

78 1793 215 1832 odium
247 1807 341 1834 esse.
391 1797 430 1831 et
459 1793 499 1830 id
532 1794 680 1830 crimen
714 1792 859 1840 afferri,
905 1793 1023 1843 quod,
1070 1794 1164 1842 quia
1194 1797 1335 1831 testem
1366 1793 1512 1829 habere

6 1883 10 1887 ·
79 1879 158 1903 non
204 1866 342 1915 possit,
396 1865 564 1903 liberius
609 1865 779 1913 fingenti
825 1865 887 1902 sit.
964 1865 1028 1902 Ita
1073 1866 1165 1902 inde
1213 1865 1367 1902 dimissi
1413 1863 1586 1901 sunt.ll

81 1937 165 1976 Nec
197 1937 370 1975 Blattius
410 1940 501 1974 ante
540 1937 697 1974 abstitit
732 1940 814 1973 tam
854 1937 995 1975 audaci
1034 1937 1206 1986 incepto,
1252 1951 1369 1986 quam
1408 1937 1513 1974 idem

80 2009 338 2048 obtundendo
372 2009 645 2059 docendoque,
694 2023 811 2058 quam
852 2022 895 2045 ea
934 2022 997 2046 res
1027 2010 1124 2059 ipsis
1156 2010 1379 2059 patriaeque
1410 2008 1512 2046 salu-

78 2082 178 2119 taris
209 2085 323 2127 esset,
355 2081 539 2131 pervicit,
569 2084 613 2118 ut
638 2081 871 2131 praesidium
889 2081 1085 2118 Punicum
1118 2082 1351 2130 (quiuyenta'
1381 2083 1513 2118 autem

81 2151 265 2191 Numidae
305 2153 434 2203 erant)
473 2151 716 2202 Salapiaque
757 2152 985 2189 traderetur
1026 2153 1231 2191 Marcello.
1309 2153 1392 2191 Nec
1433 2152 1517 2189 sine
1539 2150 1588 2188 12

80 2226 186 2264 caede
212 2226 337 2262 multa
359 2226 467 2263 tradi
485 2226 627 2275 potuit.
680 2224 818 2271 Longe
835 2224 1042 2263 fortissimi
1058 2225 1237 2274 equitum
1254 2229 1340 2263 toto
1359 2224 1513 2261 Punico

80 2298 257 2335 exercitu
284 2301 406 2335 erant.
459 2297 623 2346 Itaque,
648 2310 876 2346 quanquam
899 2296 1115 2346 improvisa
1138 2310 1199 2334 res
1224 2297 1303 2334 fuit
1325 2309 1397 2333 nec
1421 2309 1514 2333 usus

81 2383 272 2420 equorum
302 2370 343 2408 in
374 2369 474 2407 urbe
506 2373 603 2415 erat,
634 2372 764 2406 tamen
797 2369 919 2407 armis
950 2370 1055 2406 inter
1078 2369 1293 2406 tumultum
1320 2368 1448 2417 captis
1476 2372 1515 2404 et

81 2442 332 2492 eruptionem
355 2443 611 2479 tentaverunt
635 2443 684 2487 et,
709 2453 830 2490 quum
857 2441 1024 2480 evadere
1050 2441 1272 2490 nequirent,
1297 2442 1519 2488 pugnantes
1539 2437 1590 2476 13

81 2512 131 2552 ad
162 2513 357 2551 ultimum
399 2513 680 2558 occubuerunt,
725 2525 797 2550 nec
834 2512 925 2562 plus
964 2513 1257 2562 quinquaginta
1297 2524 1345 2547 ex
1385 2511 1435 2547 iis
1474 2511 1513 2547 in

81 2588 318 2636 potestatem
350 2585 520 2623 hostium
551 2584 635 2623 vivi
666 2588 873 2624 venerunt.
934 2584 1113 2633 Plusque
1144 2583 1352 2632 aliquanto
1380 2581 1518 2619 damni
1540 2580 1592 2618 14

81 2657 166 2695 haec
205 2657 270 2695 ala
308 2657 484 2706 equitum
525 2656 669 2693 amissa
700 2656 927 2693 Hannibali
959 2668 1074 2704 quam
1108 2653 1270 2703 Salapia
1301 2654 1394 2700 fuit3
1442 2666 1513 2690 nec
