1768 2943
241 85 298 126 98
666 82 769 114 Liber
793 82 903 114 XXII.
938 81 994 124 (A.
1021 93 1052 113 u.
1079 92 1108 114 c.
1134 81 1213 116 538.

240 215 337 259 duo,
367 213 570 250 Formiani
599 225 713 257 unus,
743 214 840 249 alter
863 213 1029 250 Sidicini
1057 213 1214 262 equitis,
1245 213 1310 262 qui
1341 213 1506 250 Servilio
1535 220 1657 262 atque

240 284 360 321 Atilio
385 284 616 321 consulibus
640 283 742 319 inter
765 284 1024 331 pabulatores
1049 284 1206 332 excepti
1229 296 1252 320 a
1270 282 1456 320 Numidis
1482 283 1655 328 fuerant,

240 354 505 403 profugerent
529 365 580 390 eo
604 354 671 389 die
695 354 750 389 ad
773 354 983 398 domin0s;
1012 355 1260 402 deductique
1277 354 1332 389 ad
1350 354 1538 390 consules
1555 365 1657 390 nun-

242 424 356 468 tiant,
400 436 563 460 omnem
595 424 810 460 exercitum
844 423 1084 461 Hannibalis
1117 429 1226 460 trans
1258 423 1464 472 proximos
1495 430 1657 460 montes

173 487 225 528 12
240 495 384 531 sedere
408 495 450 530 in
472 493 641 531 insidiis.
698 493 853 530 Horum
878 499 1131 543 opportunus
1155 494 1354 530 adventus
1381 493 1568 530 consules
1586 493 1658 529 im-

240 565 339 613 perii
363 569 552 613 potentes
577 563 684 608 fecit,
710 576 830 612 quum
857 565 1022 601 ambitio
1048 565 1208 600 alterius
1227 576 1340 600 suam
1357 564 1528 612 primum
1546 564 1657 612 apud

240 647 313 671 eos
346 647 469 683 prava
500 634 753 682 indulgentia
784 635 1035 671 maiestatem
1070 635 1266 671 solvisset.

113 695 178 740 43
358 703 564 740 Hannibal
603 710 819 753 postquam
858 710 992 741 motos
1025 704 1152 753 magis
1184 704 1412 741 inconsulte
1445 704 1657 739 Romanos

240 787 359 823 quam
392 775 447 810 ad
479 774 658 810 ultimum
690 780 841 811 temere
873 780 1036 811 evectos
1058 775 1168 819 vidit,
1201 775 1471 822 nequicquam
1495 773 1658 809 detecta

198 838 224 878 2
239 844 381 880 fraude
413 845 455 880 in
487 850 618 881 castra
649 845 780 882 rediit.
842 844 901 880 Ibi
929 845 1061 893 plures
1080 844 1167 881 dies
1190 851 1354 893 propter
1376 844 1555 892 inopiam
1581 843 1658 879 fru-

238 915 363 951 menti
393 927 558 951 manere
586 915 738 963 nequit,
771 927 959 962 novaque
983 915 1151 951 consilia
1172 915 1213 951 in
1235 915 1324 951 dies
1346 927 1430 951 non
1454 915 1564 962 apud
1586 914 1658 949 mi-

238 985 326 1022 lites
359 985 488 1021 solum
520 986 666 1022 mixtos
688 998 736 1021 ex
759 985 986 1021 colluvione
1009 985 1187 1021 omnium
1209 985 1404 1033 gentium,
1439 985 1513 1021 sed
1536 984 1657 1020 etiam

198 1048 349 1104 3apud
382 1056 527 1092 ducem
560 1056 691 1104 ipsum
724 1056 969 1092 oriebantur.
1032 1054 1135 1091 Nam
1170 1068 1290 1103 quum
1322 1055 1436 1092 initio
1463 1054 1654 1099 fremitus,

239 1125 391 1161 deinde
417 1131 557 1173 aperta
580 1125 817 1162 vociferatio
842 1125 982 1162 fuisset
999 1127 1303 1174 exposcentium
1322 1125 1567 1173 stipendium
1586 1125 1658 1160 de-

238 1196 364 1232 bitum
397 1195 728 1244 querentiumque
762 1207 969 1232 annonam
1001 1196 1144 1243 primo,
1178 1202 1385 1245 postremo
1422 1195 1583 1239 famem,
1618 1200 1658 1230 et

238 1267 510 1303 mercenarios
543 1266 699 1310 milites,
733 1266 905 1302 maxime
938 1265 1111 1315 Hispani
1134 1267 1308 1316 generis,
1343 1267 1395 1302 de
1419 1266 1657 1302 transitione

197 1329 396 1384 4cepisse
430 1336 639 1373 consilium
673 1336 782 1372 fama
813 1343 933 1381 esset,
966 1338 1054 1386 ipse
1082 1337 1203 1373 etiam
1225 1337 1426 1373 interdum
1450 1336 1657 1372 Hannibal

239 1406 292 1442 de
326 1406 421 1454 fuga
452 1407 493 1442 in
523 1406 695 1442 Galliam
728 1407 872 1444 dicitur
904 1408 1093 1456 agitasse,
1126 1408 1181 1444 ita
1213 1413 1266 1452 ut,
1300 1408 1440 1444 relicto
1473 1407 1656 1456 peditatu

198 1469 225 1509 ὃ
240 1477 363 1520 omni,
388 1488 477 1512 cum
501 1476 700 1523 equitibus
723 1489 766 1513 se
788 1478 1024 1526 proriperet.
1078 1478 1211 1524 Quum
1234 1478 1320 1515 haec
1343 1478 1512 1515 consilia
1535 1483 1656 1524 atque

239 1546 302 1582 hic
331 1546 490 1582 habitus
513 1546 738 1583 animorum
765 1553 873 1584 esset
894 1549 936 1584 in
961 1549 1112 1591 castris,
1147 1560 1309 1584 movere
1333 1549 1431 1584 inde
1457 1548 1593 1584 statuit
1615 1547 1657 1583 in

240 1616 435 1653 calidiora
463 1621 584 1664 atque
611 1629 661 1653 eo
686 1618 904 1654 maturiora
927 1619 1123 1655 messibus
1148 1619 1302 1667 Apuliae
1325 1619 1429 1663 loca,
1459 1618 1573 1654 simul
1601 1621 1655 1661 ut,

240 1698 320 1734 quo
354 1687 513 1734 longius
546 1687 596 1722 ab
620 1688 737 1724 hoste
759 1688 1005 1733 recessisset,
1039 1689 1261 1737 transfugia
1282 1688 1542 1737 impeditiora
1564 1687 1657 1723 levi-

198 1755 314 1796 6bus
352 1757 525 1805 ingeniis
564 1763 712 1794 essent.
790 1758 999 1795 Profectus
1040 1764 1100 1795 est
1131 1764 1253 1795 nocte
1285 1759 1446 1807 ignibus
1480 1758 1657 1795 similiter

240 1826 354 1863 factis
378 1827 728 1875 tabernaculisque
752 1828 892 1876 paucis
914 1829 956 1864 in
980 1829 1157 1877 speciem
1174 1830 1332 1872 relictis,
1359 1835 1401 1866 ut
1417 1829 1655 1865 insidiarum

199 1895 221 1935 7
238 1909 310 1945 par
341 1897 463 1945 priori
495 1902 624 1934 metus
647 1898 874 1934 contineret
895 1899 1118 1936 Romanos.
1181 1899 1264 1935 Sed
1285 1912 1356 1948 per
1379 1899 1555 1935 eundem
1577 1897 1657 1934 Lu—

239 1979 387 2003 canum
404 1966 599 2003 Statilium
629 1969 815 2005 omnibus
838 1969 938 2004 ultra
962 1975 1094 2005 castra
1116 1975 1306 2018 transque
1330 1974 1491 2005 montes
1518 1969 1656 2016 explo-

238 2037 346 2081 ratis,
376 2049 497 2084 quum
524 2039 692 2074 relatum
720 2044 839 2083 esset,
869 2039 996 2075 visum
1020 2040 1160 2088 procul
1183 2039 1357 2076 hostium
1381 2051 1542 2088 agmen,
1573 2045 1656 2075 tum

198 2104 292 2145 Sde
323 2107 581 2155 insequendo
614 2120 664 2144 eo
699 2108 867 2145 consilia
899 2109 1041 2157 agitari
1074 2115 1220 2158 coepta.
1284 2110 1418 2155 Quum
1451 2109 1656 2156 utriusque

239 2177 415 2214 consulis
438 2178 597 2222 eadem,
631 2190 720 2226 quae
742 2184 837 2215 ante
863 2191 1034 2227 semper,
1069 2180 1209 2216 fuisset
1230 2179 1444 2223 sententia,
1478 2184 1655 2216 ceterum

238 2246 413 2283 Varroni
431 2246 514 2283 fere
532 2259 687 2292 omnes,
712 2249 838 2285 Paulo
855 2261 978 2285 nemo
995 2254 1138 2297 praeter
1155 2250 1373 2293 Servilium,
1398 2249 1540 2297 prioris
1559 2248 1654 2284 anni

197 2314 460 2361 9consulem‚
494 2318 765 2362 assentiretur,
800 2331 852 2354 ex
883 2319 1045 2356 maioris
1078 2319 1201 2368 partis
1231 2319 1432 2356 sententia
1462 2319 1517 2354 ad
1539 2318 1655 2354 nobi-

239 2386 416 2423 litandas
454 2388 571 2423 clade
603 2387 791 2423 Romana
823 2387 988 2425 Cannas
1026 2394 1195 2436 urgente
1227 2388 1311 2424 sato
1344 2388 1515 2436 profecti
1549 2393 1653 2424 sunt.

171 2453 224 2494 10
237 2455 370 2504 Prope
409 2467 499 2492 eum
538 2456 667 2493 vicum
700 2456 905 2493 Hannibal
943 2463 1074 2494 castra
1104 2463 1297 2506 posuerat
1328 2469 1468 2494 aversa
1501 2469 1525 2493 a
1558 2456 1655 2492 Vul-

238 2531 356 2561 turno
378 2530 515 2570 vento,
541 2525 607 2573 qui
631 2526 784 2574 campis
807 2526 968 2562 torridis
991 2527 1171 2563 siccitate
1195 2527 1324 2563 nubes
1341 2526 1512 2575 pulveris
1530 2526 1650 2562 vehit.

171 2593 220 2632 11
238 2593 286 2630 Id
319 2606 441 2641 quum
472 2595 570 2643 ipsis
602 2595 741 2632 castris
772 2596 1107 2643 percommodum
1135 2595 1219 2639 suit,
1252 2601 1335 2631 tum
1358 2596 1532 2632 salutare
1554 2606 1654 2643 prae-
