1789 2955
507 66 624 101 Liber
649 65 798 101 XXIX.
847 65 909 110 (A.
938 64 1002 100 Ch.
1029 66 1124 110 204.)
1448 69 1526 107 199

104 194 155 233 In
184 195 259 233 hoc
289 195 421 244 legato
440 196 571 233 vestro
603 193 718 242 (dant
749 193 850 230 enim
881 193 1055 230 animum
1079 192 1129 230 ad
1155 192 1400 243 loquendum
1416 193 1542 231 libere
1563 193 1607 231 11

103 267 257 305 ultimae
289 266 476 316 miseriae)
507 279 578 304 nec
605 265 776 304 hominis
803 265 1018 315 quicquam
1044 269 1112 313 est,
1143 269 1277 316 patres
1309 265 1536 317 conscripti,

103 342 249 390 praeter
279 337 448 388 figuram
480 341 518 376 et
549 338 718 388 speciem
749 350 877 388 neque
908 337 1081 375 Romani
1122 338 1219 375 civis
1249 340 1394 387 praeter
1424 337 1536 376 habi-

104 414 188 448 tum
219 410 487 461 vestitumque
525 413 565 448 et
595 424 735 448 sonum
765 408 923 447 Latinae
961 409 1127 458 linguae3
1172 410 1296 459 pestis
1343 424 1388 447 ac
1420 410 1539 448 belua
1559 410 1608 446 12

104 481 302 529 immanis,
333 482 471 532 quales
501 482 646 520 fretum
677 481 895 532 quondam,
934 495 1010 531 quo
1051 481 1100 519 ab
1134 480 1274 519 Sicilia
1306 482 1535 530 dividimur,

102 554 153 592 ad
183 554 402 605 perniciem
433 554 709 603 navigantium
741 553 1041 591 circumsedisse
1082 553 1229 591 fabulae
1267 553 1412 593 ferunt.
1473 553 1537 592 Ac
1555 555 1605 592 13

102 625 138 664 si
168 626 298 665 scelus
328 626 616 676 libidinemque
656 630 696 664 et
726 626 937 665 avaritiam
979 626 1087 663 solus
1133 626 1218 676 ipse
1264 639 1448 663 exercere
1493 627 1535 663 in

101 698 228 736 socios
258 701 411 736 vestros
443 699 538 736 satis
569 697 748 747 haberet,
778 712 909 746 unam,
940 698 1178 748 profundam
1218 698 1388 748 quidem,
1420 712 1533 737 vora-

101 770 235 820 ginem
265 774 400 809 tamen
430 770 628 821 patientia
659 773 797 809 nostra
829 771 1097 820 expleremus;
1138 783 1244 807 nunc
1278 783 1412 808 omnes
1445 783 1534 808 cen·
1557 770 1607 808 14

99 842 281 881 turiones
297 843 524 893 militesque
547 846 701 881 vestros
734 841 849 892 (adeo
874 842 915 879 in
942 843 1166 892 promiscuo
1184 842 1390 880 licentiam
1414 846 1533 893 atque

102 914 404 965 improbitatem
453 928 537 953 esse
582 914 728 964 voluit)
759 914 978 952 Pleminios
1023 915 1136 961 fecit;
1184 927 1318 952 omnes
1363 914 1537 965 rapiunt,
1559 913 1608 951 15

101 986 287 1037 spoliant,
304 987 530 1035 verberant,
555 987 779 1034 vulnerant,
797 985 1002 1034 occidunt3
1034 990 1296 1037 constuprant
1321 990 1533 1035 matronas,

101 1058 292 1108 virgines,
323 1060 518 1109 ingenuos
550 1062 687 1110 raptos
727 1073 776 1096 ex
816 1059 1023 1108 complexu
1054 1059 1290 1108 parentium.
1346 1057 1535 1105 Quotidie
1557 1058 1606 1096 16

98 1130 258 1181 capitur
287 1131 384 1169 urbs
415 1134 562 1179 nostra,
595 1131 777 1182 quotidie
801 1130 1010 1181 diripitur,
1043 1131 1128 1168 dies
1154 1134 1367 1181 noctesque
1398 1131 1533 1168 omnia

98 1203 245 1252 passim
276 1203 487 1241 mulierum
517 1216 824 1254 puerorumque,
854 1203 925 1253 qui
948 1204 1159 1254 rapiuntur
1183 1206 1302 1253 atque
1326 1207 1532 1254 asportan-

97 1277 174 1323 tur,
206 1275 431 1326 ploratibus
462 1278 616 1313 sonant.
675 1275 860 1326 Miretur,
893 1276 962 1325 qui
994 1275 1104 1322 sciat,
1137 1275 1335 1325 quomodo
1367 1279 1435 1313 aut
1465 1289 1536 1314 nos
1557 1276 1606 1314 17

96 1346 149 1384 ad
178 1348 413 1398 patiendum
444 1347 709 1395 sufficiamus,
754 1350 824 1385 aut
864 1347 976 1395 illos,
1023 1348 1093 1397 qui
1138 1348 1311 1395 faciunt,
1355 1348 1531 1386 nondum

94 1422 299 1458 tantarum
344 1420 585 1458 iniuriarum
630 1419 793 1458 satietas
840 1419 1002 1470 ceperit.
1063 1419 1203 1469 Neque
1249 1433 1324 1470 ego
1370 1420 1531 1470 exsequi

96 1504 256 1542 possum
286 1505 358 1529 nec
388 1492 503 1530 vobis
528 1505 658 1543 operae
684 1495 744 1530 est
769 1491 908 1529 audire
932 1491 1102 1541 singula,
1134 1505 1220 1541 quae
1247 1492 1355 1542 passi
1379 1505 1530 1540 sumus;

96 1564 359 1602 communiter
392 1564 526 1602 omnia
557 1564 787 1615 amplectar.
847 1563 962 1612 Nego
1009 1564 1167 1601 domum
1205 1564 1329 1601 ullam
1375 1564 1528 1616 Locris,
1550 1565 1600 1602 18

95 1649 198 1686 nego
230 1650 466 1687 quemquam
496 1636 698 1674 hominem
724 1639 928 1686 expertem
951 1635 1110 1672 iniuriae
1137 1648 1238 1684 esse3
1268 1649 1371 1685 nego
1401 1636 1529 1674 ullum

94 1721 219 1758 genus
247 1708 420 1757 sceleris,
451 1708 647 1756 libidinis,
679 1708 861 1746 avaritiae
893 1721 1112 1758 superesse,
1143 1708 1250 1758 quod
1276 1709 1317 1745 in
1334 1708 1427 1756 ullo,
1459 1707 1529 1758 qui

95 1780 180 1830 pati
211 1781 399 1831 potuerit,
430 1780 741 1831 praetermissum
772 1780 834 1818 sit.
895 1779 980 1818 Vix
1012 1780 1114 1817 ratio
1146 1780 1241 1817 iniri
1270 1783 1412 1830 potest,
1443 1783 1532 1818 uter
1553 1782 1601 1819 19

95 1865 208 1890 casus
255 1853 409 1891 civitati
454 1853 508 1891 sit
552 1852 847 1900 detestabilior,
891 1865 1012 1902 quum
1056 1852 1191 1889 hostes
1235 1852 1341 1890 bello
1386 1852 1526 1889 urbem

94 1937 246 1975 cepere,
276 1939 327 1962 an
351 1938 473 1975 quum
490 1925 713 1963 exitiabilis
739 1928 932 1974 tyrannus
962 1924 1003 1962 vi
1026 1927 1147 1974 atque
1164 1924 1283 1961 armis
1315 1925 1526 1975 oppressit.

95 1994 259 2045 Omnia,
304 2010 392 2047 quae
439 2000 563 2048 captae
608 1998 727 2036 urbes
771 1997 1001 2048 patiuntur,
1032 1996 1141 2047 passi
1172 2010 1307 2034 sumus
1338 2000 1378 2034 et
1410 2011 1530 2048 quum
1548 1998 1601 2035 20

94 2069 266 2106 maxime
297 2069 485 2119 patimur,
516 2072 649 2120 patres
680 2070 917 2120 conscripti3
951 2069 1100 2116 omnia,
1142 2082 1230 2119 quae
1263 2069 1526 2107 crudelissimi

94 2142 215 2191 atque
243 2142 577 2192 importunissimi
601 2142 763 2191 tyranni
787 2142 938 2180 scelera
960 2141 1000 2178 in
1019 2154 1228 2192 oppressos
1255 2141 1360 2180 cives
1392 2141 1525 2190 edunt,

93 2211 316 2252 Pleminius
340 2213 382 2251 in
408 2227 479 2252 nos
502 2214 730 2265 liberosque
756 2217 913 2252 nostros
931 2217 971 2251 et
995 2213 1182 2262 coniuges
1207 2212 1347 2252 edidit.
1392 2213 1527 2252 Unum
1614 2211 1663 2260 18

93 2287 170 2332 est,
218 2285 266 2323 de
311 2299 389 2336 quo
435 2286 667 2324 nominatim
696 2289 739 2336 et
783 2299 855 2323 nos
902 2285 1016 2336 queri
1046 2285 1191 2335 religio
1224 2285 1350 2324 infixa
1380 2286 1524 2325 animis

92 2359 221 2406 cogat,
262 2360 301 2394 et
344 2371 414 2396 vos
460 2359 598 2396 audire
646 2361 685 2396 et
731 2358 934 2396 exsolvere
980 2371 1063 2395 rem
1109 2357 1311 2408 publicam
1348 2361 1522 2396 vestram

92 2428 300 2478 religione,
333 2429 367 2468 si
396 2431 454 2468 ita
483 2430 596 2469 vobis
626 2430 851 2479 videbitur,
881 2430 1068 2477 velimus,
1114 2432 1251 2480 patres
1282 2430 1522 2480 conscripti;

91 2500 271 2539 videmus
288 2502 402 2550 enim,
426 2515 514 2541 cum
532 2506 681 2553 quanta
709 2502 938 2541 caerimonia
954 2515 1032 2540 non
1050 2504 1204 2540 vestros
1229 2502 1357 2540 solum
1383 2502 1526 2540 colatis
1544 2503 1567 2539 2

92 2571 206 2621 deos,
237 2573 306 2611 sed
338 2575 458 2613 etiam
489 2579 672 2613 externos
703 2575 923 2626 accipiatis,
998 2573 1154 2611 Fanum
1200 2576 1260 2611 est
1304 2573 1412 2625 apud
1456 2587 1526 2612 nos
1545 2574 1568 2611 3

90 2643 358 2696 Proserpinae,
391 2646 440 2684 de
471 2647 585 2685 cuius
615 2647 829 2686 sanctitate
854 2645 996 2696 templi
1021 2644 1139 2683 credo
1170 2645 1347 2697 aliquam
1377 2647 1520 2684 famam
