1768 2943
251 96 307 138 90
673 94 776 126 Liber
803 95 912 126 XXII.
946 93 1000 138 (A.
1029 106 1058 127 u.
1086 106 1115 127 c.
1143 94 1238 138 538.)

209 225 234 266 3
251 226 448 264 homines.
497 226 548 272 Q.
568 225 726 264 Baebius
751 226 980 264 Herennius
1014 227 1193 264 tribunus
1225 228 1367 276 plebis,
1402 235 1601 277 cognatus
1619 229 1664 266 C.

247 297 440 341 Terentii,
474 297 728 334 criminando
752 309 838 334 non
862 303 1045 334 senatum
1069 298 1209 342 modo,
1240 299 1313 334 sed
1336 299 1458 335 etiam
1480 311 1665 347 augures,

246 369 358 416 quod
382 368 620 404 dictatorem
645 368 946 417 prohibuissent
963 369 1125 405 comitia
1142 368 1346 417 perficere,
1381 381 1452 417 per
1474 370 1664 406 invidiam

203 436 231 476 4
247 450 386 475 eorum
412 438 590 475 favorem
615 439 840 475 candidato
865 451 939 476 suo
965 439 1226 476 conciliabat:
1262 440 1323 475 Ab
1347 439 1576 477 hominibus
1593 452 1664 477 no-

247 509 403 553 bilibus,
429 521 501 558 per
525 509 671 545 multos
697 521 828 546 annos
854 510 999 546 bellum
1024 510 1308 557 quaerentibus,
1336 509 1608 547 Hannibalem
1627 511 1665 547 in

248 580 401 615 Italiam
420 580 663 624 adductum;
683 580 734 615 ab
752 580 911 624 iisdem,
926 592 1047 628 quum
1060 581 1252 616 debellari
1272 581 1413 629 possit,
1430 580 1571 617 fraude
1584 582 1667 618 bel-

205 647 324 687 blum
349 650 464 686 trahi.
514 650 649 696 Quum
672 656 861 698 quattuor
886 652 1112 699 legionibus
1138 652 1330 688 universis
1356 652 1525 699 pugnari
1543 663 1665 700 posse

247 721 500 769 apparuisset
532 733 596 765 eo,
631 722 743 769 quod
776 721 831 758 M.
865 721 1066 758 Minucius
1108 722 1277 757 absente
1311 721 1437 757 Fabio
1472 734 1665 771 prospere

205 787 229 827 6
249 797 483 840 pugnasset,
511 793 613 828 duas
639 792 820 840 legiones
845 792 950 828 hosti
969 793 1023 828 ad
1047 792 1200 829 caedem
1220 792 1414 835 obiectas,
1441 792 1593 828 deinde
1618 805 1665 828 ex

245 863 333 911 ipsa
366 863 478 899 caede
519 868 691 911 ereptas,
734 868 776 898 ut
813 868 926 911 pater
966 867 1243 911 patronusque
1282 862 1563 911 appellaretur,
1598 864 1663 911 qui

207 928 227 968 7
247 933 353 981 prius
386 933 545 970 vincere
584 933 856 982 prohibuisset
888 933 1098 969 Romanos
1131 944 1251 981 quam
1283 933 1401 969 vinci.
1466 932 1665 970 Consules

246 1004 398 1040 deinde
406 1004 596 1040 Fabianis
610 1005 773 1048 artibus,
785 1016 906 1052 quum
919 1004 1124 1040 debellare
1134 1008 1316 1052 possent,
1328 1003 1474 1039 bellum
1485 985 1664 1040 traxisse.

244 1073 290 1110 Id
316 1074 450 1111 foedus
475 1075 577 1111 inter
602 1087 744 1111 omnes
768 1075 927 1111 nobiles
949 1074 1085 1117 ictum,
1119 1084 1196 1109 nec
1219 1072 1339 1109 finem
1365 1079 1459 1109 ante
1486 1074 1578 1110 belli
1595 1074 1665 1111 ha-

246 1144 410 1189 bituros,
431 1157 549 1193 quam
571 1146 779 1182 consulem
798 1157 890 1181 vere
907 1144 1124 1193 plebeium,
1142 1143 1185 1179 id
1200 1149 1273 1187 est,
1293 1143 1499 1180 hominem
1515 1156 1664 1181 novum

203 1210 227 1252 8
246 1215 456 1259 fecissent;
476 1228 570 1252 nam
588 1216 772 1264 plebeios
789 1215 947 1252 nobiles
965 1215 1044 1251 iam
1063 1215 1218 1250 eisdem
1236 1214 1415 1251 initiatos
1433 1227 1523 1252 esse
1542 1216 1664 1252 sacris

244 1291 283 1322 et
308 1292 571 1323 contemnere
595 1287 768 1335 plebem,
802 1299 850 1322 ex
876 1298 957 1334 quo
983 1285 1190 1322 contemni
1214 1298 1236 1320 α
1256 1285 1433 1334 patribus
1457 1286 1662 1328 desierint,

202 1352 429 1405 9coepisse.
486 1356 560 1393 Cui
592 1369 676 1393 non
710 1368 920 1406 apparere,
953 1356 996 1392 id
1029 1361 1163 1392 actum
1196 1361 1236 1392 et
1260 1356 1468 1404 quaesitum
1494 1369 1597 1401 esse,
1623 1363 1665 1393 ut

243 1428 514 1476 interregnum
548 1428 724 1471 iniretur,
759 1433 801 1463 ut
833 1428 873 1463 in
906 1432 1062 1475 patrum
1080 1431 1283 1474 potestate
1309 1427 1471 1463 comitia
1500 1426 1662 1463 essent?

176 1494 228 1535 lO
245 1497 288 1533 Id
307 1499 495 1535 consules
513 1499 657 1535 ambos
676 1499 730 1534 ad
748 1498 964 1534 exercitum
983 1497 1184 1533 morando
1203 1497 1414 1545 quaesisse;
1443 1498 1484 1533 id
1503 1503 1660 1546 postea,

243 1568 335 1616 quia
389 1569 520 1605 invitis
573 1569 621 1606 iis
669 1569 842 1606 dictator
890 1574 997 1605 esset
1044 1568 1174 1605 dictus
1222 1568 1475 1605 comitiorum
1524 1581 1660 1611 causa,

243 1646 515 1688 expugnatum
559 1651 662 1683 esse,
706 1644 748 1675 ut
791 1639 954 1676 vitiosus
995 1639 1169 1676 dictator
1211 1651 1281 1687 per
1319 1651 1491 1687 augures
1535 1639 1659 1676 fieret.

176 1707 222 1746 11
245 1709 406 1746 Habere
453 1711 571 1758 igitur
618 1710 890 1758 interregnum
940 1721 1034 1752 eos;
1084 1710 1336 1746 consulatum
1386 1721 1507 1745 unum
1555 1716 1662 1746 certe

241 1781 370 1828 plebis
388 1781 585 1817 Romanae
611 1791 722 1823 esse;
756 1781 951 1829 populum
976 1781 1140 1816 liberum
1166 1780 1392 1817 habiturum
1411 1793 1458 1817 ac
1476 1781 1660 1816 daturum

244 1851 293 1894 ei,
328 1851 394 1898 qui
428 1856 582 1887 mature
615 1851 775 1888 vincere
809 1863 929 1899 quam
964 1851 1031 1887 diu
1065 1851 1262 1899 imperare
1296 1850 1418 1887 malit.
1673 1844 1679 1848 ⁴

116 1914 178 1960 35
361 1921 494 1966 Quum
514 1922 573 1958 his
593 1921 843 1958 orationibus
861 1933 1036 1958 accensa
1061 1921 1176 1970 plebs
1194 1927 1313 1965 esset,
1339 1922 1462 1959 tribus
1487 1922 1662 1970 patriciis

243 1992 485 2039 petentibus,
529 1993 573 2028 P.
608 1992 799 2028 Cornelio
839 1991 1052 2036 Merenda,
1092 1991 1138 2028 L.
1177 1991 1332 2028 Manlio
1366 1992 1564 2036 Vulsone,
1604 1991 1660 2028 M.

200 2060 404 2100 ZAEmilio
423 2061 596 2111 Lepido,
632 2063 793 2099 duobus
818 2062 1013 2099 nobilium
1040 2063 1120 2099 iarn
1146 2062 1384 2099 familiarum
1406 2062 1588 2111 plebeiis,
1615 2061 1660 2098 C.

242 2132 362 2169 Atilio
401 2133 575 2169 Serrano
619 2139 659 2169 et
698 2134 748 2179 Q.
790 2133 898 2169 AElio
939 2133 1063 2177 Paeto,
1107 2145 1277 2181 quorum
1323 2133 1422 2169 alter
1465 2132 1660 2181 pontifex,

244 2203 342 2238 alter
382 2215 508 2251 augur
548 2209 645 2248 erat,
687 2203 732 2240 C.
766 2203 981 2241 Terentius
1015 2204 1156 2241 consul
1195 2215 1297 2240 unus
1331 2209 1500 2246 creatur,
1540 2208 1582 2239 ut
1620 2203 1659 2239 in

201 2272 227 2312 3
243 2285 363 2309 manu
383 2274 468 2310 eius
486 2279 623 2310 essent
636 2274 800 2310 comitia
817 2275 1005 2322 rogando
1025 2274 1204 2323 collegae.
1248 2274 1352 2310 Tum
1368 2279 1533 2322 experta
1546 2273 1662 2310 nobi-

243 2344 343 2387 litas,
369 2356 509 2392 parum
534 2344 656 2381 fuisse
682 2345 819 2380 virium
846 2345 886 2380 in
911 2345 1243 2393 competitoribus
1266 2345 1364 2388 eius,
1391 2343 1436 2380 L.
1457 2343 1659 2380 AEmilium

244 2414 420 2457 Paulum,
455 2415 520 2462 qui
546 2427 635 2452 cum
661 2414 716 2451 M.
736 2415 849 2451 Livio
876 2415 1017 2451 consul
1043 2415 1184 2458 fuerat,
1214 2427 1262 2451 ex
1287 2414 1554 2450 damnatione
1580 2414 1661 2450 col-

242 2485 353 2532 legae,
388 2497 436 2521 ex
469 2497 548 2533 qua
580 2497 707 2533 prope
733 2485 939 2521 ambustus
965 2491 1160 2529 evaserat,
1194 2485 1382 2522 infestum
1411 2484 1557 2532 plebei,
1592 2484 1659 2520 diu

198 2553 289 2592 4ac
315 2555 479 2591 multum
504 2561 758 2592 recusantem
791 2555 845 2591 ad
877 2555 1115 2603 petitionem
1141 2555 1358 2604 compellit.
1413 2554 1451 2591 Is
1476 2554 1659 2603 proximo

241 2625 432 2662 comitiali
458 2627 538 2669 die,
563 2626 884 2663 concedentibus
911 2625 1111 2669 omnibus,
1136 2626 1310 2674 quicum
1331 2625 1515 2661 Varrone
1534 2630 1660 2661 certa-
