1789 2955
239 70 317 107 160
610 65 726 100 Liber
750 64 936 101 XXVIII.
986 66 1048 108 (A.
1080 77 1114 99 u.
1140 78 1170 101 e.
1196 66 1290 110 548.)

165 194 214 230 12
236 194 320 244 ipse
353 195 486 230 omnia
516 194 631 242 signa
661 194 841 243 peditum
876 193 915 229 in
947 192 1082 230 hostes
1109 193 1248 239 vertit;
1281 195 1471 242 quattuor
1487 193 1675 232 cohortes

237 266 276 302 in
315 266 446 303 fronte
492 265 647 312 statuit,
691 265 786 314 quia
827 265 948 301 latius
994 264 1168 313 pandere
1214 264 1341 302 aciem
1386 277 1465 302 non
1495 268 1671 314 poterat.

162 337 211 375 13
230 336 386 374 Moram
417 336 627 386 pugnandi
667 336 818 372 nullam
851 336 965 382 fecit,
1011 339 1056 373 ut
1087 336 1174 385 ipso
1220 336 1434 373 certamine
1473 339 1670 374 averteret

235 409 284 445 ab
318 412 533 458 conspectu
564 407 857 445 transeuntium
887 421 958 456 per
1004 408 1127 445 colles
1159 408 1357 457 equitum;
1403 419 1532 456 neque
1578 410 1671 444 ante

234 479 528 517 circumductos
546 492 716 525 sensere,
734 492 851 527 quam
867 479 1083 516 tumultum
1103 479 1297 528 equestris
1320 492 1465 528 pugnae
1489 478 1539 515 ab
1555 482 1670 526 tergo

159 551 210 587 14
228 564 429 600 accepere.
491 551 556 588 Ita
588 551 666 588 duo
699 550 857 587 diversa
888 551 1029 599 proelia
1061 554 1191 597 erant;
1224 550 1311 587 duae
1342 549 1521 600 peditum
1554 550 1670 596 acies,

233 621 311 659 duo
344 622 547 671 equitatus
571 635 642 671 per
673 621 966 670 longitudinem
991 622 1131 671 campi,
1163 622 1256 670 quia
1286 622 1445 659 misceri
1461 635 1508 658 ex
1526 634 1671 670 genere

162 692 211 730 15
229 698 399 742 utroque
417 694 605 743 proelium
623 693 819 741 angustiae
838 706 915 730 non
932 693 1204 742 patiebantur,
1222 693 1466 742 pugnabant.
1521 692 1670 742 Hispa-

233 778 374 802 norum
421 778 542 814 quum
574 778 704 814 neque
735 764 858 814 pedes
889 766 1017 814 equiti
1062 778 1134 801 nec
1180 778 1301 814 eques
1344 765 1474 814 pediti
1520 765 1671 802 auxilio

234 839 350 883 esset,
381 837 503 886 pedes
534 836 683 874 fiducia
720 837 866 886 equitis
913 840 1064 874 temere
1110 837 1341 874 commissus
1372 849 1512 886 campo
1544 837 1670 873 caede·

231 911 353 955 retur,
386 922 508 958 eques
540 909 837 946 circumventus
875 921 947 945 nec
978 908 1154 958 peditem
1200 922 1223 946 a
1253 909 1384 946 fronte
1425 909 1520 957 (iam
1566 909 1670 946 enim

231 982 366 1017 stratae
383 980 589 1030 pedestres
608 981 733 1030 copiae
761 982 891 1029 erant)
924 994 996 1017 nec
1028 980 1077 1018 ab
1102 983 1216 1029 tergo
1242 980 1416 1029 equitem
1443 981 1673 1028 sustineret,

231 1055 271 1089 et
301 1052 389 1100 ipsi,
421 1065 541 1101 quum
569 1052 639 1089 diu
670 1053 711 1089 in
729 1052 864 1089 orbem
896 1065 980 1089 sese
1012 1052 1210 1090 stantibus
1242 1053 1354 1101 equis
1385 1053 1675 1107 defendissent,

232 1123 282 1160 ad
312 1137 434 1160 unum
468 1137 602 1162 omnes
636 1125 726 1161 caesi
758 1126 861 1170 sunt,
891 1137 963 1160 nec
994 1124 1206 1173 quisquam
1231 1125 1409 1173 peditum
1442 1125 1669 1173 equitumve

162 1194 210 1230 16
231 1195 442 1244 superfuit,
482 1196 551 1245 qui
597 1196 637 1232 in
685 1196 787 1232 valle
818 1199 1112 1245 pugnaverunt.
1172 1195 1310 1233 Tertia
1341 1209 1447 1246 pars,
1495 1209 1583 1245 quae
1628 1196 1669 1233 in

232 1267 333 1304 colle
364 1267 414 1303 ad
447 1268 717 1317 spectaculum
750 1268 877 1316 magis
922 1270 1053 1304 tutum
1085 1280 1201 1316 quam
1249 1269 1299 1305 ad
1337 1272 1491 1317 partem
1523 1281 1670 1317 pugnae

231 1338 515 1388 capessendam
561 1342 744 1385 steterat,
790 1342 830 1376 et
874 1340 1004 1376 locum
1052 1343 1091 1376 et
1135 1344 1292 1389 tempus
1338 1340 1388 1377 ad
1434 1340 1668 1388 fugiendum

161 1410 211 1446 17
229 1410 382 1449 habuit.
444 1412 559 1448 Inter
591 1424 656 1448 eos
689 1415 728 1448 et
758 1411 889 1459 reguli
933 1412 1011 1460 ipsi
1056 1411 1257 1460 fugerunt,
1305 1412 1537 1461 priusquam
1583 1415 1671 1449 tota

83 1476 140 1525 34
227 1483 584 1520 circumveniretur
616 1483 731 1529 acies,
764 1483 869 1519 inter
898 1483 1116 1519 tumultum
1155 1483 1295 1532 elapsi.
1358 1482 1498 1520 Castra
1530 1484 1668 1521 eodem

232 1554 298 1591 die
329 1555 615 1605 Hispanorum,
648 1559 796 1604 praeter
829 1558 1001 1592 ceteram
1032 1554 1222 1603 praedam,
1265 1568 1352 1592 cuin
1383 1555 1514 1592 tribus
1545 1556 1669 1594 ferme

184 1627 207 1662 2
228 1626 406 1663 millibus
439 1627 644 1664 hominum
662 1626 890 1675 capiuntur.
937 1626 1110 1663 Romani
1129 1627 1306 1676 sociique
1325 1626 1376 1664 ad
1394 1628 1504 1664 mille
1531 1632 1569 1665 et
1597 1628 1666 1664 du-

231 1698 338 1735 centi
384 1712 429 1735 eo
460 1699 602 1748 proelio
648 1698 902 1745 ceciderunt;
947 1699 1157 1736 vulnerata
1196 1699 1370 1748 amplius
1415 1700 1494 1737 tria
1540 1700 1669 1736 millia

230 1770 446 1808 hominum.
491 1770 627 1807 Minus
659 1773 825 1807 cruenta
854 1770 1026 1807 victoria
1042 1770 1195 1818 fuisset,
1226 1771 1259 1807 si
1276 1771 1502 1820 patentiore
1527 1785 1667 1822 campo

231 1844 270 1878 et
300 1843 351 1879 ad
382 1842 517 1891 fugam
549 1841 833 1891 capessendam
864 1841 977 1880 facili
1008 1843 1111 1879 foret
1142 1846 1378 1892 pugnatum.

183 1913 206 1950 3
337 1913 540 1960 Indibilis,
572 1913 740 1950 abiectis
771 1913 871 1950 belli
904 1914 1094 1960 consiliis,
1126 1914 1231 1951 nihil
1262 1914 1387 1951 tutius
1435 1915 1475 1951 in
1507 1915 1667 1953 afflictis

229 1986 348 2022 rebus
380 1989 545 2035 experta
574 1985 653 2022 fide
686 1988 725 2021 et
756 1985 971 2022 clementia
1003 1985 1206 2035 Scipionis
1244 1990 1369 2032 ratus,
1400 1986 1665 2024 Mandonium

182 2058 205 2093 4
225 2058 389 2094 fratrem
421 2057 473 2094 ad
505 2070 592 2094 eum
611 2057 756 2103 mittit3
788 2057 857 2106 qui
885 2057 1097 2094 advolutus
1122 2058 1290 2106 genibus
1316 2058 1478 2095 fatalem
1509 2058 1664 2095 rabiem

227 2129 421 2178 temporis
453 2129 539 2166 eius
571 2134 742 2175 accusat,
774 2142 896 2178 quum
927 2130 1041 2167 velut
1072 2130 1310 2179 contagione
1343 2129 1516 2178 quadam
1545 2130 1664 2179 pesti-

228 2202 311 2238 fera
341 2214 421 2238 non
452 2201 650 2247 Ilergetes
683 2201 798 2237 modo
831 2204 871 2238 et
902 2201 1107 2247 Lacetani,
1139 2201 1209 2238 sed
1242 2205 1370 2238 castra
1401 2215 1558 2251 quoque
1585 2202 1662 2239 Ro-

182 2272 344 2310 5mana
376 2273 625 2310 insanierint.
687 2271 808 2309 Suam
856 2273 1017 2321 quidem
1065 2276 1104 2310 et
1148 2273 1287 2310 fratris
1333 2277 1373 2310 et
1416 2273 1661 2322 reliquorum

229 2344 483 2393 popularium
516 2357 600 2380 eam
635 2344 912 2380 condicionem
959 2357 1055 2391 esse,
1087 2348 1130 2381 ut
1174 2349 1255 2391 aut,
1301 2345 1335 2381 si
1379 2345 1436 2382 ita
1469 2345 1663 2392 videatur,

227 2416 399 2452 reddant
429 2415 616 2464 spiritum
648 2416 692 2452 P.
725 2414 909 2464 Scipioni
942 2416 991 2453 ab
1037 2417 1173 2453 eodem
1220 2416 1292 2453 illo
1324 2421 1549 2465 acceptum,
1595 2420 1664 2453 aut

228 2487 376 2524 servati
410 2487 473 2523 bis
506 2488 575 2524 uni
610 2487 788 2524 debitam
805 2487 928 2524 vitam
945 2501 1017 2537 pro
1049 2501 1094 2525 eo
1118 2488 1158 2524 in
1175 2492 1411 2538 perpetuum
1428 2487 1660 2526 devoveant.

183 2559 360 2595 &Antea
400 2559 440 2594 in
474 2572 593 2596 causa
639 2572 710 2596 sua
756 2558 945 2596 fiduciam
992 2559 1072 2596 sibi
1113 2559 1256 2605 fuisse,
1286 2560 1462 2597 nondum
1494 2564 1662 2609 experta

229 2630 442 2667 clementia
488 2631 592 2677 eius;
637 2644 741 2668 nunc
786 2634 927 2668 contra
971 2630 1124 2667 nullam
1171 2631 1211 2667 in
1249 2643 1385 2678 causa,
1432 2645 1586 2668 omnem
1618 2631 1662 2669 in
