1789 2955
492 104 606 139 Liber
631 102 799 138 XXVII.
849 103 909 147 (A.
937 102 1002 138 Oh.
1028 104 1123 145 209.)
1471 104 1519 140 81

86 233 184 271 facti
217 232 456 281 signatique,
503 232 591 269 auri
622 231 826 280 octoginta
870 231 950 267 tria
986 230 1114 266 millia
1144 228 1291 278 pondo,
1334 229 1449 277 signa
1480 242 1524 265 ac

85 304 244 350 tabulae,
276 316 401 353 prope
446 306 492 340 ut
523 302 811 351 Syracusarum
857 305 1089 339 ornamenta
1129 301 1386 350 aequaverint.
1448 299 1569 337 Sed8

86 375 238 413 maiore
270 375 400 412 animo
432 375 589 422 generis
622 374 706 412 eius
724 373 862 423 praeda
890 373 1087 411 abstinuit
1103 373 1254 410 Fabius
1282 385 1400 421 quam
1417 372 1526 409 Mar-

87 446 229 493 eellus;
262 446 332 496 qui
348 445 617 494 interroganti
634 446 777 492 scriba,
809 446 906 495 quid
932 445 1021 483 fieri
1052 445 1178 494 signis
1202 444 1324 482 vellet
1350 444 1526 493 ingentis

86 517 376 567 magnitudinis
409 515 471 570 (di
503 521 608 568 sunt,
641 531 710 556 suo
737 518 905 567 quisque
928 517 1070 554 habitu
1094 517 1134 553 in
1162 515 1323 553 modum
1346 528 1525 565 pugnan-

85 591 187 627 tium
219 591 409 640 formati),
442 589 537 627 deos
576 589 699 627 iratos
730 589 963 626 Tarentinis
994 588 1171 637 relinqui
1197 588 1325 625 iussit.
1385 587 1527 624 Murus
1546 589 1568 623 9

86 661 191 708 inde,
223 661 294 710 qui
325 661 465 698 urbem
496 661 544 698 ab
576 674 666 698 arce
698 661 923 707 dirimebat,
956 660 1113 698 dirutus
1155 662 1215 697 est
1245 673 1290 696 ac
1321 659 1524 698 disiectus,

199 732 309 770 Dum
324 733 407 769 haec
418 732 585 770 Tarenti
602 736 786 781 aguntur,
802 731 1023 779 Hannibal,
1040 732 1100 778 iis,
1118 732 1187 781 qui
1205 731 1439 768 Cauloniam
1457 732 1525 768 ob-

87 804 286 851 sidebant,
319 805 361 842 in
379 804 627 841 deditionem
655 804 839 853 acceptis,
871 803 1008 841 audita
1033 804 1332 852 oppugnatione
1350 803 1528 852 Tarenti,
1552 803 1602 839 10

87 877 179 914 dies
209 879 427 926 noctesque
459 877 604 914 cursim
635 876 795 925 agmine
827 878 927 922 acto,
951 888 1073 925 quum
1104 875 1297 912 festinans
1327 876 1379 912 ad
1410 888 1525 924 opem

83 948 288 986 ferendam
319 952 478 997 captam
507 949 647 985 urbem
679 948 871 993 audisset,
907 947 987 994 „Et
1017 947 1189 984 Romani
1222 960 1333 984 suum
1368 946 1525 983 Hanni-

84 1020 239 1057 balem⁴⁴
270 1020 403 1070 inquit
422 1020 615 1067 „habent;
647 1020 800 1066 eadem,
831 1033 910 1069 qua
927 1032 1170 1069 ceperamus,
1202 1022 1287 1055 arte
1305 1018 1525 1056 Tarentum

85 1092 302 1130 amisimus.
313 1094 329 1113 “
379 1092 440 1130 Ne
466 1095 599 1129 tamen
623 1092 814 1141 fugientis
832 1091 949 1129 modo
977 1090 1220 1128 convertisse
1247 1103 1389 1139 agmen
1415 1090 1524 1127 vide·
1548 1089 1592 1126 11

83 1167 214 1210 retur,
246 1177 324 1213 quo
358 1164 593 1201 constiterat
632 1164 738 1211 loco,
769 1164 945 1213 quinque
990 1163 1119 1200 millia
1163 1163 1288 1200 ferme
1333 1163 1382 1199 ab
1428 1162 1527 1199 urbe

84 1236 223 1285 posuit
269 1239 420 1283 castra3
467 1235 523 1273 ibi
567 1249 715 1285 paucos
761 1239 939 1273 moratus
985 1235 1069 1272 dies
1115 1235 1392 1284 Metapontum
1439 1247 1525 1271 sese

83 1307 248 1357 recepit.
307 1308 409 1345 Inde
441 1308 540 1345 duos
556 1307 858 1358 Metapontinos
891 1321 978 1344 cum
1010 1307 1158 1345 litteris
1183 1307 1410 1357 principum
1435 1305 1519 1343 eius
1542 1306 1590 1341 12

84 1378 258 1416 civitatis
290 1378 340 1416 ad
357 1379 530 1417 Fabium
547 1379 767 1417 Tarentum
793 1379 930 1426 mittit,
962 1378 1081 1416 fidem
1113 1380 1161 1416 ab
1190 1379 1352 1416 consule
1383 1391 1523 1427 accep·

84 1454 208 1498 turos,
239 1451 436 1500 impunita
467 1451 516 1488 iis
547 1451 686 1501 priora
716 1453 813 1499 fore,
844 1452 878 1488 si
902 1452 1181 1501 Metapontum
1214 1464 1302 1487 cum
1332 1449 1524 1499 praesidio

85 1521 244 1559 Punico
277 1523 560 1572 prodidissent.
616 1524 770 1561 Fabius
802 1537 907 1569 vera,
941 1536 1028 1572 quae
1060 1522 1259 1568 afferrent,
1292 1535 1375 1559 esse
1405 1524 1527 1567 ratus,
1550 1520 1596 1557 13

87 1593 204 1640 diem,
237 1607 316 1643 qua
347 1608 576 1632 accessurus
608 1598 710 1632 esset
726 1595 1016 1644 Metapontum,
1050 1594 1257 1632 constituit
1287 1593 1525 1642 litterasque

87 1665 137 1702 ad
154 1665 362 1715 principes
380 1666 506 1713 dedit,
522 1679 609 1716 quae
627 1666 678 1703 ad
697 1666 966 1704 Hannibalem
994 1666 1136 1703 delatae
1160 1669 1262 1703 sunt.
1308 1664 1524 1701 Enimvero
1548 1664 1596 1701 14

87 1737 202 1774 laetus
234 1750 417 1775 successu
454 1739 626 1785 fraudis,
667 1739 700 1775 si
738 1752 786 1775 ne
826 1737 977 1775 Fabius
1019 1738 1181 1787 quidem
1220 1738 1313 1775 dolo
1352 1737 1525 1774 invictus

87 1808 242 1856 fuisset,
274 1809 382 1847 haud
413 1811 553 1860 procul
583 1811 816 1860 Metaponto
850 1810 1018 1848 insidias
1048 1810 1174 1860 ponit.
1235 1809 1364 1846 Fabio
1396 1807 1525 1857 auspi·
1549 1807 1595 1844 15

88 1881 205 1928 canti,
237 1881 471 1931 priusquam
503 1882 762 1931 egrederetur
807 1882 856 1919 ab
888 1881 1084 1929 Tarento,
1128 1895 1218 1920 aves
1250 1881 1373 1918 semel
1403 1882 1524 1929 atque

86 1952 231 1989 iterum
261 1966 341 1990 non
372 1953 625 1991 addixerunt.
656 1953 802 1991 Hostia
841 1967 999 2003 quoque
1042 1967 1142 1992 caesa
1174 1953 1397 1992 consulenti
1428 1952 1523 1989 deos

90 2024 295 2074 haruspex
326 2026 545 2063 cavendum
575 2039 598 2063 a
628 2026 769 2064 fraude
799 2026 939 2063 hostili
977 2028 1016 2062 et
1046 2025 1096 2063 ab
1130 2025 1292 2063 insidiis
1322 2024 1524 2074 praedixit.

87 2095 592 2147 Metapontini,p0stquam
610 2098 659 2135 ad
676 2098 938 2136 constitutum
955 2111 1033 2135 non
1050 2101 1214 2136 venerat
1226 2098 1343 2145 diem,
1354 2097 1524 2146 remissi,
1545 2096 1593 2133 16

87 2172 133 2205 ut
164 2172 416 2206 cunctantem
448 2169 725 2217 hortarentur,
770 2184 815 2207 ac
860 2172 1024 2219 repente
1071 2169 1368 2220 comprehensi,
1413 2171 1521 2206 metu

89 2241 289 2289 gravioris
322 2241 558 2290 quaestionis
590 2241 782 2290 detegunt
813 2241 991 2279 insidias.

202 2312 372 2351 AEstatis
404 2313 488 2350 eius
519 2313 734 2363 principio,
766 2326 845 2363 qua
876 2313 959 2350 haec
985 2314 1216 2362 agebantur,
1248 2312 1294 2350 P.
1313 2311 1448 2362 Scipio
1481 2312 1522 2348 in
1602 2307 1648 2355 17

90 2384 290 2435 Hispania
335 2398 456 2434 quum
501 2385 672 2422 hiemem
716 2389 842 2423 totam
894 2385 1208 2423 reconciliandis
1261 2385 1521 2422 barbarorum

89 2457 231 2494 animis
248 2457 394 2506 partim
411 2457 536 2504 donis,
569 2458 715 2507 partim
731 2458 966 2495 remissione
984 2457 1167 2496 obsidum
1195 2457 1523 2507 captivorumque

89 2529 393 2578 absumpsisset,
424 2529 581 2567 Edesco
612 2529 662 2567 ad
694 2543 799 2577 eum,
845 2530 976 2567 clarus
1018 2530 1123 2567 inter
1155 2530 1274 2567 duces
1305 2528 1523 2578 Hispanos,

88 2600 208 2638 venit.
253 2599 382 2638 Erant
412 2601 557 2639 coniux
574 2601 771 2651 liberique
789 2602 872 2639 eius
897 2601 1004 2651 apud
1020 2601 1244 2647 Romanos,
1275 2601 1345 2637 sed
1376 2602 1522 2650 praeter
1540 2600 1563 2636 2

90 2685 176 2710 eam
209 2685 367 2710 causam
400 2673 518 2710 etiam
564 2674 674 2711 velut
717 2673 887 2711 fortuita
918 2673 1129 2710 inclinatio
1160 2673 1403 2719 animorum,
1436 2684 1523 2722 quae

157 2743 261 2768 Livius
282 2750 318 2768 ex
337 2750 395 2769 ree.
414 2743 569 2775 Madvigii.
605 2744 657 2769 1V.
1228 2744 1248 2775 6
