1789 2955
249 103 334 144 230
683 101 787 132 Liber
805 100 912 131 xxv.
956 96 1010 142 (Aj
1030 110 1061 131 u.
1081 110 1109 131 e.
1129 99 1224 143 542.)

207 231 236 273 5
366 232 541 271 Comitia
573 233 725 269 deinde
758 245 782 268 a
814 237 984 282 praetore
1017 234 1173 270 urbano
1199 234 1252 270 de
1274 239 1438 270 senatus
1461 234 1661 271 sententia

248 302 437 352 plebique
477 303 578 339 scitu
617 308 709 340 sunt
748 303 897 348 habita,
938 304 1082 352 quibus
1122 304 1245 340 creati
1283 310 1375 341 sunt
1412 304 1661 353 quinqueviri

248 373 368 409 muris
415 377 453 409 et
491 373 661 410 turribus
703 373 931 410 reficiendis
973 379 1013 410 et
1055 373 1242 410 triumviri
1284 374 1381 419 bini,
1428 375 1496 411 uni
1539 375 1661 412 sacris

207 443 232 484 6
248 443 536 492 conquirendis
568 443 770 491 donisque
791 443 1089 492 persignandis,
1123 444 1235 480 alteri
1257 444 1484 481 reficiendis
1507 446 1661 482 aedibus

247 514 435 551 Fortunae
458 520 499 550 et
520 514 657 550 matris
678 512 851 551 Matutae
871 515 975 551 intra
998 519 1156 563 portam
1182 513 1479 551 Carmentalem
1504 521 1544 551 et
1567 515 1661 564 Spei

248 590 359 621 extra
385 590 558 633 portam,
592 596 682 633 quae
704 585 837 634 priore
861 597 970 622 anno
994 584 1188 621 incendio
1214 589 1465 633 consumptae
1489 584 1659 621 fuerant.

208 654 231 694 7
366 654 651 704 Tempestates
674 654 796 692 soedae
819 655 948 699 fuere;
978 655 1018 691 in
1036 655 1196 691 Albano
1223 660 1361 691 monte
1379 655 1546 691 biduum
1563 667 1661 692 con-

247 725 420 761 tinenter
446 724 648 773 lapidibus
675 725 817 774 pluvit;
851 730 959 762 tacta
987 726 1040 761 de
1065 725 1164 761 caelo
1189 725 1325 770 multa,
1361 726 1450 762 duae
1475 726 1516 762 in
1542 725 1661 774 Capi-

247 795 346 831 tolio
370 796 493 839 aedes,
524 795 668 831 vallum
692 796 734 831 in
759 796 898 832 castris
924 796 1056 832 multis
1082 795 1178 832 locis
1203 807 1323 844 supra
1347 796 1590 840 Suessulam,
1622 801 1662 832 et

206 862 330 903 8du0
363 866 502 914 vigiles
534 865 770 909 exanimati;
804 878 939 902 murus
971 871 1179 914 turresque
1203 867 1390 914 quaedam
1416 866 1552 903 Cumis
1576 878 1660 903 non

244 935 333 971 ictae
351 935 478 971 modo
493 935 737 981 fulminibus,
757 937 830 972 sed
843 936 963 972 etiam
977 937 1173 973 decussae.
1222 938 1350 973 Reate
1366 948 1504 974 saxum
1515 937 1661 985 ingens

246 1005 371 1041 visum
403 1006 584 1052 volitare,
618 1007 679 1043 sol
711 1008 853 1043 rubere
879 1007 998 1043 solito
1021 1007 1150 1055 magis
1175 1008 1482 1056 sanguineoque
1510 1006 1659 1044 similis.

203 1073 229 1114 9
245 1075 401 1112 Horum
425 1076 703 1125 prodigiorum
727 1089 850 1114 causa
874 1077 982 1114 diem
1005 1090 1129 1114 unum
1153 1077 1393 1127 supplicatio
1423 1077 1507 1123 suit,
1533 1083 1572 1114 et
1589 1089 1660 1127 per

244 1146 398 1194 aliquot
429 1147 518 1183 dies
551 1148 739 1184 consules
771 1149 890 1185 rebus
915 1148 1058 1185 divinis
1083 1160 1250 1197 operam
1277 1149 1492 1192 dederunt,
1526 1153 1566 1185 et
1590 1160 1661 1197 per

245 1218 415 1253 eosdem
448 1218 537 1254 dies
571 1230 728 1254 sacrum
761 1219 1006 1255 novendiale
1040 1218 1123 1254 fuit.

179 1284 233 1325 10
364 1287 497 1333 Quum
523 1288 837 1325 Tarentinorum
866 1289 1044 1326 defectio
1072 1289 1153 1325 iam
1181 1290 1250 1326 diu
1278 1296 1318 1326 et
1344 1291 1385 1326 in
1409 1302 1480 1339 spe
1504 1289 1660 1326 Hanni-

244 1357 323 1394 bali
357 1363 397 1395 et
427 1358 468 1395 in
501 1359 732 1408 suspicione
756 1360 952 1396 Romanis
985 1365 1105 1404 esset,
1140 1372 1262 1397 causa
1287 1360 1390 1397 forte
1414 1361 1659 1397 extrinsecus

179 1426 229 1466 11
247 1430 498 1467 maturandae
525 1430 610 1466 eius
638 1430 864 1467 intervenit.
927 1431 1084 1468 Phileas
1113 1430 1356 1467 Tarentinus
1385 1431 1453 1467 diu
1478 1432 1558 1467 iam
1587 1443 1659 1479 per

243 1499 421 1548 speciem
453 1501 667 1549 legationis
696 1502 836 1538 Romae
870 1514 992 1549 quum
1024 1507 1144 1545 esset,
1178 1503 1234 1538 vir
1265 1502 1431 1550 inquieti
1464 1501 1587 1537 animi
1619 1507 1659 1537 et

243 1570 406 1606 minime
431 1572 569 1616 otium,
595 1584 676 1619 quo
695 1578 777 1607 tum
796 1571 953 1607 diutino
972 1583 1185 1608 senescere
1204 1573 1427 1616 videbatur,
1455 1571 1657 1620 patientis,

175 1637 228 1678 12
242 1640 396 1677 aditum
420 1642 495 1677 sibi
512 1643 566 1678 ad
585 1642 752 1679 obsides
773 1642 1011 1678 Tarentinos
1029 1646 1065 1677 el
1081 1641 1284 1679 Thurinos
1301 1643 1465 1693 invenit.
1515 1641 1659 1679 Custo-

243 1711 457 1747 diebantur
483 1712 525 1748 in
553 1713 655 1748 atrio
679 1711 894 1749 Libertatis
921 1711 1077 1747 minore
1101 1724 1208 1758 cura,
1243 1714 1337 1761 quia
1362 1724 1438 1749 nec
1462 1712 1558 1761 ipsis
1582 1723 1660 1748 nec

175 1778 227 1819 13
243 1780 467 1819 civitatibus
481 1794 620 1818 eorum
634 1783 770 1818 fallere
784 1783 994 1819 Romanos
1009 1784 1265 1831 expediebat.
1314 1783 1403 1819 Hos
1417 1783 1564 1819 crebris
1578 1782 1659 1819 col-

242 1852 387 1899 loquiis
412 1852 662 1897 sollicitatos,
693 1853 889 1902 corruptis
916 1853 1073 1890 aedituis
1092 1854 1266 1898 duobus,
1296 1866 1419 1902 quum
1441 1853 1577 1902 primis
1603 1857 1659 1889 te-

242 1923 374 1959 nebris
407 1924 595 1960 custodia
627 1925 845 1969 eduxisset,
878 1925 965 1973 ipse
998 1937 1136 1962 comes
1169 1925 1314 1961 occulti
1346 1924 1497 1960 itineris
1531 1923 1659 1960 sactus

172 1989 226 2030 14
240 1993 429 2043 profugit.
492 1994 602 2031 Luce
629 1995 757 2042 prima
781 1995 942 2044 vulgata
965 2007 1036 2043 per
1059 1995 1201 2031 urbem
1225 1995 1320 2044 fuga
1345 1999 1418 2038 est,
1454 1993 1658 2042 missique,

241 2064 308 2111 qui
347 2070 622 2112 sequerentur,
664 2066 715 2101 ab
748 2065 971 2101 Tarracina
1010 2076 1276 2113 comprensos
1310 2076 1452 2102 omnes
1486 2070 1659 2100 retraxe-

240 2139 343 2170 runt.
378 2134 602 2172 Deductiin
613 2135 819 2172 comitium
829 2135 1041 2183 virgisque,
1057 2136 1312 2183 approbante
1323 2135 1490 2184 populo,
1505 2134 1596 2171 caesi
1607 2134 1659 2170 de

149 2199 178 2244 8
242 2215 340 2240 saxo
381 2205 634 2242 deiiciuntur.
709 2205 837 2241 Huius
870 2206 1060 2242 atrocitas
1094 2217 1225 2254 poenae
1259 2206 1428 2242 duarum
1462 2204 1660 2241 nobilissi-

241 2286 395 2311 marum
427 2275 467 2311 in
494 2274 608 2312 Italia
635 2274 867 2312 Graecarum
901 2275 1118 2311 civitatium
1151 2276 1310 2311 animos
1342 2275 1505 2311 irritavit
1538 2286 1659 2322 quum

200 2343 413 2393 2publice,
447 2350 530 2381 tum
563 2345 683 2381 etiam
717 2346 896 2394 singulos
929 2346 1125 2394 privatim,
1159 2351 1201 2382 ut
1233 2346 1402 2393 quisque
1435 2350 1516 2381 tam
1550 2344 1659 2381 foede

200 2413 226 2454 3
243 2415 508 2464 interemptos
525 2421 595 2451 aut
611 2416 912 2464 propinquitate
931 2421 1000 2451 aut
1016 2416 1192 2452 amicitia
1210 2415 1488 2463 contingebat.
1537 2415 1596 2450 Ex
1613 2415 1659 2451 iis

240 2486 435 2522 tredecim
453 2485 536 2521 fere
553 2485 710 2522 nobiles
729 2486 892 2522 iuvenes
911 2486 1121 2522 Tarentini
1141 2485 1462 2529 coniuraverunt,
1489 2496 1660 2533 quorum

197 2555 441 2604 4prineipes
469 2555 572 2593 Nico
601 2562 641 2592 et
668 2556 924 2592 Philemenus
953 2562 1080 2592 erant.
1147 2555 1212 2599 Hi,
1246 2555 1480 2603 priusquam
1509 2554 1660 2602 aliquid

240 2632 462 2670 moverent,
479 2626 794 2674 colloquendum
809 2638 898 2663 cum
913 2625 1146 2662 Hannibale
1160 2625 1247 2669 rati,
1262 2630 1383 2661 nocte
1398 2636 1469 2673 per
1483 2625 1661 2673 speciem
