1789 2955
231 108 311 145 212
633 105 750 140 Liber
775 104 921 140 XXIX.
972 107 1032 150 (A.
1059 119 1093 141 u.
1121 119 1150 142 c.
1176 109 1270 153 550.)

227 246 335 270 mare
361 233 662 281 turbandosque
695 232 946 281 egredientes
975 247 1021 270 ex
1049 234 1219 271 navibus
1245 235 1365 286 missi,
1394 235 1436 273 in
1468 237 1665 276 stationes

156 305 201 342 11
224 304 498 341 Romanorum
517 304 755 341 inciderunt.
803 304 888 340 Iam
907 305 1010 341 enim
1029 304 1178 354 Scipio,
1206 306 1330 343 classe
1348 306 1509 344 Uticam
1528 309 1663 356 missa,

226 377 312 425 ipse
343 375 451 412 haud
482 376 538 413 ita
569 376 738 412 multum
769 389 1002 425 progressus
1044 389 1067 413 a
1108 377 1209 414 mari
1247 379 1421 416 tumulos
1460 381 1663 429 proximos

227 452 404 497 ceperat,
440 448 593 496 equites
626 451 665 484 et
687 447 729 484 in
746 447 990 485 stationibus
1015 447 1112 485 locis
1140 448 1295 486 idoneis
1322 454 1513 499 posuerat
1529 455 1568 488 et
1591 465 1662 501 per

82 514 136 562 29
227 532 343 568 agros
386 520 546 556 miserat
592 519 825 569 praedatum.
884 519 941 556 Hi
987 532 1074 556 cum
1108 518 1433 569 Carthaginiensi
1480 523 1663 571 equitatu

224 591 408 641 proelium
441 605 560 640 quum
595 591 904 637 commisissent,
950 604 1097 640 paucos
1129 591 1170 627 in
1201 591 1287 641 ipso
1320 594 1547 643 certamine,
1580 596 1660 644 ple-

225 676 366 712 rosque
398 663 597 712 fugientes
629 662 838 712 persecuti,
872 662 913 699 in
946 662 1092 711 quibus
1117 664 1348 712 praefectum
1374 677 1531 713 quoque
1549 665 1658 703 Han-

178 737 385 780 2110118111,
430 735 605 772 nobilem
654 735 856 780 iuvenem,
913 734 1154 771 occiderunt.
1232 733 1371 784 Scipio
1417 749 1495 773 non
1542 750 1659 786 agros

222 807 338 844 modo
371 807 476 844 circa
515 807 706 852 vastavit,
755 806 823 842 sed
873 805 1009 842 urbem
1056 806 1174 843 etiam
1207 808 1431 856 proximam
1463 807 1658 846 Afrorum

183 879 320 916 ‘dsatis
353 879 583 928 opulentam
616 878 738 927 cepit,
785 877 854 913 ubi
900 881 1045 926 praeter
1078 881 1222 925 cetera,
1267 892 1354 928 quae
1387 881 1585 930 extemplo
1617 882 1656 918 in

221 963 342 989 naves
374 951 580 988 onerarias
621 949 808 999 imposita
853 949 1051 998 missaque
1098 950 1140 986 in
1172 948 1358 988 Siciliam
1404 956 1536 997 erant,
1568 957 1658 990 octo

177 1025 201 1058 4
222 1023 348 1059 millia
366 1023 584 1059 liberorum
610 1034 892 1070 servorumque
911 1021 1086 1070 capitum
1117 1025 1209 1058 sunt
1234 1026 1361 1072 capta.
1406 1023 1660 1063 Laetissimus

219 1098 352 1132 tamen
370 1094 564 1132 Romanis
596 1094 638 1130 in
667 1093 869 1143 principio
900 1106 1034 1129 rerum
1060 1093 1323 1141 gerendarum
1356 1094 1551 1133 adventus
1580 1097 1659 1133 fuit

220 1166 463 1213 Masinissae,
497 1179 614 1215 quem
646 1164 809 1214 quidam
842 1177 930 1201 cum
963 1163 1143 1202 ducentis
1170 1165 1276 1202 haud
1308 1166 1479 1216 amplius
1512 1168 1656 1217 equiti-

219 1238 305 1284 bus,
336 1238 522 1287 plerique
556 1251 645 1274 cum
691 1237 812 1273 duum
845 1236 1019 1273 millium
1051 1237 1232 1286 equitatu
1278 1238 1444 1275 tradunt
1488 1240 1655 1278 venisse.

179 1309 405 1347 5Ceterum
452 1323 572 1359 quum
619 1309 737 1357 longe
782 1309 977 1346 maximus
1024 1309 1199 1347 omnium
1245 1310 1374 1347 aetatis
1405 1324 1484 1347 suae
1516 1324 1656 1360 regum

217 1382 282 1418 hic
314 1382 436 1418 fuerit
466 1382 762 1431 plurimumque
787 1393 870 1417 rem
887 1380 1109 1417 Romanam
1134 1381 1292 1427 iuverit,
1326 1395 1456 1431 operae
1483 1384 1655 1432 pretium

216 1453 377 1491 videtur
410 1453 603 1491 excedere
635 1453 798 1502 paulum
829 1453 879 1489 ad
906 1453 1183 1500 enarrandum,
1216 1467 1333 1502 quam
1349 1454 1462 1492 varia
1493 1456 1655 1493 fortuna

215 1538 310 1562 usus
342 1526 395 1562 sit
426 1526 466 1563 in
499 1525 720 1563 amittendo
752 1524 1105 1574 recuperandoque
1136 1528 1303 1574 paterno
1334 1539 1470 1574 regno,

170 1598 192 1633 G
325 1597 522 1635 Militanti
564 1611 636 1647 pro
679 1596 1081 1645 Carthaginiensibus
1129 1597 1169 1633 in
1216 1596 1415 1647 Hispania
1459 1603 1572 1648 pater
1619 1601 1656 1638 ei

215 1670 404 1716 moritur;
438 1669 552 1707 Gralae
585 1682 729 1706 nomen
761 1672 857 1705 erat.
903 1668 1089 1717 Regnum
1122 1668 1172 1705 ad
1203 1669 1365 1706 fratrem
1396 1671 1501 1719 regis
1521 1671 1653 1709 OEzal—

215 1754 285 1778 cen
316 1741 581 1791 pergrandem
613 1744 709 1778 natu
742 1740 817 1789 (ita
855 1754 937 1777 mos
977 1740 1083 1790 apud
1114 1740 1312 1778 Numidas
1344 1743 1420 1791 est)
1453 1744 1652 1792 pervenit.

177 1813 197 1847 7
218 1813 340 1851 Haud
372 1814 498 1850 multo
529 1816 620 1862 post
651 1813 811 1849 OEzalee
843 1825 1001 1861 quoque
1034 1815 1210 1857 mortuo,
1253 1813 1379 1850 maior
1417 1828 1464 1850 ex
1497 1814 1654 1852 duobus

212 1884 309 1922 filiis
328 1886 410 1922 eius
429 1885 617 1935 Capussa,
651 1898 774 1934 puero
792 1883 1006 1920 admodum
1033 1884 1170 1930 altero,
1201 1888 1413 1933 paternum
1437 1886 1652 1935 imperium

167 1957 191 1992 8
210 1957 375 2006 accepit.
439 1956 623 1994 Ceterum
655 1969 776 2005 quum
808 1955 934 2003 magis
966 1955 1053 1992 iure
1092 1956 1222 2004 gentis
1255 1970 1374 2006 quam
1405 1958 1644 1996 auctoritate

211 2027 316 2064 inter
361 2041 451 2065 suos
498 2031 567 2066 aut
611 2028 766 2066 viribus
809 2027 1012 2064 obtineret
1042 2040 1231 2076 regnum,
1279 2029 1437 2065 exstitit
1483 2029 1647 2078 quidam

209 2099 463 2137 Mazaetullus
494 2100 664 2146 nomine,
710 2113 789 2136 non
835 2099 991 2136 alienus
1037 2099 1232 2148 sanguine
1263 2101 1444 2149 regibus,
1477 2101 1643 2138 familiae

210 2184 363 2221 semper
395 2171 568 2208 inimicae
600 2184 643 2207 ac
677 2171 725 2207 de
751 2171 920 2220 imperio
945 2171 1057 2208 varia
1080 2172 1241 2208 fortuna
1269 2185 1356 2208 cum
1384 2172 1446 2219 iis,
1479 2172 1647 2222 quitum

162 2244 184 2278 9
204 2243 450 2290 obtinebant,
482 2243 681 2280 certantis
742 2243 795 2288 Is,
827 2243 1038 2280 concitatis
1077 2243 1363 2292 popularibus,
1396 2243 1505 2293 apud
1538 2257 1637 2293 quos

208 2315 361 2352 invidia
391 2327 529 2363 regum
561 2328 714 2364 magnae
746 2314 997 2352 auctoritatis
1029 2317 1125 2360 erat,
1158 2315 1298 2352 castris
1321 2315 1454 2365 palam
1484 2315 1646 2365 positis,

135 2387 184 2423 10
202 2387 441 2424 descendere
473 2401 606 2436 regem
640 2389 679 2425 in
712 2388 838 2425 aciem
871 2399 915 2423 ac
947 2386 1138 2423 dimicare
1170 2387 1219 2423 de
1251 2400 1375 2436 regno
1402 2388 1545 2435 coegit.
1590 2387 1642 2424 In

208 2471 252 2495 eo
284 2459 426 2508 proelio
445 2457 625 2508 Capussa
641 2471 728 2494 cum
754 2457 890 2495 multis
916 2457 1144 2506 principum
1165 2458 1321 2496 cecidit.
1370 2457 1478 2495 Gens
1496 2459 1643 2496 Maesu-

206 2529 351 2567 liorum
382 2530 510 2568 omnis
542 2530 583 2567 in
615 2530 810 2568 dicionem
850 2528 1144 2578 imperiumque
1175 2529 1394 2567 Mazaetulli
1426 2531 1644 2578 concessit;

138 2603 182 2637 ll
207 2602 318 2650 regio
349 2605 482 2639 tamen
513 2602 674 2639 nomine
705 2601 921 2646 abstinuit,
969 2602 1256 2650 contentusque
1296 2602 1455 2639 nomine
1487 2601 1643 2639 modico

206 2674 350 2710 tutoris
368 2687 535 2723 puerum
555 2674 814 2720 Lacumazen,
849 2672 917 2722 qui
943 2672 1079 2721 stirpis
1104 2673 1225 2721 regiae
1257 2676 1472 2723 supererat,
1503 2686 1638 2722 regem
