1789 2955
556 107 659 138 Liber
684 107 809 137 XXIV.
850 105 905 148 (A.
933 106 995 136 Ch.
1022 103 1115 143 214.)
1449 105 1530 146 199

117 245 279 278 centum
296 241 506 276 Romanus
531 239 721 282 habebat,
748 250 926 286 quonam
952 238 1172 273 evaderent
1194 242 1328 272 motus
1346 249 1394 272 ex
1412 236 1532 272 caedi-

116 311 191 347 bus
219 314 481 358 tyrannorum
510 309 585 344 orti
610 308 829 356 Syracusis,
859 319 989 355 quove
1016 319 1087 343 eos
1113 311 1252 355 ageret
1275 318 1383 342 nova
1410 311 1531 353 atque

115 379 276 417 insolita
308 379 483 431 libertas,
517 378 748 427 opperiens.

232 449 309 486 Per
340 450 510 486 eosdem
543 449 631 485 dies
665 461 784 496 quum
815 449 869 484 ad
894 447 1128 484 Marcellum
1155 446 1384 482 venientem
1409 446 1450 482 in
1474 444 1571 484 Si-6

116 520 248 557 ciliam
275 519 395 568 legati
427 519 666 568 Syracusani
692 518 802 555 missi
831 519 882 554 ab
911 517 1044 566 Appio
1075 521 1224 560 essent,
1259 516 1406 553 auditis
1435 528 1531 553 con—

115 589 344 626 dicionibus
369 589 481 638 pacis
498 589 726 633 Marcellus,
751 600 873 637 posse
896 600 981 624 rem
1006 587 1223 624 convenire
1240 593 1361 630 ratus,
1388 592 1428 623 et
1445 587 1531 635 ipse

113 661 271 708 legatos
286 659 517 708 Syracusas,
537 659 603 707 qui
622 669 759 695 coram
778 671 868 696 curn
884 658 1122 706 praetoribus
1141 658 1193 693 de
1205 658 1445 694 renovando
1459 657 1531 694 foe-

113 730 212 766 dere
229 734 410 778 agerent,
427 729 546 765 misit.
579 729 631 765 Et
648 729 727 765 iam
739 729 793 764 ibi
805 740 1064 776 nequaquam
1076 728 1223 764 eadem
1238 728 1351 776 quies
1364 740 1411 765 ac
1426 733 1533 764 tran·
1548 725 1570 765 7

114 799 286 847 quillitas
299 804 397 836 erat.
441 800 661 847 Postquam
673 799 866 836 Punicam
879 799 1049 835 classem
1064 798 1284 835 accessisse
1297 799 1531 847 Pachynum

113 870 276 906 allatum
315 874 388 914 est,
431 870 600 918 dempto
633 869 776 906 timore
808 869 1081 918 Hippocrates
1114 874 1154 905 et
1186 869 1391 917 Epicydes
1423 880 1529 906 nunc

113 941 224 989 apud
241 939 514 977 mercenarios
532 940 689 984 milites,
708 952 816 977 nunc
834 941 944 989 apud
962 939 1192 988 transfugas
1208 939 1328 988 prodi
1342 940 1530 975 Romano

112 1011 332 1059 Syracusas
364 1009 689 1047 criminabantur.
752 1010 808 1048 Ut
838 1022 933 1047 vero
966 1010 1120 1059 Appius
1153 1022 1277 1046 naves
1305 1011 1359 1045 ad
1385 1008 1570 1048 ostiumS

112 1086 266 1130 portus,
292 1093 373 1129 quo
398 1084 418 1127 †
443 1080 530 1118 aliae
554 1081 677 1130 partis
701 1081 933 1118 hominibus
957 1081 1113 1117 animus
1140 1081 1367 1124 accederet,
1392 1080 1433 1117 in
1452 1085 1530 1117 sta-

111 1151 224 1188 tione
247 1151 398 1188 habere
422 1151 557 1200 coepit,
581 1151 726 1200 ingens
749 1151 789 1188 in
813 1152 990 1200 speciem
1015 1151 1245 1188 criminibus
1262 1151 1375 1187 vanis
1393 1163 1531 1187 acces-

113 1227 220 1260 serat
251 1222 366 1266 fides,
401 1234 449 1258 ac
481 1221 612 1270 primo
645 1222 767 1258 etiam
791 1222 1036 1259 tumultuose
1060 1223 1292 1258 decurrerat
1315 1221 1529 1258 multitudo
1545 1219 1571 1260 9

111 1294 167 1330 ad
199 1293 493 1341 prohibendos,
527 1291 558 1329 si
590 1292 630 1328 in
664 1297 809 1328 terram
842 1293 1144 1341 egrederentur.

229 1362 275 1399 In
299 1363 374 1400 hac
400 1363 630 1399 turbatione
653 1375 784 1399 rerum
807 1362 848 1399 in
867 1363 1101 1400 contionem
1119 1363 1255 1400 vocari
1272 1363 1440 1411 placuit3
1465 1362 1532 1399 ubi
1594 1358 1656 1403 28

110 1445 232 1482 quum
257 1433 323 1469 alii
347 1433 427 1470 alio
453 1433 670 1470 tenderent
694 1446 771 1471 nec
795 1434 935 1482 procul
959 1433 1162 1470 seditione
1179 1445 1243 1470 res
1261 1438 1381 1478 esset,
1407 1434 1530 1482 Apol-

109 1504 283 1549 lonides,
303 1503 529 1552 principum
547 1516 662 1548 unus,
684 1504 911 1540 orationem
929 1504 1144 1541 salutarem
1157 1508 1200 1540 ut
1212 1504 1252 1540 in
1265 1503 1333 1539 tali
1346 1508 1530 1552 tempore

109 1574 268 1611 habuit:
303 1574 389 1611 Nec
424 1586 537 1622 spem
571 1575 708 1612 salutis
740 1587 817 1612 nec
848 1575 1068 1624 perniciem
1093 1574 1326 1622 propiorem
1351 1571 1571 1622 unquam?

109 1643 258 1680 civitati
290 1643 356 1680 ulli
381 1643 517 1680 fuisse.
581 1644 620 1680 Si
646 1645 752 1681 enim
778 1657 860 1681 uno
884 1645 1021 1681 animo
1046 1656 1189 1680 omnes
1212 1645 1273 1680 vel
1298 1645 1353 1680 ad
1377 1642 1566 1682 Roma-3

107 1725 186 1750 nos
214 1714 276 1750 vel
304 1715 359 1750 ad
387 1713 748 1763 Carthaginienses
776 1715 983 1759 inclinent,
1014 1714 1157 1751 nullius
1185 1714 1354 1751 civitatis
1382 1718 1529 1750 statum

108 1783 416 1820 fortunatiorem
444 1796 490 1821 ac
516 1785 739 1822 beatiorem
765 1786 872 1830 fore;
902 1786 933 1822 si
958 1786 1022 1822 alii
1047 1786 1127 1821 alio
1152 1785 1313 1821 trahant
1336 1796 1411 1828 res,
1442 1783 1567 1823 non4

106 1853 211 1891 inter
242 1854 393 1891 Poenos
426 1855 720 1904 Romanosque
760 1857 907 1892 bellum
947 1855 1121 1892 atrocius
1154 1855 1241 1892 fore
1274 1868 1394 1903 quam
1427 1856 1530 1892 inter

107 1924 219 1973 ipsos
251 1924 541 1973 Syracusanos,
575 1938 695 1974 quum
729 1925 832 1962 intra
865 1927 1035 1963 eosdem
1067 1938 1203 1963 muros
1235 1938 1328 1974 pars
1360 1931 1528 1974 utraque

108 2006 204 2031 suos
228 1995 438 2044 exercitus,
464 2008 536 2032 sua
560 2009 685 2041 arma,
712 2008 808 2033 suos
832 1997 1017 2033 habitura
1041 1996 1090 2033 sit
1114 1997 1253 2033 duces.
1308 1996 1463 2045 Itaque,
1488 1993 1570 2035 ut5

106 2065 217 2101 idem
243 2077 386 2102 omnes
409 2067 598 2111 sentiant,
624 2079 781 2104 summa
804 2067 840 2103 vi
858 2067 1064 2116 agendum
1082 2079 1185 2103 esse.
1234 2066 1335 2104 Utra
1354 2068 1528 2104 societas

108 2135 159 2172 sit
185 2134 329 2180 utilior,
359 2148 450 2172 eam
476 2137 599 2186 longe
624 2138 823 2174 minorem
848 2150 895 2174 ac
920 2137 1080 2174 levioris
1104 2138 1300 2175 momenti
1326 2139 1528 2175 consulta-

108 2206 262 2242 tionem
287 2217 396 2250 esse;
423 2208 497 2243 sed
522 2213 660 2244 tamen
678 2207 869 2245 Hieronis
887 2208 1021 2257 potius
1040 2220 1160 2256 quam
1179 2207 1417 2257 Hieronymi
1435 2220 1528 2245 auc·
1543 2205 1568 2247 6

107 2277 311 2313 toritatem
330 2279 582 2325 sequendam
601 2278 641 2315 in
660 2277 780 2315 sociis
797 2279 996 2327 legendis,
1021 2279 1081 2315 vel
1100 2279 1393 2328 quinquaginta
1410 2279 1528 2315 annis

108 2345 276 2383 feliciter
299 2353 507 2396 expertam
532 2349 747 2386 amicitiam
765 2361 872 2386 nunc
890 2349 1121 2398 incognitae,
1148 2350 1357 2398 quondam
1375 2349 1527 2385 infideli

107 2417 417 2466 praeferendam.
480 2419 582 2456 Esse
621 2419 741 2456 etiam
781 2420 976 2456 momenti
1017 2420 1169 2468 aliquid
1208 2420 1261 2456 ad
1300 2419 1524 2462 consilium,
1541 2415 1564 2456 7

109 2488 222 2536 quod
250 2487 651 2538 Carthaginiensibus
679 2490 733 2526 ita
760 2502 839 2538 pax
868 2490 1007 2538 negari
1034 2491 1176 2539 possit,
1210 2495 1252 2526 ut
1280 2501 1363 2526 non
1390 2489 1527 2537 utique

108 2557 149 2594 in
173 2559 387 2606 praesentia
411 2559 558 2595 bellum
584 2572 674 2597 cum
700 2560 756 2597 eis
780 2565 961 2609 geratur;
988 2572 1077 2598 cum
1101 2559 1298 2596 Romanis
1323 2559 1526 2608 extemplo

109 2633 179 2664 aut
202 2640 344 2677 pacem
368 2635 438 2666 aut
461 2630 608 2666 bellum
635 2631 882 2667 habendum.
947 2631 1042 2677 Quo
1066 2630 1197 2667 minus
1223 2629 1452 2678 cupiditatis
1478 2627 1563 2668 ac8
