1768 2943
276 121 329 164 28
699 119 803 150 Liber
829 119 920 149 XXI.
972 117 1026 160 (A.
1056 129 1086 149 u.
1113 128 1143 149 e.
1170 116 1266 159 536.)

209 253 254 291 11
276 260 397 289 turus.
460 251 537 288 Die
571 251 723 288 deinde
756 251 986 287 simulando
1020 250 1142 294 aliud,
1177 262 1296 298 quam
1325 250 1437 298 quod
1464 249 1695 297 parabatur,

276 328 533 372 consumpto,
553 335 674 371 quum
693 322 855 365 eodem,
875 332 956 369 quo
970 321 1247 364 constiterant,
1266 321 1359 357 loco
1374 324 1504 356 castra
1517 331 1695 356 commu·

208 393 442 437 1:2nissent,
477 394 544 429 ubi
577 393 746 442 primum
781 391 987 439 digressos
1020 392 1179 427 tumulis
1212 395 1432 427 montanos
1460 391 1696 438 laxatasque

276 464 401 501 sensit
433 464 654 507 custodias,
689 462 866 511 pluribus
899 461 1058 510 ignibus
1091 474 1210 509 quam
1237 473 1310 509 pro
1335 473 1505 497 numero
1529 472 1696 497 manen-

275 536 370 572 tium
394 535 435 571 in
460 534 637 583 speciem
663 533 779 569 factis
802 532 1185 581 impedimentisque
1213 543 1303 568 cum
1329 531 1462 579 equite
1486 531 1632 568 relictis
1657 535 1697 567 et

208 605 259 644 13
275 606 448 642 maxima
473 610 587 654 parte
614 604 809 653 pediturn,
842 603 929 652 ipse
954 615 1043 639 cum
1069 602 1280 651 expeditis,
1311 602 1507 638 acerrimo
1533 613 1695 650 quoque

275 677 372 721 viro,
401 676 544 724 raptim
569 675 777 724 angustias
802 673 938 710 evadit
960 673 1088 722 iisque
1112 673 1208 722 ipsis
1233 674 1406 717 tumulis,
1436 684 1538 721 quos
1558 673 1695 709 hostes

153 742 216 787 33
278 752 504 790 tenuerant,
539 745 739 782 consedit.
803 745 934 781 Prima
967 744 1119 780 deinde
1152 744 1240 780 luce
1274 750 1405 781 castra
1428 749 1539 781 mota
1565 749 1605 780 et
1627 756 1696 793 ag-

234 817 368 856 2men
400 817 593 865 reliquum
627 816 819 857 incedere
852 815 987 864 coepit.
1050 814 1134 850 Iam
1168 815 1351 851 montani
1379 815 1496 863 signo
1521 816 1621 852 dato
1648 827 1697 850 ex

276 887 449 925 castellis
488 888 542 923 ad
576 887 793 923 stationem
826 886 985 922 solitam
1019 885 1330 929 conveniebant,
1375 898 1496 933 quum
1529 890 1696 933 repente

276 959 532 1007 conspiciunt
557 958 671 1002 alios,
696 970 789 995 arce
813 963 1015 1006 occupata
1039 970 1123 1001 sua,
1151 968 1270 1005 super
1288 961 1410 1004 caput
1425 956 1695 999 imminentes,

234 1026 259 1063 :3
275 1030 376 1066 alios
410 1030 473 1065 via
505 1029 674 1065 transire
707 1029 859 1065 hostes.
924 1027 1104 1075 Utraque
1138 1027 1252 1063 simul
1286 1027 1447 1063 obiecta
1479 1039 1542 1063 res
1571 1026 1697 1063 oculis

275 1100 501 1148 animisque
519 1099 745 1135 immobiles
764 1110 978 1147 parumper
996 1110 1068 1134 eos
1087 1098 1242 1142 defixit;
1269 1098 1435 1141 deinde,
1461 1103 1504 1133 ut
1520 1097 1697 1146 trepida-

275 1171 427 1206 tionem
445 1170 486 1206 in
505 1169 700 1217 angustiis
719 1181 874 1217 suoque
887 1170 1017 1217 ipsum
1032 1169 1199 1205 tumultu
1212 1169 1369 1205 misceri
1384 1180 1531 1216 agmen
1544 1167 1694 1211 videre,

233 1237 388 1288 4equis
412 1240 585 1276 maxime
612 1241 894 1284 consternatis,
927 1240 1119 1288 quicquid
1148 1240 1395 1276 adiecissent
1420 1239 1496 1287 ipsi
1520 1239 1694 1282 terroris,

276 1311 372 1348 satis
398 1312 452 1347 ad
476 1311 695 1359 perniciem
721 1311 807 1347 fore
831 1312 917 1356 rati,
943 1323 1014 1359 per
1033 1311 1199 1347 diversis
1216 1310 1381 1359 rupibus
1398 1310 1508 1345 iuxta
1525 1309 1631 1345 invia
1649 1321 1695 1345 ac

233 1379 259 1417 ἵ)
275 1382 393 1418 devia
425 1381 574 1418 assueti
606 1383 835 1418 decurrunt.
885 1382 989 1418 Tum
1020 1393 1115 1417 vero
1141 1381 1255 1417 simul
1281 1382 1330 1417 ab
1356 1380 1552 1424 hostibus,
1578 1380 1694 1416 simul

272 1454 322 1500 ab
350 1453 560 1500 iniquitate
585 1453 766 1489 locorum
792 1453 906 1489 Poeni
931 1453 1287 1501 oppugnabantur,
1317 1452 1486 1500 plusque
1510 1451 1614 1487 inter
1637 1451 1699 1499 ip-

272 1535 353 1567 sos,
379 1523 453 1559 sibi
479 1535 643 1571 quoque
669 1524 878 1567 tendente,
906 1528 948 1559 ut
972 1523 1151 1571 periculo
1176 1523 1325 1571 primns
1344 1522 1549 1558 evaderet.
1577 1534 1696 1569 quam

231 1591 254 1628 6
273 1606 361 1629 cum
389 1594 571 1630 hostibus
598 1594 827 1630 certaminis
851 1599 949 1629 erat.
998 1593 1102 1641 Equi
1126 1593 1298 1629 maxime
1326 1593 1522 1629 infestum
1551 1605 1699 1641 agmen

273 1664 490 1709 faciebant,
510 1665 576 1712 qui
595 1670 634 1701 et
651 1664 894 1701 clamoribus
912 1664 1102 1708 dissonis,
1122 1675 1224 1711 quos
1242 1675 1411 1700 nemora
1432 1665 1551 1699 etiam
1566 1675 1699 1712 reper—

272 1747 481 1783 cussaeque
505 1736 628 1772 valles
653 1736 872 1783 augebant,
902 1735 1025 1771 territi
1051 1734 1324 1783 trepidabant,
1355 1739 1394 1770 et
1417 1735 1483 1770 icti
1509 1734 1611 1770 forte
1630 1739 1698 1770 aut

274 1806 466 1842 vulnerati
500 1807 608 1842 adeo
644 1806 1023 1845 consternabantur.
1059 1812 1100 1841 ut
1132 1811 1304 1853 stragem
1339 1805 1544 1853 ingentem
1579 1804 1694 1841 simul

233 1874 253 1912 7
273 1877 480 1913 hominum
514 1889 561 1913 ac
594 1876 839 1913 sarcinarum
874 1876 1006 1912 omnis
1037 1876 1198 1924 generis
1231 1875 1432 1919 facerent;
1467 1875 1695 1924 multosque

274 1948 401 1992 turba,
433 1959 552 1995 quum
584 1947 809 1995 praecipites
836 1948 1099 1995 deruptaeque
1123 1946 1307 1994 utrinque
1332 1947 1528 1995 angustiae
1547 1952 1695 1990 essent,

273 2019 313 2054 in
345 2019 586 2054 immensum
621 2017 844 2054 altitudinis
878 2018 1038 2061 deiecit,
1074 2017 1274 2065 quosdam
1309 2023 1349 2053 et
1381 2021 1578 2060 armatos;
1622 2017 1696 2053 sed

273 2088 396 2125 ruinae
436 2089 609 2125 maxime
643 2089 770 2124 modo
803 2088 982 2124 iumenta
1015 2100 1105 2123 cum
1139 2087 1330 2124 oneribus
1363 2088 1695 2124 devolvebantur.

232 2160 256 2196 ὅ
274 2161 374 2204 Quae
399 2171 631 2207 quanquam
658 2159 770 2195 foeda
795 2159 878 2195 visu
904 2165 1031 2201 erant,
1062 2158 1169 2195 stetit
1192 2171 1407 2207 parumper
1429 2163 1566 2195 tamen
1584 2158 1696 2195 Han-

273 2229 381 2265 nibal
407 2241 453 2265 ac
483 2241 579 2266 suos
603 2229 814 2273 continuit,
849 2242 900 2265 ne
925 2230 1133 2265 tumultum
1160 2241 1206 2265 ac
1233 2229 1547 2278 trepidationem
1573 2242 1695 2278 auge-

233 2296 352 2344 {iren
387 2300 553 2345 deinde,
587 2305 802 2348 postquam
837 2300 1070 2348 interrumpi
1103 2312 1250 2348 agmen
1273 2299 1372 2336 vidit
1395 2300 1695 2348 periculumque

274 2382 377 2415 esse,
411 2382 463 2407 ne
496 2376 657 2406 exutum
681 2370 982 2418 impedimentis
1007 2371 1222 2407 exercitum
1246 2371 1516 2419 nequicquam
1541 2370 1694 2407 incolu-

274 2453 379 2477 mem
405 2440 663 2485 traduxisset,
693 2441 868 2477 decurrit
893 2454 941 2477 ex
966 2442 1173 2489 superiore
1198 2442 1290 2478 loco
1315 2447 1367 2486 et,
1397 2454 1518 2489 quum
1542 2441 1694 2490 impetu

207 2509 259 2549 10
273 2511 363 2558 ipso
397 2510 568 2548 fudisset
599 2512 771 2556 hostem,
806 2512 886 2548 suis
920 2524 1082 2560 quoque
1115 2513 1324 2548 tumultum
1357 2512 1478 2549 auxit.
1547 2512 1630 2548 Sed
1660 2511 1693 2548 is

275 2582 463 2618 tumultus
496 2588 705 2619 momento
738 2583 946 2632 temporis,
980 2587 1195 2631 postquam
1229 2583 1396 2619 liberata
1428 2582 1571 2619 itinera
1598 2581 1693 2630 fuga

274 2657 559 2689 montanorum
584 2659 711 2697 erant,
746 2654 922 2697 sedatur,
952 2665 1028 2690 nec
1054 2665 1124 2701 per
1149 2653 1274 2689 otium
1298 2654 1439 2697 modo,
1466 2653 1541 2690 sed
1564 2664 1691 2701 prope
