1789 2955
266 75 318 114 38
661 72 776 107 Liber
801 71 946 107 XXVI.
994 72 1056 115 (A.
1081 83 1116 106 u.
1142 83 1171 106 c.
1196 72 1292 116 544.)

266 197 482 247 Syracusas
513 200 722 249 acciperet.
782 199 985 237 Pollicens
1026 199 1101 237 hoc
1141 199 1278 236 consul
1307 199 1522 237 clementer
1555 200 1690 251 appel-

266 271 368 308 latos
399 284 464 308 eos
496 270 658 308 dimisit.

124 336 180 386 33
381 341 592 391 Campanis
625 342 768 379 deinde
799 346 959 380 senatus
990 343 1106 380 datus
1137 346 1207 389 est,
1252 356 1419 392 quorum
1458 343 1585 380 oratio
1616 343 1689 380 mi-

225 413 488 459 2serabilior,
533 426 651 450 causa
695 413 831 451 durior
877 417 972 451 erat.
1032 414 1170 463 Neque
1209 414 1312 451 enim
1352 414 1514 451 meritas
1554 427 1690 464 poenas

267 498 412 532 negare
438 488 635 534 poterant,
662 498 735 522 nec
760 486 922 533 tyranni
947 490 1070 532 erant,
1096 486 1136 522 in
1163 499 1261 535 quos
1279 486 1435 535 culpam
1453 486 1691 533 conferrent,

266 556 334 593 sed
365 557 459 593 satis
491 569 653 606 pensum
685 569 901 606 poenarum,
932 561 993 595 tot
1022 570 1174 595 veneno
1205 557 1436 606 absumptis,
1471 560 1532 594 tot
1561 557 1692 595 securi

221 628 244 665 3
262 628 460 678 percussis
491 629 752 674 senatoribus,
783 629 1009 667 credebant.
1069 629 1223 666 Paucos
1254 628 1451 666 nobilium
1475 642 1691 679 superesse,

265 713 364 749 quos
381 713 452 736 nec
470 713 540 737 sua
557 701 809 747 conscientia,
834 705 877 737 ut
901 702 1113 750 quicquam
1131 699 1179 737 de
1195 713 1236 737 se
1252 701 1412 749 gravius
1429 701 1691 747 consulerent,

264 772 470 820 impulerit
500 785 571 808 nec
602 772 767 809 victoris
800 773 859 809 ira
891 772 1034 822 capitis
1066 772 1328 818 damnaveritq
1365 785 1430 809 eos
1462 772 1691 810 libertatem

263 843 342 880 sibi
368 844 528 893 suisque
554 846 593 879 et
616 843 807 881 bonorum
834 845 1011 893 aliquam
1028 847 1179 893 partem
1200 857 1324 882 orare.
1353 843 1460 881 cives
1476 844 1688 891 Romanos,

264 914 526 951 affinitatibus
566 915 777 965 plerosque
816 920 856 953 et
885 915 1125 966 propinquis
1156 915 1275 952 etiam
1307 916 1611 963 cognationibus
1644 929 1691 953 ex

219 986 245 1023 4
263 986 463 1024 connubio
480 990 637 1024 vetusto
655 988 822 1026 iunctos.
870 985 1084 1024 Summotis
1101 986 1245 1024 deinde
1263 1000 1283 1023 e
1299 987 1462 1036 templo,
1486 987 1692 1036 paulisper

261 1058 497 1104 dubitatum,
530 1072 579 1095 an
606 1059 861 1096 arcessendus
887 1073 909 1095 a
934 1058 1070 1107 Capua
1095 1058 1142 1105 Q.
1170 1058 1337 1096 Fulvius
1365 1061 1468 1095 esset
1493 1057 1692 1109 (mortuus

262 1131 365 1168 enim
396 1136 487 1180 post
513 1134 668 1179 captam
694 1130 888 1168 Claudius
913 1131 1050 1167 consul
1078 1130 1189 1178 erat),
1213 1133 1260 1167 ut
1284 1143 1415 1166 coram
1441 1131 1692 1179 imperatore,

262 1203 331 1252 qui
359 1216 423 1240 res
448 1203 644 1251 gessisset,
673 1203 774 1239 sicut
800 1203 903 1239 inter
920 1202 1155 1239 Marcellum
1173 1200 1408 1250 Siculosque
1427 1201 1691 1251 disceptatum

222 1271 404 1321 5fuerat,
442 1274 743 1323 disceptaretur.
804 1273 913 1311 Dein
954 1287 1073 1323 quum
1112 1273 1167 1311 M.
1201 1273 1386 1319 Atilium,
1426 1272 1467 1310 C.
1500 1274 1690 1311 Fulvium

260 1346 422 1383 fratrem
456 1346 602 1391 Flacci,
634 1346 787 1393 legatos
819 1346 912 1391 eius,
943 1348 984 1381 et
1013 1345 1061 1392 Q.
1085 1344 1307 1381 Minucium
1340 1347 1379 1381 et
1409 1344 1454 1382 L.
1480 1345 1689 1382 Veturium

263 1417 489 1463 Philonem,
523 1418 617 1454 item
650 1417 811 1455 Claudii
844 1417 1009 1466 legatos,
1040 1416 1109 1466 qui
1139 1416 1324 1453 omnibus
1354 1416 1540 1464 gerendis
1570 1417 1688 1454 rebus

262 1489 466 1535 affuerant,
508 1490 550 1526 in
581 1494 720 1526 senatu
751 1489 948 1532 viderent,
986 1502 1058 1525 nec
1091 1487 1275 1525 Fulvium
1308 1489 1466 1525 avocari
1498 1502 1520 1526 a
1552 1487 1690 1538 Capua

220 1559 243 1595 6
261 1575 332 1598 nec
351 1561 501 1598 differri
511 1560 734 1610 Campanos
750 1560 908 1606 vellent,
928 1561 1199 1607 interrogatus
1217 1561 1453 1597 sententiam
1467 1559 1520 1597 M.
1532 1560 1688 1598 Atilius

262 1633 455 1681 Regulus,
496 1633 606 1670 cuius
639 1646 684 1669 ex
714 1633 773 1678 iis,
806 1633 874 1681 qui
905 1632 954 1669 ad
988 1631 1165 1680 Capuam
1196 1634 1363 1677 fuerant,
1396 1632 1567 1669 maxima
1596 1645 1685 1670 auc-

218 1705 400 1742 7t0ritas
432 1708 528 1751 erat,
563 1705 637 1751 „ln
655 1704 845 1742 consilio“
881 1705 1011 1753 inquit
1046 1703 1244 1741 ..arbitror
1275 1717 1336 1740 me
1367 1705 1488 1741 fuisse
1515 1704 1687 1742 consuli-

261 1777 334 1814 bus
360 1776 497 1826 Capua
528 1781 655 1826 capta,
687 1790 805 1825 quum
839 1780 1094 1825 quaereretur,
1126 1776 1242 1826 ecqui
1266 1776 1557 1826 Campanorum
1587 1777 1687 1814 bene

217 1847 425 1886 8meritus
465 1849 513 1886 de
543 1862 586 1886 re
616 1848 777 1898 publica
807 1851 942 1885 nostra
974 1852 1086 1887 osset.
1148 1848 1262 1885 Duas
1293 1849 1480 1886 mulieres
1512 1861 1687 1898 comper-

259 1923 343 1957 tum
376 1924 445 1966 est,
477 1920 657 1958 Vestiam
690 1919 874 1970 Oppiam,
913 1920 1144 1957 Atellanam
1178 1919 1323 1969 Capuae
1354 1920 1614 1969 habitantem,
1649 1923 1688 1958 et

260 1992 476 2029 Fauculam
509 1992 704 2039 Cluviam,
751 2004 837 2041 quae
869 1991 1069 2041 quondam
1100 1994 1291 2041 quaestum
1326 2005 1490 2041 corpore
1520 1992 1688 2039 fecisset,

261 2063 369 2100 illam
412 2064 593 2113 quotidie
634 2064 875 2102 sacrificasse
906 2077 979 2113 pro
1011 2064 1138 2101 salute
1169 2066 1209 2100 et
1238 2063 1408 2100 victoria
1438 2064 1576 2114 populi
1607 2063 1686 2102 Ro-

259 2135 378 2181 mani,
425 2136 525 2173 hanc
566 2137 734 2185 captivis
776 2135 983 2183 egentibus
1022 2135 1211 2172 alimenta
1251 2135 1351 2172 clam
1393 2135 1688 2186 suppeditasse;

216 2205 479 2245 9ceterorum
520 2208 693 2244 omnium
733 2207 1021 2256 Campanorum
1060 2207 1228 2245 eundem
1268 2221 1364 2256 erga
1402 2221 1473 2244 nos
1512 2207 1687 2245 animum

259 2293 375 2329 quem
409 2279 797 2328 Carthaginiensium
830 2280 963 2324 fuisse,
994 2280 1203 2329 securique
1234 2292 1440 2329 percussos
1471 2292 1493 2316 a
1524 2279 1572 2326 Q.
1591 2278 1686 2316 Ful-

258 2351 325 2388 vio
365 2364 448 2388 esse
487 2351 624 2400 magis,
672 2364 840 2401 quorum
872 2350 1048 2398 dignitas
1080 2351 1182 2388 inter
1213 2351 1326 2397 alios,
1371 2363 1489 2400 quam
1519 2363 1687 2400 quorum

191 2420 380 2472 lOculpa
419 2423 630 2459 eminebat.
692 2422 771 2460 Per
813 2427 991 2459 senatum
1029 2422 1095 2470 agi
1127 2423 1175 2459 de
1207 2422 1433 2472 Campanis,
1480 2421 1549 2471 qui
1581 2422 1687 2460 cives

259 2494 429 2532 Romani
463 2498 567 2533 sunt.
599 2495 751 2531 iniussu
782 2494 922 2544 populi
951 2507 1030 2531 non
1061 2494 1178 2532 video
1208 2507 1334 2543 posse,
1364 2493 1484 2543 idque
1516 2498 1556 2530 et
1581 2493 1687 2543 apud

259 2566 428 2602 maiores
459 2569 614 2602 nostros
646 2566 686 2602 in
718 2565 939 2603 Satricanis
970 2565 1117 2602 factum
1149 2578 1244 2614 esse,
1282 2578 1401 2614 quum
1435 2565 1685 2615 defecissent,

258 2640 304 2673 ut
347 2637 401 2673 M.
448 2636 654 2674 Antistius
699 2637 883 2673 tribunus
929 2636 1058 2685 plebis
1103 2637 1213 2686 prius
1266 2637 1515 2684 rogationem
1567 2636 1688 2673 ferret
