1789 2955
538 72 652 108 Liber
677 72 800 108 XXX.
851 72 910 117 (A.
938 72 1002 106 Oh.
1029 73 1136 116 2025
1465 76 1545 113 253

121 199 380 246 afferentium,
411 200 566 249 magnis
598 200 810 238 itineribus
829 200 990 238 Zamam
1017 199 1235 237 contendit.
1281 199 1405 237 Zama
1437 200 1550 249 quin·
1570 200 1592 236 2

122 285 198 322 que
229 271 382 308 dierum
414 271 491 308 iter
522 272 571 309 ab
593 271 835 322 Carthagine
867 273 990 310 abest.
1051 271 1153 309 Inde
1185 272 1378 321 praemissi
1411 285 1546 321 specu-

118 343 266 381 latores
297 355 429 393 quum,
462 344 618 393 excepti
650 344 699 381 ab
724 343 960 381 custodibus
977 343 1180 389 Romanis,
1213 342 1372 380 deducti
1397 343 1446 380 ad
1463 342 1546 381 Sci·

116 415 277 465 pionem
310 418 452 461 essent,
482 414 653 452 traditos
686 428 750 452 eos
781 415 943 452 tribuno
969 415 1141 452 militum
1168 416 1374 464 iussosque
1400 415 1545 452 omisso

118 490 227 524 metu
257 486 384 523 visere
415 487 546 523 omnia
576 500 647 536 per
664 490 807 534 castra,
839 499 917 536 qua
944 486 1104 533 vellent,
1137 486 1382 524 circumduci
1407 486 1545 532 iussit3

118 560 476 608 percontatusque,
523 557 636 595 satin’
676 572 745 607 per
792 558 1040 596 commodum
1087 558 1219 596 omnia
1266 558 1595 608 explorassent‚3

117 630 233 677 datis,
264 630 335 680 qui
352 634 702 680 prosequerentur,
727 634 834 667 retro
862 630 913 667 ad
931 630 1201 667 Hannibalem
1228 629 1391 667 dimisit.
1438 629 1549 667 Han·
1568 630 1593 666 4

115 701 228 739 nibal
257 701 359 739 nihil
391 701 550 751 quidem
584 714 739 749 eorum,
778 715 864 752 quae
896 702 1186 740 nuntiabantur
1218 702 1326 750 (nam
1358 705 1396 739 et
1426 701 1548 739 Masi-

115 773 262 811 nissam
294 786 382 810 cum
414 786 482 811 sex
512 773 689 811 millibus
721 773 921 824 peditum,
960 777 1151 824 quattuor
1182 774 1360 824 equitum
1391 774 1548 812 venisse

116 857 162 882 eo
179 845 268 895 ipso
285 846 388 884 forte
405 845 468 883 die
487 845 732 894 afferebant),
744 845 834 882 laeto
853 846 983 883 animo
1001 845 1170 892 audivit,
1184 849 1362 884 ceterum
1377 846 1548 883 maxime

116 915 240 955 hostis
270 916 420 956 fiducia
451 918 727 967 audaciaque,
774 930 853 955 non
895 917 944 954 de
976 918 1100 955 nihilo
1131 918 1310 968 profecto
1343 920 1546 967 concepta,

119 990 327 1038 perculsus
359 993 428 1028 est.
488 990 632 1039 Itaque
663 1002 889 1039 quanquam
923 993 961 1026 et
992 989 1078 1039 ipse
1118 1003 1235 1027 causa
1265 989 1363 1026 belli
1396 992 1481 1026 erat
1512 993 1551 1027 et
1573 988 1596 1026 5

117 1061 294 1100 adventu
325 1075 395 1100 suo
426 1062 658 1099 turbaverat
690 1064 730 1098 et
759 1064 896 1111 pacta-s
929 1061 1105 1098 indutias
1138 1065 1175 1098 et
1207 1074 1318 1111 spem
1344 1060 1550 1107 foederum,

116 1138 262 1180 tamen,
293 1134 326 1171 si
358 1134 527 1184 integer,
560 1147 677 1183 quam
706 1133 739 1170 si
761 1133 892 1170 victus
917 1136 1072 1182 peteret
1096 1146 1244 1183 pacem,
1279 1133 1455 1182 aequiora
1482 1133 1549 1169 im-

117 1207 270 1256 petrari
300 1219 417 1256 posse
448 1210 580 1252 ratus,
628 1206 811 1243 nuntium
843 1204 892 1242 ad
926 1204 1154 1254 Scipionem
1187 1205 1320 1250 misit,
1352 1208 1397 1242 ut
1428 1204 1549 1242 collo-

118 1278 270 1328 quendi
315 1291 446 1316 secum
491 1281 728 1328 potestatem
774 1277 935 1316 faceret.
1011 1276 1059 1313 Id
1112 1280 1247 1314 utrum
1294 1289 1365 1314 sua
1411 1279 1552 1326 sponte
1573 1277 1596 1314 6

120 1350 261 1387 fecerit
305 1363 356 1387 an
394 1349 557 1400 publico
603 1349 792 1395 consilio,
838 1351 1024 1386 neutrum
1071 1361 1140 1385 cur
1171 1348 1364 1386 affirmem
1409 1348 1549 1386 habeo.

118 1420 308 1460 Valerius
339 1420 487 1459 Antias
518 1421 648 1471 primo
679 1421 822 1470 proelio
854 1421 1002 1458 victum
1035 1434 1124 1458 eum
1155 1420 1204 1458 ab
1237 1419 1438 1470 Scipione,
1470 1433 1549 1469 quo
1575 1422 1596 1456 7

118 1492 330 1531 duodecim
361 1493 488 1531 millia
519 1496 762 1531 armatorum
794 1493 835 1529 in
867 1492 949 1530 acie
981 1493 1061 1530 sint
1092 1505 1204 1539 caesa,
1244 1493 1357 1530 mille
1396 1496 1434 1529 et
1465 1505 1550 1542 sep-

119 1565 295 1614 tingenti
314 1565 434 1615 capti,
467 1565 642 1614 legatum
659 1578 746 1602 cum
765 1565 853 1603 aliis
883 1565 1017 1602 decem
1034 1565 1178 1613 legatis
1202 1564 1332 1602 tradit
1357 1565 1397 1602 in
1423 1567 1553 1602 castra

117 1637 169 1675 ad
215 1636 447 1687 Scipionem
493 1637 658 1676 venisse.
729 1636 916 1674 Ceterum
963 1634 1099 1686 Scipio
1146 1649 1268 1686 quum
1314 1635 1598 1686 colloquiumss

117 1708 225 1747 haud
255 1709 471 1756 abnuisset,
503 1709 618 1746 ambo
650 1721 698 1745 ex
729 1708 948 1758 composito
980 1708 1099 1746 duces
1125 1711 1255 1746 castra
1284 1708 1552 1758 protulerunt,

123 1784 168 1819 ut
199 1781 305 1819 coire
336 1794 384 1818 ex
414 1780 642 1831 propinquo
684 1783 858 1830 possent.
921 1778 1059 1830 Scipio
1090 1780 1196 1817 haud
1228 1781 1368 1830 procul
1400 1780 1554 1829 Narag-
1574 1780 1596 1817 9

124 1865 221 1902 gara
245 1853 357 1900 urbe,
388 1865 510 1902 quum
535 1852 585 1890 ad
612 1854 744 1890 cetera
767 1852 854 1889 loco
879 1856 1117 1901 opportuno,
1148 1856 1231 1890 tum
1257 1852 1365 1902 quod
1389 1852 1552 1901 aquatio

122 1924 230 1963 intra
261 1924 334 1961 teli
364 1924 588 1962 coniectum
635 1927 739 1970 erat,
785 1923 978 1961 consedit.
1037 1923 1246 1961 Hannibal
1290 1925 1486 1962 tumulum
1533 1937 1556 1962 a
1576 1923 1628 1961 10

122 1999 314 2047 quattuor
344 1996 528 2034 millibus
560 1995 672 2042 inde,
717 1998 849 2032 tutum
896 1995 1224 2045 commodumque
1271 1996 1442 2046 alioqui,
1474 1995 1555 2033 nisi

122 2067 231 2118 quod
261 2068 491 2118 longinquae
523 2067 754 2117 aquationis
785 2070 890 2115 erat,
935 2068 1052 2117 cepit.
1111 2067 1178 2105 Ibi
1210 2068 1251 2104 in
1282 2068 1413 2105 medio
1445 2068 1554 2106 locus

121 2142 356 2189 conspectus
402 2139 602 2189 undique,
646 2152 696 2176 ne
753 2139 850 2188 quid
895 2139 1135 2177 insidiarum
1189 2142 1309 2186 esset,
1366 2140 1554 2177 delectus.

123 2209 342 2249 Summotis
373 2211 463 2261 pari
509 2211 639 2261 spatio
685 2211 867 2258 armatis,
916 2224 1004 2248 cum
1049 2211 1222 2260 singulis
1269 2211 1556 2261 interpretibus
1646 2205 1703 2255 30

122 2283 325 2332 congressi
355 2286 468 2330 sunt,
499 2296 579 2320 non
623 2295 703 2321 suae
749 2282 868 2321 modo
914 2283 1045 2321 aetatis
1090 2283 1254 2320 maximi
1298 2282 1436 2329 duces,
1484 2282 1554 2320 sed

121 2354 250 2392 omnis
282 2357 372 2392 ante
417 2367 458 2392 se
497 2354 719 2401 memoriae,
765 2355 941 2392 omnium
986 2354 1164 2403 gentium
1204 2353 1370 2392 cuilibet
1412 2367 1553 2404 regum

126 2425 462 2476 imperatorumve
507 2439 635 2476 pares.
710 2425 928 2477 Paulisper
968 2427 1070 2464 alter
1116 2425 1281 2463 alterius
1328 2425 1598 2475 conspectu,2

122 2496 386 2535 admiratione
415 2500 554 2535 mutua
585 2510 710 2548 prope
743 2498 916 2545 attoniti,
948 2497 1198 2543 conticuere;
1232 2500 1317 2534 tum
1348 2496 1555 2535 Hannibal

126 2568 255 2617 prior:
293 2567 364 2616 „Si
394 2568 470 2606 hoc
503 2569 561 2607 ita
591 2569 674 2607 fato
708 2569 845 2607 datum
878 2571 986 2616 erat,
1017 2572 1079 2616 ut,
1124 2569 1194 2618 qui
1225 2569 1379 2618 primus
1410 2567 1602 2606 bellum3

124 2637 245 2677 intuli
274 2640 424 2690 populo
448 2640 641 2688 Romano,
671 2640 821 2690 quique
845 2640 964 2678 toties
995 2653 1120 2690 prope
1146 2640 1188 2677 in
1217 2639 1401 2677 manibus
1427 2639 1553 2678 victo-
