1789 2955
502 74 618 110 Liber
642 74 789 110 XXIX.
840 76 900 118 (A.
928 75 992 110 Ch.
1018 77 1114 120 204.)
1442 83 1518 118 221

92 202 308 249 continuit,
352 206 477 240 totam
523 204 646 240 ferme
693 203 743 241 ad
775 203 989 252 Magonem
1037 217 1081 241 ac
1112 217 1183 253 per
1214 217 1301 241 eum
1333 205 1383 242 ad
1413 218 1521 254 spem

90 274 268 312 novandi
312 287 375 311 res
416 288 583 314 versam.
644 274 724 311 Eas
757 275 994 324 quaestiones
1040 288 1088 311 ex
1134 280 1294 313 senatus
1341 277 1521 314 consulto
1543 278 1587 313 ll

90 346 253 383 minime
284 346 494 383 ambitiose
525 346 685 392 habuit3
726 346 920 395 multique
953 346 1110 384 nobiles
1143 347 1320 394 Etrusci,
1352 349 1421 397 qui
1454 351 1524 385 aut

90 417 168 467 ipsi
200 417 330 454 ierant
361 420 429 454 aut
460 418 651 455 miserant
682 418 731 455 ad
762 417 974 466 Magonem
1013 418 1061 455 de
1091 419 1331 468 populorum
1363 433 1523 457 suorum

91 488 326 535 defectione,
370 489 500 538 primo
531 492 746 538 praesentes
780 492 894 525 erant
932 489 1201 536 condemnati;
1250 495 1386 540 postea
1431 505 1521 529 con-
1545 492 1594 528 12

89 560 255 597 scientia
288 560 449 598 sibimet
480 561 556 610 ipsi
597 561 784 597 exsilium
817 561 1126 608 consciscentes,
1172 575 1293 610 quum
1339 563 1522 599 absentes

89 632 267 670 damnati
288 636 434 679 essent,
459 633 694 682 corporibus
711 632 938 679 subtractis,
962 633 1065 670 bona
1081 636 1247 681 tantum,
1279 647 1367 683 quae
1390 634 1521 683 publi-

87 704 172 741 cari
201 707 398 753 poterant,
430 705 682 754 pigneranda
713 718 839 754 poenae
871 704 1119 753 praebebant.

202 775 313 813 Dum
344 776 428 813 haec
461 777 641 814 consules
687 775 854 814 diversis
895 776 1129 824 regionibus
1161 781 1296 825 agunt,
1341 790 1522 815 censores
1611 773 1663 821 37

92 847 250 884 interim
283 848 422 885 Romae
439 848 493 885 M.
510 848 651 885 Livius
684 852 722 884 et
750 848 792 886 C.
811 847 1002 885 Claudius
1027 852 1207 885 senatum
1238 849 1520 887 recitaverunt.

87 917 283 968 Princeps
328 920 470 956 iterum
519 920 643 957 lectus
676 920 722 967 Q
754 920 903 957 Fabius
934 920 1153 966 Maxi1nus3
1200 922 1329 958 notati
1360 925 1522 971 septem,

89 1003 204 1027 nemo
236 995 381 1038 tamen,
428 992 498 1041 qui
529 992 628 1029 sella
660 992 789 1029 curuli
821 992 1002 1029 sedisset.
1063 991 1182 1029 Sarta
1225 996 1329 1029 tecta
1374 992 1562 1031 acriter2

89 1064 128 1098 et
160 1075 248 1099 cum
280 1076 433 1101 summa
473 1063 551 1100 fide
583 1067 812 1111 exegerunt.
876 1063 996 1101 Viam
1029 1078 1049 1101 e
1079 1065 1165 1101 foro
1198 1064 1336 1102 boario
1370 1065 1437 1115 [et]
1469 1066 1517 1103 ad

94 1133 263 1171 Veneris
310 1135 415 1172 circa
460 1136 566 1173 foros
611 1136 794 1184 publicos
841 1139 880 1172 et
918 1136 1039 1172 aedem
1085 1135 1227 1173 Matris
1271 1135 1432 1185 Magnae
1479 1138 1521 1175 in

89 1205 252 1243 Palatio
298 1206 519 1244 faciendam
567 1207 811 1245 locaverunt.
887 1207 1076 1256 Vectigal
1122 1208 1242 1245 etiam
1287 1221 1431 1245 novum
1478 1207 1566 1245 ex3

87 1278 238 1315 salaria
269 1292 424 1316 annona
471 1282 705 1316 statuerunt.
778 1278 967 1316 Sextante
1014 1279 1072 1315 sal
1118 1284 1155 1316 et
1185 1279 1324 1316 Romae
1366 1284 1405 1316 et
1449 1293 1521 1329 per

86 1353 212 1387 totam
243 1350 404 1387 Italiam
438 1354 539 1396 erat3
570 1350 708 1387 Romae
746 1350 877 1399 pretio
910 1350 1068 1397 eodem,
1107 1351 1236 1401 pluris
1283 1352 1323 1387 in
1354 1352 1452 1389 foris
1484 1356 1521 1389 et

89 1422 369 1459 conciliabulis
401 1426 440 1459 et
472 1422 552 1460 alio
584 1422 685 1460 alibi
715 1422 846 1471 pretio
877 1422 1137 1471 praebendum
1171 1423 1414 1461 locaverunt.
1473 1422 1565 1461 Id4

87 1494 264 1543 vectigal
297 1498 562 1531 commentum
595 1494 763 1530 alterum
805 1507 852 1531 ex
899 1495 1130 1532 censoribus
1170 1496 1265 1532 satis
1297 1495 1523 1542 credebant,

88 1566 236 1615 populo
268 1566 426 1615 iratum,
459 1565 566 1615 quod
598 1566 734 1615 iniquo
766 1565 916 1603 iudicio
945 1567 1144 1615 quondam
1169 1566 1377 1604 damnatus
1409 1570 1522 1618 esset,

89 1641 128 1675 et
158 1638 199 1674 in
244 1639 374 1688 pretio
420 1638 517 1675 salis
562 1638 735 1675 maxime
777 1640 959 1675 oneratas
990 1637 1143 1685 tribus,
1189 1651 1356 1687 quarum
1403 1652 1523 1688 opera

91 1709 301 1747 damnatus
341 1714 425 1747 erat
473 1709 739 1759 [credebant];
788 1709 879 1746 inde
922 1707 1140 1747 Salinatori
1185 1709 1305 1747 Livio
1351 1710 1523 1747 inditum

90 1794 322 1830 cognomen.
384 1781 574 1819 Lustrum
617 1780 821 1818 conditum
854 1781 1002 1829 serius,
1051 1782 1143 1830 quia
1186 1794 1259 1830 per
1298 1779 1568 1830 provinoias5

92 1852 331 1890 dimiserunt
362 1867 561 1899 censores,
608 1856 653 1889 ut
692 1853 836 1890 civium
876 1852 1148 1889 Romanorum
1196 1853 1235 1889 in
1267 1853 1522 1901 exercitibus,

91 1928 262 1974 quantus
294 1924 443 1975 ubique
483 1928 604 1971 esset,
652 1925 869 1961 referretur
913 1938 1110 1961 numerus.
1172 1924 1299 1962 Censa
1345 1938 1431 1961 cum
1475 1924 1566 1963 iis6

93 1996 266 2033 ducenta
298 1996 433 2034 decem
467 2000 655 2046 quattuor
695 1996 824 2033 millia
855 1995 1072 2033 hominum.
1134 1996 1326 2034 Condidit
1356 1997 1525 2033 lustrum

94 2067 136 2106 C.
170 2067 363 2105 Claudius
393 2068 512 2108 Nero.
575 2068 802 2106 Duodecim
828 2067 974 2105 deinde
1005 2068 1258 2116 coloniarum,
1289 2068 1397 2117 quod
1428 2082 1525 2105 nun·
1546 2068 1568 2102 7

94 2153 211 2189 quam
259 2144 375 2178 antea
405 2142 551 2178 factum
598 2144 700 2186 erat,
747 2140 1019 2177 deferentibus
1064 2140 1241 2190 ipsarum
1278 2139 1524 2177 coloniarum

93 2212 336 2258 censoribus,
372 2226 528 2250 censum
562 2216 812 2262 acceperunt,
843 2216 898 2259 ut,
929 2215 1121 2261 quantum
1146 2225 1310 2249 numero
1342 2211 1524 2258 militum,

93 2287 285 2333 quantum
330 2285 502 2334 pecunia
543 2285 741 2330 valerent,
785 2284 826 2320 in
871 2283 1046 2333 publicis
1090 2284 1240 2321 tabulis
1272 2286 1527 2320 monumenta

93 2358 307 2394 exstarent.
369 2356 564 2406 Equitum
597 2356 740 2393 deinde
773 2368 912 2393 census
944 2356 1009 2404 agi
1041 2359 1192 2405 coeptus
1224 2358 1300 2400 θεῖς
1344 2358 1383 2391 et
1413 2355 1528 2392 ambo
1547 2354 1572 2389 8

91 2428 195 2465 forte
228 2441 408 2466 censores
440 2442 583 2478 equum
617 2428 819 2478 publicum
858 2427 1069 2465 habebant.
1132 2426 1264 2473 Quum
1296 2425 1344 2462 ad
1374 2425 1525 2462 tribum

93 2498 268 2537 Polliam
298 2503 460 2537 vent-um
492 2503 605 2546 esset,
635 2500 676 2537 in
708 2513 786 2549 qua
809 2499 863 2536 M.
887 2499 996 2536 Livii
1028 2512 1169 2535 nomen
1200 2501 1295 2544 erat,
1327 2500 1364 2534 et
1395 2509 1526 2546 praeco

96 2575 349 2609 cunctaretur
382 2572 506 2609 citare
546 2572 676 2621 ipsum
719 2584 932 2616 censorem,
968 2569 1109 2620 „Citam
1144 2569 1277 2619 inquit
1307 2568 1415 2607 Nero
1451 2567 1572 2615 „Mb

93 2642 306 2690 Livium“;
338 2646 377 2680 et
407 2644 489 2680 sive
523 2657 569 2680 ex
599 2644 758 2680 residua
787 2645 921 2680 vetere
954 2641 1176 2687 simultate,
1218 2641 1301 2678 sive
1333 2639 1526 2689 intempe-
