1789 2955
241 108 323 145 254
658 102 772 138 Liber
798 101 923 137 XXX.
972 103 1033 145 (A.
1059 114 1093 136 u.
1119 113 1148 136 c.
1174 102 1268 145 552.)

240 232 342 270 riam
373 231 508 277 habui,
538 230 571 268 is
602 231 708 269 ultro
741 230 791 268 ad
821 243 958 280 pacem
998 229 1208 279 petendam
1239 229 1438 276 venirem,
1478 230 1592 267 laetor
1635 234 1674 267 te

192 306 216 341 4
235 304 334 342 mihi
369 306 475 342 sorte
506 302 756 352 potissimum
791 302 938 349 datum,
980 315 1002 338 a
1033 314 1110 351 quo
1140 304 1328 351 peterem.
1389 300 1485 338 Tibi
1517 314 1675 351 quoque

243 377 349 414 inter
380 375 506 412 multa
537 375 699 424 egregia
725 388 804 412 non
830 374 872 411 in
897 374 1049 411 ultimis
1075 373 1240 412 laudum
1262 373 1335 411 hoc
1360 373 1491 420 fuerit,
1521 373 1675 411 Hanni-

238 448 396 495 balem,
441 447 505 484 cui
534 449 595 483 tot
632 446 680 483 de
710 446 902 484 Romanis
933 445 1102 483 ducibus
1142 445 1354 483 victoriam
1386 444 1428 482 di
1460 444 1675 492 dedissent,

240 520 321 557 tibi
353 520 529 565 cessisse,
559 521 679 568 teque
709 518 805 555 huic
847 517 974 563 bello,
1019 517 1161 554 vestris
1206 517 1320 566 prius
1366 530 1483 566 quam
1527 517 1673 555 nostris

194 593 216 630 5
239 591 421 631 cladibus
455 590 624 639 insigni,
670 589 789 627 finem
834 589 1084 640 imposuisse.
1145 588 1235 626 Hoc
1267 601 1424 638 quoque
1455 588 1674 627 ludibrium

241 677 353 702 casus
387 662 560 700 ediderit
590 662 769 708 fortuna,
801 664 864 709 ut,
910 675 1030 711 quum
1061 663 1177 710 patre
1207 664 1277 698 tuo
1310 661 1470 698 consule
1501 661 1674 711 ceperim

240 750 368 783 arma,
414 748 501 772 cum
547 734 687 771 eodem
732 733 903 783 primum
935 733 1116 770 Romano
1164 732 1405 782 imperatore
1437 733 1553 782 signa
1585 746 1674 771 con-

237 808 411 857 tulerim,
445 807 496 845 ad
527 805 656 843 filium
689 806 773 844 eius
805 806 968 843 inermis
1000 804 1050 842 ad
1083 818 1219 854 pacem
1260 803 1474 854 petendam
1505 805 1673 843 veniam.

192 881 214 918 6
235 878 443 930 Optimum
476 878 639 928 quidem
671 878 814 924 fuerat,
846 891 931 915 eam
958 877 1142 927 patribus
1168 876 1316 914 nostris
1343 880 1515 914 mentem
1541 876 1674 914 datam

238 951 287 990 ab
321 951 381 988 dis
415 965 509 1000 esse,
542 953 588 987 ut
618 954 658 988 et
687 963 758 987 vos
789 949 921 987 Italiae
952 953 992 987 et
1023 963 1095 987 nos
1112 948 1265 986 Africae
1296 948 1467 998 imperio
1499 949 1674 987 contenti

197 1026 217 1061 7
240 1036 434 1069 essemus3
480 1035 610 1071 neque
657 1021 760 1059 enim
794 1035 844 1059 ne
881 1021 998 1060 vobis
1044 1020 1204 1071 quidem
1239 1018 1380 1057 Sicilia
1411 1033 1457 1057 ac
1488 1019 1673 1059 Sardinia

239 1096 336 1133 satis
368 1095 491 1144 digna
522 1094 653 1143 pretia
686 1098 779 1131 sunt
810 1107 882 1143 pro
913 1096 974 1131 tot
1006 1092 1213 1139 classibus,
1243 1095 1304 1129 tot
1331 1092 1586 1140 exercitibus,
1615 1095 1675 1130 tot

237 1172 320 1205 tam
351 1166 524 1216 egregiis
552 1166 709 1203 amissis
737 1166 925 1212 ducibus3
957 1165 1025 1202 sed
1053 1164 1259 1214 praeterita
1282 1164 1409 1213 magis
1436 1164 1675 1214 reprehendi

197 1241 222 1277 8
240 1243 407 1290 possunt
437 1252 557 1288 quam
589 1238 749 1286 corrigi.
810 1237 876 1275 Ita
907 1237 1037 1275 aliena
1068 1236 1347 1286 appetivimUS,
1374 1240 1419 1274 ut
1449 1236 1496 1274 de
1528 1237 1673 1274 nostris

241 1311 541 1356 dimicaremus,
573 1323 645 1347 nec
678 1309 719 1346 in
753 1309 877 1347 Italia
921 1309 1048 1346 solum
1095 1309 1212 1346 nobis
1258 1308 1428 1354 bellum,
1473 1307 1588 1346 vobis
1634 1308 1675 1345 in

241 1383 386 1422 Africa
416 1386 543 1429 esset,
573 1382 643 1419 sed
675 1385 714 1419 et
744 1395 813 1420 vos
843 1381 885 1418 in
915 1381 1042 1431 portis
1075 1381 1218 1419 vestris
1241 1393 1366 1430 prope
1398 1393 1443 1418 ac
1474 1380 1672 1418 moenibus

242 1455 356 1504 signa
387 1467 575 1504 armaque
606 1454 780 1491 hostium
810 1454 982 1500 vidistis,
1014 1456 1052 1490 et
1084 1466 1155 1490 nos
1186 1453 1235 1489 ab
1268 1451 1512 1501 Carthagine
1542 1452 1674 1489 fremi-

198 1528 321 1565 9tum
368 1530 588 1565 castrorum
635 1526 907 1564 Romanorum
953 1524 1199 1563 exaudimus.
1270 1523 1387 1570 Quod
1432 1524 1558 1573 igitur
1601 1537 1672 1562 nos

238 1599 410 1637 maxime
449 1598 787 1644 abominaremur,
835 1610 903 1635 vos
943 1600 1033 1633 ante
1074 1596 1208 1634 omnia
1254 1594 1469 1645 optaretis,
1516 1595 1556 1633 in
1594 1609 1672 1633 me-

238 1671 340 1709 liore
370 1674 502 1708 vestra
541 1670 701 1707 fortuna
739 1668 788 1706 de
826 1681 924 1719 pace
964 1668 1111 1718 agitur.
1172 1667 1345 1716 Agimus
1400 1667 1458 1715 ei,
1504 1680 1672 1717 quorum

239 1748 277 1781 et
308 1737 478 1780 maxime
510 1742 677 1779 interest
707 1754 844 1791 pacem
876 1754 973 1789 esse,
1004 1744 1043 1779 et
1074 1739 1143 1790 qui
1172 1738 1437 1789 quodcunque
1461 1739 1671 1788 egerimus,

239 1818 371 1853 ratum
403 1814 588 1852 civitates
620 1815 767 1852 nostrae
798 1813 994 1851 habiturae
1025 1815 1140 1860 sunt;
1185 1811 1319 1850 animo
1357 1814 1513 1849 tantum
1556 1811 1673 1850 nobis

166 1887 218 1925 10
239 1900 336 1937 opus
383 1889 443 1924 est
487 1899 565 1924 non
608 1885 849 1924 abhorrente
894 1899 917 1922 a
947 1885 1096 1935 quietis
1129 1881 1320 1922 consiliis.
1383 1881 1501 1929 Quod
1531 1882 1582 1921 ad
1613 1897 1673 1921 me

239 1959 394 2005 attinet,
427 1958 506 1996 iam
537 1961 630 1995 aetas
662 1971 797 1995 senem
834 1956 876 1994 in
906 1957 1081 2007 patriam
1115 1957 1391 2002 revertentem,
1436 1954 1543 1992 unde
1573 1967 1675 2004 puer

236 2030 439 2081 profectus
470 2043 566 2077 sum,
598 2030 676 2067 iam
708 2029 900 2076 secundae,
930 2029 1009 2066 iam
1041 2027 1216 2066 adversae
1242 2040 1304 2065 res
1336 2027 1392 2065 ita
1423 2025 1671 2073 erudierunt,

166 2102 213 2139 11
234 2106 279 2140 ut
295 2102 490 2140 rationem
518 2101 630 2151 sequi
662 2114 780 2150 quam
811 2100 1013 2139 fortunam
1045 2100 1202 2146 malim3
1232 2103 1343 2137 tuam
1375 2102 1414 2136 et
1444 2098 1670 2136 adolescen-

236 2174 335 2212 tiam
352 2176 391 2211 et
405 2176 642 2224 perpetuam
661 2172 903 2219 felicitatem,
934 2172 1133 2210 ferociora
1156 2175 1338 2221 utraque,
1369 2184 1490 2220 quam
1517 2169 1664 2220 quietis

236 2259 334 2296 opus
362 2249 422 2283 est
447 2244 636 2291 consiliis,
667 2247 812 2282 metuo.
860 2244 951 2282 Non
977 2247 1126 2281 temere
1143 2243 1296 2281 incerta
1319 2255 1480 2281 casuum
1496 2242 1668 2291 reputat,

168 2317 218 2354 12
237 2330 354 2367 quem
384 2317 548 2355 fortuna
593 2329 794 2365 nunquam
826 2315 995 2365 decepit.
1056 2315 1174 2363 Quod
1219 2327 1293 2363 ego
1341 2314 1398 2351 fui
1443 2313 1493 2351 ad
1522 2312 1668 2351 Trasu-

237 2401 435 2435 mennum,
467 2389 518 2425 ad
550 2387 718 2435 Cannas,
750 2387 792 2424 id
822 2389 868 2425 tu
897 2387 1015 2425 hodie
1046 2400 1098 2425 es.
1145 2385 1323 2425 Vixdum
1355 2385 1523 2423 militari
1555 2386 1670 2422 aetate

236 2460 406 2510 imperio
452 2463 634 2509 accepto,
678 2458 812 2497 omnia
856 2458 1117 2497 audacissime
1164 2457 1425 2507 incipientem
1470 2468 1667 2506 nusquam

163 2531 213 2569 13
232 2531 379 2568 fefellit
402 2531 571 2568 fortuna.
617 2530 755 2568 Patris
793 2533 832 2567 et
854 2529 990 2580 patrui
1017 2532 1250 2579 persecutus
1277 2531 1450 2566 mortem
1481 2540 1529 2565 ex
1561 2526 1669 2565 cala-

237 2602 377 2640 mitate
393 2605 536 2640 vestrae
561 2601 700 2640 domus
729 2602 849 2639 decus
871 2600 1029 2650 insigne
1054 2599 1218 2638 virtutis
1245 2599 1489 2650 pietatisque
1507 2597 1663 2636 eximiae

235 2673 396 2724 cepisti;
429 2674 592 2711 amissas
614 2672 837 2723 Hispanias
867 2671 1125 2722 recuperasti,
1159 2674 1347 2721 quattuor
1378 2669 1472 2708 inde
1501 2668 1665 2708 Punicis
