1768 2943
170 2271 198 2316 6

263 111 318 151 62
684 109 787 140 Liber
813 109 923 140 XXII.
969 110 1023 151 (A.
1046 120 1076 140 u.
1102 121 1128 140 c.
1157 109 1250 152 537.)

262 242 380 276 batos
413 240 591 284 ordines,
625 246 803 276 vertente
828 252 870 276 se
897 252 1058 288 quoque
1083 242 1136 277 ad
1164 241 1354 278 dissonos
1378 242 1587 286 clamores,
1616 241 1674 279 in-

263 311 386 354 struit,
420 316 462 347 ut
485 316 642 359 tempus
666 311 859 358 locusque
883 310 1042 359 patitur,
1070 317 1110 347 et
1133 323 1374 359 quacunque
1398 311 1509 348 adire
1528 311 1674 348 audiri-

221 378 247 418 2
262 393 338 428 que
364 387 511 430 potest,
546 381 782 418 adhortatur
807 392 854 417 ac
879 386 984 417 stare
1009 393 1055 418 ac
1083 393 1264 430 pugnare
1296 382 1424 418 iubet:
1458 393 1534 418 nec
1567 381 1674 418 enim

261 451 357 487 inde
375 451 476 488 votis
496 457 563 487 aut
579 451 863 499 imploratione
882 452 1016 494 deum,
1042 453 1115 488 sed
1133 452 1169 487 vi
1193 464 1239 488 ac
1258 451 1398 487 virtute
1417 452 1675 488 evadendum

261 532 369 564 esse;
403 533 475 570 per
496 521 654 557 medias
682 521 790 557 acies
815 521 918 558 ferro
943 522 1046 558 viam
1071 521 1152 558 fieri
1177 526 1228 565 et,
1263 534 1343 569 quo
1368 522 1521 558 timoris
1544 522 1675 559 minus

220 588 322 635 3sit‚
356 603 406 627 eo
439 592 570 627 minus
603 591 726 627 ferme
759 591 922 640 periculi
956 604 1058 628 esse.
1109 591 1295 627 Ceterum
1324 604 1405 640 prae
1432 593 1598 641 strepitu
1628 605 1674 629 ae

261 661 428 697 tumultu
446 673 521 697 nec
541 661 751 698 consilium
768 674 845 698 nec
862 662 1071 711 imperium
1089 662 1216 710 accipi
1235 667 1407 710 poterat,
1439 667 1675 711 tantumque

261 732 412 775 aberat,
446 736 488 767 ut
515 743 588 768 sua
612 732 727 780 signa
751 737 871 780 atque
900 732 1064 768 ordines
1090 737 1130 768 et
1154 733 1286 768 locum
1305 737 1534 777 noscerent,
1554 738 1597 768 ut
1612 732 1674 769 vix

261 802 314 837 ad
333 813 443 837 arma
461 801 663 850 capienda
680 803 941 851 aptandaque
966 814 1111 851 pugnae
1136 807 1385 850 competeret
1407 801 1577 846 animus,
1604 814 1675 851 op-

260 871 603 920 primerenturque
644 872 807 920 quidam
847 872 1001 909 onerati
1045 872 1173 920 magis
1215 872 1261 908 iis
1301 884 1421 920 quam
1453 873 1560 908 tecti.
1625 872 1676 908 Et

261 947 345 978 erat
376 941 417 978 in
449 946 562 978 tanta
595 943 766 991 caligine
804 943 932 978 maior
971 954 1066 978 usus
1107 941 1258 978 aurium
1298 954 1420 990 quarn
1453 943 1673 978 oculorum.

218 1010 325 1049 4Ad
346 1013 518 1060 gemitus
541 1012 837 1048 vulneratorum
860 1012 1041 1060 ictusque
1068 1024 1283 1061 corporum
1311 1017 1379 1048 aut
1406 1025 1609 1049 armorum
1636 1018 1676 1049 et

259 1082 405 1119 mixtos
429 1082 661 1119 terrentium
689 1082 1001 1131 paventiumque
1027 1082 1223 1119 clamores
1247 1082 1582 1119 circumferebant
1605 1095 1676 1119 ora

218 1151 495 1201 50culosque.
552 1153 625 1189 Alii
660 1153 859 1201 fugientes
883 1153 1149 1201 pugnantium
1173 1153 1298 1201 globo
1326 1153 1421 1189 illati
1449 1153 1673 1196 haerebant;

260 1222 360 1259 alios
407 1224 626 1259 redeuntes
672 1223 712 1259 in
760 1236 938 1272 pugnam
981 1224 1188 1259 avertebat
1231 1223 1466 1272 fugientium
1514 1236 1674 1272 agmen.

219 1292 244 1330 (3
260 1293 436 1337 Deinde,
462 1293 528 1328 ubi
555 1293 596 1329 in
625 1305 767 1330 omnes
791 1299 925 1342 partes
943 1294 1214 1342 nequicquam
1230 1293 1403 1342 impetus
1422 1294 1541 1342 capti,
1567 1299 1607 1330 et
1624 1295 1675 1330 ab

261 1363 449 1400 lateribus
473 1368 633 1400 montes
652 1376 698 1400 ac
716 1364 839 1408 lacus,
874 1377 897 1400 a
930 1364 1062 1400 fronte
1086 1369 1125 1400 et
1149 1364 1199 1399 ab
1223 1369 1337 1412 tergo
1370 1364 1544 1400 hostium
1568 1364 1675 1401 acies

261 1434 489 1477 claudebat,
517 1433 796 1482 apparuitque,
824 1434 974 1470 nullam
997 1434 1072 1470 nisi
1089 1434 1130 1470 in
1149 1434 1315 1470 dextera
1334 1433 1520 1482 ferroque
1538 1434 1674 1471 salutis

261 1517 375 1552 spem
400 1515 502 1548 esse,
529 1509 613 1539 tum
636 1503 711 1540 sibi
738 1503 906 1551 quisque
925 1504 1005 1539 dux
1024 1504 1342 1552 adhortatorque
1368 1504 1496 1541 factus
1515 1505 1568 1540 ad
1590 1517 1674 1541 rem

220 1573 483 1622 Tgerendam
525 1579 565 1610 et
602 1586 709 1610 nova
747 1574 800 1609 de
837 1574 996 1622 integro
1030 1579 1169 1610 exorta
1200 1586 1337 1622 pugna
1370 1579 1442 1618 est,
1483 1587 1568 1611 non
1609 1574 1675 1611 illa

261 1644 449 1680 ordinata
480 1656 551 1692 per
584 1643 784 1692 principes
817 1644 1081 1692 hastatosque
1115 1656 1162 1679 ac
1194 1644 1363 1688 triarios,
1407 1656 1484 1680 nec
1522 1650 1564 1681 ut
1601 1657 1673 1693 pro

261 1714 385 1763 signis
418 1714 687 1763 antesignani,
721 1720 815 1763 post
846 1714 962 1763 signa
994 1714 1071 1750 alia
1094 1719 1294 1762 pugnaret
1317 1714 1438 1758 acies,
1471 1727 1547 1752 nec
1570 1720 1612 1751 ut
1633 1715 1672 1751 in

220 1783 244 1823 8
261 1797 333 1821 sua
365 1784 528 1833 legione
560 1784 673 1820 miles
701 1789 769 1820 aut
792 1785 959 1821 cohorte
983 1789 1051 1820 aut
1072 1784 1279 1832 manipulo
1313 1789 1439 1828 esset;
1474 1785 1555 1821 fors
1578 1797 1675 1821 con·

260 1855 454 1903 globabat
472 1860 511 1891 et
528 1854 685 1891 animus
703 1867 796 1891 suus
814 1854 957 1902 cuique
973 1859 1066 1890 ante
1080 1859 1148 1890 aut
1159 1860 1253 1902 post
1266 1854 1476 1902 pugnandi
1490 1855 1675 1891 ordinem

261 1925 399 1969 dabat,
433 1930 649 1972 tantusque
682 1924 754 1960 fuit
783 1925 904 1960 ardor
926 1924 1165 1968 animorum,
1200 1925 1308 1961 adeo
1330 1924 1506 1961 intentus
1529 1937 1674 1973 pugnae

263 1992 468 2045 [animus],
503 2000 545 2030 ut
576 2007 668 2030 eum
699 1999 852 2030 motum
885 1999 1011 2038 terrae,
1045 1994 1111 2042 qui
1144 1995 1354 2030 multarum
1377 1994 1530 2031 urbium
1553 1995 1675 2032 Italiae

260 2077 430 2114 magnas
475 2069 610 2113 partes
652 2064 865 2113 prostravit
906 2064 1127 2112 avertitque
1171 2076 1286 2101 cursu
1318 2064 1485 2113 rapidos
1518 2077 1671 2109 amnes,

261 2147 370 2171 mare
403 2134 632 2171 fluminibus
663 2134 823 2178 invexit,
857 2139 1017 2171 montes
1039 2135 1153 2183 lapsu
1180 2134 1334 2183 ingenti
1355 2135 1519 2183 proruit,
1552 2147 1675 2171 nemo

261 2205 527 2254 pugnantium
560 2205 743 2241 senserit.

378 2275 479 2311 Tres
524 2275 647 2311 ferme
686 2275 807 2311 horas
847 2280 1069 2324 pugnaturn
1112 2280 1173 2311 est
1205 2280 1244 2310 et
1276 2274 1423 2322 ubique
1466 2275 1673 2319 atrociter;

220 2344 247 2384 2
261 2346 366 2382 circa
398 2345 606 2382 consulem
631 2350 766 2381 tamen
790 2344 918 2382 acrior
941 2345 1205 2393 infestiorque
1229 2358 1367 2394 pugna
1389 2349 1462 2381 est.
1510 2345 1614 2381 Eum
1636 2350 1676 2381 et

261 2416 410 2452 robora
446 2415 617 2451 virorum
662 2415 946 2462 sequebantur,
992 2420 1031 2451 et
1071 2415 1172 2463 ipse,
1216 2426 1457 2462 quacunque
1488 2414 1530 2450 in
1561 2419 1675 2463 parte

261 2485 387 2533 premi
420 2497 466 2522 ac
500 2485 683 2521 laborare
715 2490 897 2521 senserat
920 2496 1029 2529 suos,
1062 2485 1230 2533 impigre
1264 2485 1418 2521 ferebat
1449 2495 1583 2532 opem.
1615 2483 1675 2519 in-

263 2555 498 2603 signemque
531 2554 650 2591 armis
683 2559 722 2590 et
754 2554 892 2590 hostes
925 2565 1080 2590 summa
1102 2554 1137 2589 vi
1166 2555 1359 2602 petebant
1391 2558 1430 2590 et
1461 2554 1675 2589 tuebantur

221 2623 246 2663 3
262 2624 381 2668 cives,
417 2625 551 2661 donec
574 2624 741 2660 Insuber
762 2635 886 2671 eques
910 2621 1101 2673 (Ducario
1125 2635 1277 2660 nomen
1303 2621 1415 2671 erat),
1450 2622 1552 2659 facie
1575 2634 1674 2671 quo-
