1789 2955
547 121 651 152 Liber
669 121 777 152 xxv.
826 121 880 164 (A.
909 122 972 152 Ch.
999 121 1093 164 212.)
1438 124 1519 165 251

105 250 291 300 Epicyde
323 251 490 300 praebito
523 251 718 288 universae
746 253 879 301 plebei
908 258 948 289 et
975 265 1046 301 per
1073 253 1198 289 tribus
1226 266 1250 289 a
1277 254 1523 303 principibus

105 321 250 358 diviso.
311 321 360 357 Id
398 321 465 357 ubi
504 322 662 371 accepit
699 321 927 367 Marcellus,
967 335 1057 360 cum
1095 323 1235 371 paucis
1274 324 1525 360 tribunorum
1541 321 1594 363 15

104 392 272 428 militum
295 392 532 436 collocutus,
557 392 777 440 electisque
794 404 866 441 per
884 404 956 429 eos
974 394 1028 429 ad
1045 405 1129 430 rem
1147 399 1301 430 tantam
1318 395 1522 442 agendam

106 462 423 510 audendamque
447 462 609 499 idoneis
635 462 937 499 centurionibus
962 463 1244 512 militibusque,
1279 469 1319 499 et
1342 464 1459 500 scalis
1483 465 1523 500 in

104 533 264 569 occulto
290 532 548 581 comparatis,
578 532 720 569 ceteris
744 532 903 581 signum
927 533 1014 569 dari
1036 534 1160 578 iubet,
1190 539 1233 570 ut
1256 538 1411 569 mature
1436 545 1523 570 cor-

103 615 205 652 pora
223 607 409 640 curarent
425 602 630 650 quietique
648 603 811 639 darent:
836 607 959 639 nocte
970 603 1011 639 in
1025 603 1329 651 expeditionem
1344 605 1523 640 eundum

102 685 207 709 esse.
269 672 372 709 Inde
404 672 471 708 ubi
502 672 546 708 id
579 673 772 721 temporis
804 673 945 716 visum,
980 685 1061 721 quo
1087 675 1131 709 de
1156 674 1223 710 die
1248 675 1419 722 epulatis
1444 674 1523 711 iam
1541 672 1592 712 16

101 743 182 779 vini
224 743 346 780 satias
390 742 712 791 principiumque
755 744 887 781 somni
928 749 1048 787 esset,
1092 744 1195 792 signi
1229 744 1345 780 unius
1378 745 1522 781 milites

101 813 204 850 ferre
237 813 366 850 scalas
397 812 530 857 iussit;
564 819 604 849 et
636 814 691 850 ad
718 814 824 850 mille
853 814 936 850 fere
964 814 1105 850 armati
1130 815 1240 850 tenui
1266 815 1427 863 agmine
1452 827 1524 864 per

100 883 302 920 silentium
326 895 377 919 eo
402 883 582 920 deducti.
631 883 711 920 Ubi
737 884 823 921 sine
848 884 1014 933 strepitu
1040 896 1087 921 ac
1112 886 1280 920 tumultu
1298 885 1413 933 primi
1432 898 1523 921 eva·
1541 883 1590 923 17

101 958 238 991 serunt
254 954 296 990 in
312 965 481 998 murum,
507 954 632 990 secuti
651 955 795 990 ordine
814 955 891 999 alii,
921 967 1042 1003 quum
1061 955 1241 1003 priorum
1259 955 1431 991 audacia
1450 956 1520 992 du-

100 1025 175 1062 biis
193 1025 314 1061 etiam
333 1023 511 1061 animum
523 1024 686 1061 faceret.
730 1024 815 1060 Iam
828 1025 934 1061 mille
948 1030 1194 1061 armatorum
1208 1026 1523 1074 murz'ceperant
1588 1020 1653 1065 24

99 1100 270 1146 partem,
304 1107 427 1143 quum
459 1100 604 1131 ceterae
638 1094 815 1131 admotae
840 1099 935 1131 sunt
957 1096 1085 1142 copz'oe,
1119 1096 1380 1144 pluribusque
1405 1097 1522 1133 scalis

99 1166 140 1202 in
172 1177 327 1201 murum
359 1166 604 1210 evadebant,
639 1166 756 1214 signo
787 1167 837 1202 ab
864 1165 1078 1214 Hexapylo
1112 1166 1225 1210 dato,
1261 1178 1342 1214 quo
1367 1179 1439 1215 per
1463 1164 1563 1203 in-2

98 1241 262 1284 gentem
291 1235 551 1271 solitudinem
575 1241 660 1271 erat
682 1242 932 1285 perventum,
964 1236 1058 1284 quia
1082 1249 1233 1285 magna
1259 1249 1352 1285 pars
1376 1237 1415 1273 in
1443 1243 1521 1272 tur-

98 1306 206 1342 ribus
248 1305 399 1354 epulati
442 1311 511 1341 aut
553 1306 673 1354 sopiti
716 1306 810 1342 vino
855 1312 969 1342 erant
1010 1312 1079 1342 aut
1119 1307 1364 1355 semigraves
1405 1313 1521 1356 pota-

98 1376 216 1420 bant;
249 1387 405 1425 paucos
437 1380 575 1412 tamen
608 1388 749 1412 eorum
777 1389 997 1426 oppressos
1021 1378 1063 1413 in
1087 1378 1284 1414 cubilibus
1309 1377 1520 1414 interfece-

97 1452 202 1484 runt.
263 1446 396 1495 Prope
429 1445 672 1495 Hexapylon
711 1452 773 1483 est
811 1448 988 1495 portula;
1030 1461 1073 1484 ea
1106 1461 1256 1497 magna
1288 1448 1324 1483 vi
1356 1444 1562 1496 refringi3

99 1523 235 1566 coepta
265 1522 305 1553 et
337 1529 360 1553 e
391 1528 506 1553 muro
540 1529 588 1552 ex
621 1518 852 1566 composito
878 1519 974 1554 tuba
999 1520 1140 1555 datum
1165 1519 1324 1567 signum
1350 1524 1447 1562 erat,
1482 1525 1522 1554 et

98 1588 179 1624 iam
202 1588 382 1635 undique
408 1599 491 1623 non
516 1587 662 1631 furtim,
689 1589 763 1624 sed
786 1588 822 1623 vi
841 1595 981 1637 aperta
997 1591 1213 1638 gerebatur
1230 1601 1306 1625 res.
1358 1588 1520 1637 Quippe
1535 1585 1562 1625 4

99 1659 154 1695 ad
185 1658 395 1706 Epipolas,
443 1657 695 1706 frequentem
729 1658 924 1695 custodiis
957 1660 1104 1703 locum,
1149 1664 1388 1708 perventum
1421 1664 1519 1702 erat,

98 1729 357 1776 terrendique
396 1728 525 1776 magis
564 1729 702 1765 hostes
742 1735 856 1765 erant
889 1742 1010 1777 quam
1044 1729 1223 1774 fallendi,
1265 1729 1367 1766 sicut
1399 1728 1520 1765 territi

99 1805 204 1836 sunt.
267 1797 372 1835 Nam
405 1798 571 1835 simulac
603 1800 789 1835 tubarum
821 1805 882 1836 est
914 1800 1075 1836 auditus
1109 1805 1250 1836 cantus
1286 1797 1559 1847 clamorque5

99 1868 323 1906 tenentium
346 1881 483 1906 muros
507 1875 744 1918 partemque
769 1870 889 1914 urbis,
917 1870 1054 1906 omnia
1078 1869 1204 1905 teneri
1226 1870 1315 1905 rcztz'
1329 1870 1521 1906 custodes

99 1940 165 1976 alii
203 1952 275 1989 per
313 1952 467 1976 murum
507 1939 660 1988 fugere,
702 1940 767 1976 alii
806 1940 922 1977 salire
960 1940 1014 1976 de
1052 1952 1166 1976 muro
1199 1940 1521 1988 praecipitarique

99 2011 216 2046 turba
247 2010 494 2059 paventium.
557 2010 711 2059 Magna
735 2023 828 2060 pars
852 2016 989 2047 tamen
1012 2011 1154 2059 ignara
1177 2010 1277 2047 tanti
1300 2010 1394 2046 mali
1423 2015 1520 2054 erat,
1537 2008 1562 2047 6

101 2086 141 2117 et
164 2081 340 2130 gravatis
365 2081 553 2118 omnibus
577 2082 672 2118 vino
698 2094 927 2129 somnoque
953 2086 992 2117 et
1017 2081 1058 2117 in
1082 2086 1204 2117 vastae
1230 2080 1521 2129 magnitudinis

99 2152 197 2188 urbe
221 2152 393 2200 partium
417 2164 537 2188 sensu
561 2164 646 2188 non
671 2152 767 2189 satis
784 2152 1014 2200 pertinente
1031 2151 1072 2187 in
1091 2151 1241 2187 omnia.
1291 2151 1372 2187 Sub
1391 2151 1519 2187 lucem
1538 2148 1559 2188 7

100 2222 314 2272 Hexapylo
338 2221 518 2266 effracto,
547 2222 761 2259 Marcellus
787 2223 974 2259 omnibus
999 2222 1127 2270 copiis
1152 2222 1293 2257 urbem
1315 2222 1520 2269 ingressus

101 2293 286 2330 excitavit
318 2293 595 2340 convertitque
624 2305 767 2329 omnes
793 2293 846 2328 ad
871 2305 983 2329 arma
1008 2293 1211 2341 capienda
1237 2304 1454 2341 opemque,
1490 2292 1520 2329 si

101 2376 221 2412 quam
244 2370 426 2413 possent,
452 2364 532 2400 iam
558 2369 686 2412 captae
711 2375 839 2412 prope
866 2363 951 2398 urbi
971 2363 1196 2399 ferendam.
1246 2363 1451 2412 Epicydes
1469 2364 1520 2399 ab
1537 2360 1561 2400 8

100 2434 249 2478 Insula,
275 2447 396 2483 quam
413 2434 488 2483 ipsi
506 2433 649 2470 Nason
667 2440 827 2478 vocant,
848 2434 970 2470 citato
989 2433 1196 2482 profectus
1215 2434 1390 2482 agmine,
1411 2434 1521 2469 haud

102 2505 262 2550 dubius,
295 2506 391 2553 quin
415 2516 570 2554 paucos
594 2518 666 2554 per
688 2505 979 2553 negligentiam
1002 2504 1217 2541 custodum
1247 2509 1520 2551 transgressos

102 2587 257 2611 murum
300 2576 533 2625 expulsurus
577 2575 694 2619 foret,
744 2575 1046 2611 occurrentibus
1089 2574 1259 2622 pavidis,
1310 2570 1559 2610 tumultumt)

103 2657 252 2694 augere
291 2658 363 2682 eos
402 2646 593 2682 dictitans
627 2651 667 2681 et
698 2646 853 2682 maiora
886 2657 933 2681 ac
966 2644 1203 2681 terribiliora
1236 2655 1331 2679 vero
1365 2642 1519 2686 afferre,
