<?xml version="1.0" encoding="UTF-8"?>
<!DOCTYPE html PUBLIC "-//W3C//DTD XHTML 1.0 Transitional//EN"
    "http://www.w3.org/TR/xhtml1/DTD/xhtml1-transitional.dtd">
<html xmlns="http://www.w3.org/1999/xhtml" xml:lang="en" lang="en">
 <head>
  <title>
</title>
<meta http-equiv="Content-Type" content="text/html;charset=utf-8" />
  <meta name='ocr-system' content='tesseract 3.04.00' />
  <meta name='ocr-capabilities' content='ocr_page ocr_carea ocr_par ocr_line ocrx_word'/>
</head>
<body>
  <div class='ocr_page' id='page_1' title='image "./historiarumroman02livyuoft_0117.png"; bbox 0 0 1768 2943; ppageno 0'>
   <div class='ocr_carea' id='block_1_1' title="bbox 527 96 1515 140">
    <p class='ocr_par' dir='ltr' id='par_1_1' title="bbox 527 96 1515 140">
     <span class='ocr_line' id='line_1_1' title="bbox 527 96 1515 140; baseline 0.009 -14"><span class='ocrx_word' id='word_1_1' title='bbox 527 97 632 127; x_wconf 86' lang='lat' dir='ltr'>Liber</span> <span class='ocrx_word' id='word_1_2' title='bbox 659 96 769 127; x_wconf 75' lang='lat' dir='ltr'>Xxn.</span> <span class='ocrx_word' id='word_1_3' title='bbox 819 96 875 138; x_wconf 87' lang='lat' dir='ltr'>(A.</span> <span class='ocrx_word' id='word_1_4' title='bbox 904 97 966 128; x_wconf 84' lang='lat' dir='ltr'>Ch.</span> <span class='ocrx_word' id='word_1_5' title='bbox 994 96 1090 139; x_wconf 77' lang='lat'>217.)</span> <span class='ocrx_word' id='word_1_6' title='bbox 1464 99 1515 140; x_wconf 79' lang='grc'>77</span> 
     </span>
    </p>
   </div>
   <div class='ocr_carea' id='block_1_2' title="bbox 100 227 1641 2677">
    <p class='ocr_par' dir='ltr' id='par_1_2' title="bbox 102 227 1518 279">
     <span class='ocr_line' id='line_1_2' title="bbox 102 227 1518 279; baseline 0 -13"><span class='ocrx_word' id='word_1_7' title='bbox 102 229 224 279; x_wconf 88' lang='lat' dir='ltr'>sparti</span> <span class='ocrx_word' id='word_1_8' title='bbox 236 232 335 271; x_wconf 82' lang='lat' dir='ltr'>erat,</span> <span class='ocrx_word' id='word_1_9' title='bbox 350 228 404 264; x_wconf 87' lang='lat' dir='ltr'>ad</span> <span class='ocrx_word' id='word_1_10' title='bbox 420 239 503 264; x_wconf 91' lang='lat' dir='ltr'>rem</span> <span class='ocrx_word' id='word_1_11' title='bbox 518 227 722 264; x_wconf 85' lang='lat' dir='ltr'><strong>nauticam</strong></span> <span class='ocrx_word' id='word_1_12' title='bbox 735 232 933 275; x_wconf 87' lang='lat' dir='ltr'>congesta</span> <span class='ocrx_word' id='word_1_13' title='bbox 946 228 997 264; x_wconf 89' lang='lat' dir='ltr'>ab</span> <span class='ocrx_word' id='word_1_14' title='bbox 1012 227 1283 266; x_wconf 82' lang='lat' dir='ltr'>Hasdrubale.</span> <span class='ocrx_word' id='word_1_15' title='bbox 1319 229 1443 276; x_wconf 85' lang='lat' dir='ltr'>Quod</span> <span class='ocrx_word' id='word_1_16' title='bbox 1457 242 1518 267; x_wconf 88' lang='lat' dir='ltr'>sa-</span> 
     </span>
    </p>

    <p class='ocr_par' dir='ltr' id='par_1_3' title="bbox 100 297 1596 1394">
     <span class='ocr_line' id='line_1_3' title="bbox 101 297 1556 342; baseline 0.001 -6"><span class='ocrx_word' id='word_1_17' title='bbox 101 300 150 337; x_wconf 89' lang='lat' dir='ltr'>tis</span> <span class='ocrx_word' id='word_1_18' title='bbox 181 299 224 336; x_wconf 89' lang='lat' dir='ltr'>in</span> <span class='ocrx_word' id='word_1_19' title='bbox 255 310 371 335; x_wconf 90' lang='lat' dir='ltr'>usum</span> <span class='ocrx_word' id='word_1_20' title='bbox 404 297 489 342; x_wconf 90' lang='lat' dir='ltr'>fuit,</span> <span class='ocrx_word' id='word_1_21' title='bbox 524 298 696 342; x_wconf 88' lang='lat' dir='ltr'>sublato,</span> <span class='ocrx_word' id='word_1_22' title='bbox 731 302 909 334; x_wconf 88' lang='lat' dir='ltr'>ceterum</span> <span class='ocrx_word' id='word_1_23' title='bbox 932 309 1054 334; x_wconf 88' lang='lat' dir='ltr'>omne</span> <span class='ocrx_word' id='word_1_24' title='bbox 1077 298 1288 335; x_wconf 89' lang='lat' dir='ltr'>incensum</span> <span class='ocrx_word' id='word_1_25' title='bbox 1311 305 1384 336; x_wconf 87' lang='lat' dir='ltr'>est.</span> <span class='ocrx_word' id='word_1_26' title='bbox 1433 298 1556 338; x_wconf 66' lang='lat' dir='ltr'>Nee?</span> 
     </span>
     <span class='ocr_line' id='line_1_4' title="bbox 102 368 1520 417; baseline 0 -10"><span class='ocrx_word' id='word_1_27' title='bbox 102 368 348 407; x_wconf 88' lang='lat' dir='ltr'>continentis</span> <span class='ocrx_word' id='word_1_28' title='bbox 381 369 508 405; x_wconf 90' lang='lat' dir='ltr'>modo</span> <span class='ocrx_word' id='word_1_29' title='bbox 541 368 730 417; x_wconf 88' lang='lat' dir='ltr'>praelecta</span> <span class='ocrx_word' id='word_1_30' title='bbox 763 373 824 404; x_wconf 86' lang='lat' dir='ltr'>est</span> <span class='ocrx_word' id='word_1_31' title='bbox 855 379 940 412; x_wconf 89' lang='lat' dir='ltr'>ora,</span> <span class='ocrx_word' id='word_1_32' title='bbox 975 369 1049 405; x_wconf 91' lang='lat' dir='ltr'>sed</span> <span class='ocrx_word' id='word_1_33' title='bbox 1071 369 1112 405; x_wconf 88' lang='lat' dir='ltr'>in</span> <span class='ocrx_word' id='word_1_34' title='bbox 1134 369 1315 405; x_wconf 87' lang='lat' dir='ltr'>Ebusum</span> <span class='ocrx_word' id='word_1_35' title='bbox 1348 370 1520 407; x_wconf 83' lang='lat' dir='ltr'>insulam</span> 
     </span>
     <span class='ocr_line' id='line_1_5' title="bbox 100 437 1521 488; baseline 0 -11"><span class='ocrx_word' id='word_1_36' title='bbox 100 439 391 477; x_wconf 88' lang='lat' dir='ltr'>transmissum.</span> <span class='ocrx_word' id='word_1_37' title='bbox 439 438 498 474; x_wconf 88' lang='lat' dir='ltr'>Ibi</span> <span class='ocrx_word' id='word_1_38' title='bbox 526 439 637 483; x_wconf 91' lang='lat' dir='ltr'>urbe,</span> <span class='ocrx_word' id='word_1_39' title='bbox 663 450 752 486; x_wconf 90' lang='lat' dir='ltr'>quae</span> <span class='ocrx_word' id='word_1_40' title='bbox 771 443 892 487; x_wconf 90' lang='lat' dir='ltr'>caput</span> <span class='ocrx_word' id='word_1_41' title='bbox 908 437 1047 475; x_wconf 85' lang='lat' dir='ltr'>insulae</span> <span class='ocrx_word' id='word_1_42' title='bbox 1066 444 1138 483; x_wconf 87' lang='lat' dir='ltr'>est,</span> <span class='ocrx_word' id='word_1_43' title='bbox 1165 439 1333 476; x_wconf 87' lang='lat' dir='ltr'>biduum</span> <span class='ocrx_word' id='word_1_44' title='bbox 1356 440 1521 488; x_wconf 88' lang='lat' dir='ltr'>nequic-</span> 
     </span>
     <span class='ocr_line' id='line_1_6' title="bbox 101 508 1561 559; baseline 0.001 -12"><span class='ocrx_word' id='word_1_45' title='bbox 101 523 222 559; x_wconf 88' lang='lat' dir='ltr'>quam</span> <span class='ocrx_word' id='word_1_46' title='bbox 245 521 402 547; x_wconf 84' lang='lat' dir='ltr'>summo</span> <span class='ocrx_word' id='word_1_47' title='bbox 427 509 567 545; x_wconf 87' lang='lat' dir='ltr'>labore</span> <span class='ocrx_word' id='word_1_48' title='bbox 592 513 843 558; x_wconf 82' lang='lat' dir='ltr'>oppugnata,</span> <span class='ocrx_word' id='word_1_49' title='bbox 877 508 944 545; x_wconf 91' lang='lat' dir='ltr'>ubi</span> <span class='ocrx_word' id='word_1_50' title='bbox 976 510 1016 545; x_wconf 91' lang='lat' dir='ltr'>in</span> <span class='ocrx_word' id='word_1_51' title='bbox 1050 522 1164 559; x_wconf 89' lang='lat' dir='ltr'>spem</span> <span class='ocrx_word' id='word_1_52' title='bbox 1195 510 1345 546; x_wconf 90' lang='lat' dir='ltr'>irritam</span> <span class='ocrx_word' id='word_1_53' title='bbox 1379 511 1561 550; x_wconf 60' lang='lat' dir='ltr'>frustra&amp;</span> 
     </span>
     <span class='ocr_line' id='line_1_7' title="bbox 101 580 1561 630; baseline 0.001 -12"><span class='ocrx_word' id='word_1_54' title='bbox 101 581 174 618; x_wconf 88' lang='lat' dir='ltr'>teri</span> <span class='ocrx_word' id='word_1_55' title='bbox 205 586 364 629; x_wconf 89' lang='lat' dir='ltr'>tempus</span> <span class='ocrx_word' id='word_1_56' title='bbox 397 580 724 617; x_wconf 87' lang='lat' dir='ltr'>animadversum</span> <span class='ocrx_word' id='word_1_57' title='bbox 757 585 830 625; x_wconf 90' lang='lat' dir='ltr'>est,</span> <span class='ocrx_word' id='word_1_58' title='bbox 865 581 919 616; x_wconf 92' lang='lat' dir='ltr'>ad</span> <span class='ocrx_word' id='word_1_59' title='bbox 951 580 1260 629; x_wconf 81' lang='lat' dir='ltr'>populationem</span> <span class='ocrx_word' id='word_1_60' title='bbox 1293 582 1377 630; x_wconf 87' lang='lat' dir='ltr'>agri</span> <span class='ocrx_word' id='word_1_61' title='bbox 1405 580 1561 627; x_wconf 82' lang='lat' dir='ltr'>versi‚9</span> 
     </span>
     <span class='ocr_line' id='line_1_8' title="bbox 101 651 1522 701; baseline 0.001 -14"><span class='ocrx_word' id='word_1_62' title='bbox 101 651 269 701; x_wconf 86' lang='lat' dir='ltr'>direptis</span> <span class='ocrx_word' id='word_1_63' title='bbox 292 651 447 699; x_wconf 87' lang='lat' dir='ltr'>aliquot</span> <span class='ocrx_word' id='word_1_64' title='bbox 472 652 731 699; x_wconf 81' lang='lat' dir='ltr'>incensisque</span> <span class='ocrx_word' id='word_1_65' title='bbox 755 651 863 695; x_wconf 91' lang='lat' dir='ltr'>vicis,</span> <span class='ocrx_word' id='word_1_66' title='bbox 897 651 1050 687; x_wconf 88' lang='lat' dir='ltr'>maiore</span> <span class='ocrx_word' id='word_1_67' title='bbox 1076 663 1197 699; x_wconf 91' lang='lat' dir='ltr'>quam</span> <span class='ocrx_word' id='word_1_68' title='bbox 1221 664 1270 687; x_wconf 86' lang='lat' dir='ltr'>ex</span> <span class='ocrx_word' id='word_1_69' title='bbox 1296 653 1522 689; x_wconf 88' lang='lat' dir='ltr'>continenti</span> 
     </span>
     <span class='ocr_line' id='line_1_9' title="bbox 102 722 1521 771; baseline 0.001 -13"><span class='ocrx_word' id='word_1_70' title='bbox 102 722 240 771; x_wconf 88' lang='lat' dir='ltr'>praeda</span> <span class='ocrx_word' id='word_1_71' title='bbox 271 726 388 771; x_wconf 88' lang='lat' dir='ltr'>parta</span> <span class='ocrx_word' id='word_1_72' title='bbox 419 733 542 769; x_wconf 90' lang='lat' dir='ltr'>quum</span> <span class='ocrx_word' id='word_1_73' title='bbox 582 722 622 758; x_wconf 92' lang='lat' dir='ltr'>in</span> <span class='ocrx_word' id='word_1_74' title='bbox 655 733 778 758; x_wconf 88' lang='lat' dir='ltr'>naves</span> <span class='ocrx_word' id='word_1_75' title='bbox 822 734 865 758; x_wconf 90' lang='lat' dir='ltr'>se</span> <span class='ocrx_word' id='word_1_76' title='bbox 904 722 1167 770; x_wconf 79' lang='lat' dir='ltr'>recepissent,</span> <span class='ocrx_word' id='word_1_77' title='bbox 1212 736 1259 759; x_wconf 86' lang='lat' dir='ltr'>ex</span> <span class='ocrx_word' id='word_1_78' title='bbox 1298 723 1521 761; x_wconf 85' lang='lat' dir='ltr'>Baliaribus</span> 
     </span>
     <span class='ocr_line' id='line_1_10' title="bbox 101 791 1594 841; baseline 0.003 -13"><span class='ocrx_word' id='word_1_79' title='bbox 101 792 239 830; x_wconf 87' lang='lat' dir='ltr'>insulis</span> <span class='ocrx_word' id='word_1_80' title='bbox 270 791 392 841; x_wconf 88' lang='lat' dir='ltr'>legati</span> <span class='ocrx_word' id='word_1_81' title='bbox 424 803 570 840; x_wconf 86' lang='lat' dir='ltr'>pacem</span> <span class='ocrx_word' id='word_1_82' title='bbox 602 796 788 840; x_wconf 87' lang='lat' dir='ltr'>petentes</span> <span class='ocrx_word' id='word_1_83' title='bbox 821 793 875 828; x_wconf 87' lang='lat' dir='ltr'>ad</span> <span class='ocrx_word' id='word_1_84' title='bbox 904 792 1137 840; x_wconf 88' lang='lat' dir='ltr'>Scipionem</span> <span class='ocrx_word' id='word_1_85' title='bbox 1164 800 1373 831; x_wconf 91' lang='lat' dir='ltr'>venerunt.</span> <span class='ocrx_word' id='word_1_86' title='bbox 1421 795 1523 832; x_wconf 89' lang='lat' dir='ltr'>Inde</span> <span class='ocrx_word' id='word_1_87' title='bbox 1542 792 1594 832; x_wconf 85' lang='lat'>10</span> 
     </span>
     <span class='ocr_line' id='line_1_11' title="bbox 102 862 1522 914; baseline 0.003 -16"><span class='ocrx_word' id='word_1_88' title='bbox 102 863 206 899; x_wconf 89' lang='lat' dir='ltr'>flexa</span> <span class='ocrx_word' id='word_1_89' title='bbox 244 867 351 898; x_wconf 87' lang='lat' dir='ltr'>retro</span> <span class='ocrx_word' id='word_1_90' title='bbox 392 862 531 899; x_wconf 87' lang='lat' dir='ltr'>classis</span> <span class='ocrx_word' id='word_1_91' title='bbox 575 863 829 910; x_wconf 88' lang='lat' dir='ltr'>reditumque</span> <span class='ocrx_word' id='word_1_92' title='bbox 872 862 912 898; x_wconf 93' lang='lat' dir='ltr'>in</span> <span class='ocrx_word' id='word_1_93' title='bbox 952 862 1138 899; x_wconf 89' lang='lat' dir='ltr'>citeriora</span> <span class='ocrx_word' id='word_1_94' title='bbox 1171 863 1400 912; x_wconf 77' lang='lat' dir='ltr'>provinciae,</span> <span class='ocrx_word' id='word_1_95' title='bbox 1441 879 1522 914; x_wconf 91' lang='lat' dir='ltr'>quo</span> 
     </span>
     <span class='ocr_line' id='line_1_12' title="bbox 103 932 1524 981; baseline 0.002 -11"><span class='ocrx_word' id='word_1_96' title='bbox 103 932 283 970; x_wconf 89' lang='lat' dir='ltr'>omnium</span> <span class='ocrx_word' id='word_1_97' title='bbox 315 933 572 981; x_wconf 89' lang='lat' dir='ltr'>populorum,</span> <span class='ocrx_word' id='word_1_98' title='bbox 608 933 674 981; x_wconf 89' lang='lat' dir='ltr'>qui</span> <span class='ocrx_word' id='word_1_99' title='bbox 703 934 757 969; x_wconf 80' lang='lat' dir='ltr'>cz‘s</span> <span class='ocrx_word' id='word_1_100' title='bbox 779 933 974 970; x_wconf 90' lang='lat' dir='ltr'>Hiberum</span> <span class='ocrx_word' id='word_1_101' title='bbox 1007 934 1202 978; x_wconf 86' lang='lat' dir='ltr'>incolunt,</span> <span class='ocrx_word' id='word_1_102' title='bbox 1236 936 1451 973; x_wconf 88' lang='lat' dir='ltr'>multorum</span> <span class='ocrx_word' id='word_1_103' title='bbox 1485 943 1524 973; x_wconf 84' lang='lat' dir='ltr'>et</span> 
     </span>
     <span class='ocr_line' id='line_1_13' title="bbox 101 1002 1590 1052; baseline 0.001 -12"><span class='ocrx_word' id='word_1_104' title='bbox 101 1003 249 1040; x_wconf 83' lang='lat' dir='ltr'>ultimae</span> <span class='ocrx_word' id='word_1_105' title='bbox 281 1002 489 1052; x_wconf 89' lang='lat' dir='ltr'>Hispaniae</span> <span class='ocrx_word' id='word_1_106' title='bbox 522 1004 643 1052; x_wconf 90' lang='lat' dir='ltr'>legati</span> <span class='ocrx_word' id='word_1_107' title='bbox 676 1010 987 1048; x_wconf 84' lang='lat' dir='ltr'>concurrerunt;</span> <span class='ocrx_word' id='word_1_108' title='bbox 1023 1005 1097 1040; x_wconf 91' lang='lat' dir='ltr'>sed</span> <span class='ocrx_word' id='word_1_109' title='bbox 1129 1004 1197 1052; x_wconf 93' lang='lat' dir='ltr'>qui</span> <span class='ocrx_word' id='word_1_110' title='bbox 1230 1018 1321 1042; x_wconf 89' lang='lat' dir='ltr'>vere</span> <span class='ocrx_word' id='word_1_111' title='bbox 1350 1007 1524 1045; x_wconf 88' lang='lat' dir='ltr'>dicionis</span> <span class='ocrx_word' id='word_1_112' title='bbox 1542 1003 1590 1042; x_wconf 89' lang='grc'>11</span> 
     </span>
     <span class='ocr_line' id='line_1_14' title="bbox 102 1074 1524 1126; baseline 0.003 -16"><span class='ocrx_word' id='word_1_113' title='bbox 102 1074 338 1123; x_wconf 90' lang='lat' dir='ltr'>imperiique</span> <span class='ocrx_word' id='word_1_114' title='bbox 356 1074 532 1110; x_wconf 87' lang='lat' dir='ltr'>Romani</span> <span class='ocrx_word' id='word_1_115' title='bbox 565 1074 660 1111; x_wconf 90' lang='lat' dir='ltr'>facti</span> <span class='ocrx_word' id='word_1_116' title='bbox 693 1074 772 1111; x_wconf 88' lang='lat' dir='ltr'>sint</span> <span class='ocrx_word' id='word_1_117' title='bbox 804 1075 1015 1111; x_wconf 87' lang='lat' dir='ltr'>obsidibus</span> <span class='ocrx_word' id='word_1_118' title='bbox 1041 1075 1160 1119; x_wconf 89' lang='lat' dir='ltr'>datis,</span> <span class='ocrx_word' id='word_1_119' title='bbox 1190 1077 1329 1124; x_wconf 92' lang='lat' dir='ltr'>populi</span> <span class='ocrx_word' id='word_1_120' title='bbox 1354 1078 1524 1126; x_wconf 90' lang='lat' dir='ltr'>amplius</span> 
     </span>
     <span class='ocr_line' id='line_1_15' title="bbox 104 1144 1596 1197; baseline 0.002 -16"><span class='ocrx_word' id='word_1_121' title='bbox 104 1144 215 1181; x_wconf 89' lang='lat' dir='ltr'>fuere</span> <span class='ocrx_word' id='word_1_122' title='bbox 262 1149 423 1181; x_wconf 85' lang='lat' dir='ltr'>centum</span> <span class='ocrx_word' id='word_1_123' title='bbox 471 1144 623 1194; x_wconf 87' lang='lat' dir='ltr'>viginti.</span> <span class='ocrx_word' id='word_1_124' title='bbox 706 1145 830 1193; x_wconf 87' lang='lat' dir='ltr'>Igitur</span> <span class='ocrx_word' id='word_1_125' title='bbox 884 1145 1136 1182; x_wconf 87' lang='lat' dir='ltr'>terrestribus</span> <span class='ocrx_word' id='word_1_126' title='bbox 1184 1158 1348 1194; x_wconf 88' lang='lat' dir='ltr'>quoque</span> <span class='ocrx_word' id='word_1_127' title='bbox 1397 1148 1524 1197; x_wconf 88' lang='lat' dir='ltr'>copiis</span> <span class='ocrx_word' id='word_1_128' title='bbox 1544 1144 1596 1184; x_wconf 73' lang='grc'>12</span> 
     </span>
     <span class='ocr_line' id='line_1_16' title="bbox 104 1215 1525 1266; baseline 0.001 -13"><span class='ocrx_word' id='word_1_129' title='bbox 104 1215 200 1253; x_wconf 88' lang='lat' dir='ltr'>satis</span> <span class='ocrx_word' id='word_1_130' title='bbox 218 1216 349 1252; x_wconf 88' lang='lat' dir='ltr'>fidens</span> <span class='ocrx_word' id='word_1_131' title='bbox 366 1215 577 1251; x_wconf 89' lang='lat' dir='ltr'>Romanus</span> <span class='ocrx_word' id='word_1_132' title='bbox 595 1227 723 1263; x_wconf 91' lang='lat' dir='ltr'>usque</span> <span class='ocrx_word' id='word_1_133' title='bbox 741 1217 796 1252; x_wconf 88' lang='lat' dir='ltr'>ad</span> <span class='ocrx_word' id='word_1_134' title='bbox 819 1217 963 1253; x_wconf 91' lang='lat' dir='ltr'>saltum</span> <span class='ocrx_word' id='word_1_135' title='bbox 982 1215 1323 1254; x_wconf 86' lang='lat' dir='ltr'>Castulonensem</span> <span class='ocrx_word' id='word_1_136' title='bbox 1349 1222 1411 1254; x_wconf 88' lang='lat' dir='ltr'>est</span> <span class='ocrx_word' id='word_1_137' title='bbox 1433 1231 1525 1266; x_wconf 90' lang='lat' dir='ltr'>pro-</span> 
     </span>
     <span class='ocr_line' id='line_1_17' title="bbox 103 1285 1526 1336; baseline -0.001 -13"><span class='ocrx_word' id='word_1_138' title='bbox 103 1299 264 1335; x_wconf 87' lang='lat' dir='ltr'>gressus</span> <span class='ocrx_word' id='word_1_139' title='bbox 275 1298 284 1330; x_wconf 89' lang='grc'><strong>;</strong></span> <span class='ocrx_word' id='word_1_140' title='bbox 337 1285 569 1323; x_wconf 85' lang='lat' dir='ltr'>Hasdrubal</span> <span class='ocrx_word' id='word_1_141' title='bbox 616 1287 657 1323; x_wconf 89' lang='lat' dir='ltr'>in</span> <span class='ocrx_word' id='word_1_142' title='bbox 704 1286 955 1323; x_wconf 86' lang='lat' dir='ltr'>Lusitaniam</span> <span class='ocrx_word' id='word_1_143' title='bbox 1003 1299 1050 1323; x_wconf 91' lang='lat' dir='ltr'>ac</span> <span class='ocrx_word' id='word_1_144' title='bbox 1099 1287 1264 1336; x_wconf 90' lang='lat' dir='ltr'>propius</span> <span class='ocrx_word' id='word_1_145' title='bbox 1313 1285 1526 1323; x_wconf 87' lang='lat' dir='ltr'>Oceanum</span> 
     </span>
     <span class='ocr_line' id='line_1_18' title="bbox 105 1351 320 1394; baseline 0 0"><span class='ocrx_word' id='word_1_146' title='bbox 105 1351 320 1394; x_wconf 78' lang='lat' dir='ltr'>concess&#39;it.</span> 
     </span>
    </p>

    <p class='ocr_par' dir='ltr' id='par_1_4' title="bbox 103 1423 1641 2677">
     <span class='ocr_line' id='line_1_19' title="bbox 220 1423 1641 1476; baseline 0.002 -12"><span class='ocrx_word' id='word_1_147' title='bbox 220 1428 412 1475; x_wconf 87' lang='lat' dir='ltr'>Quietum</span> <span class='ocrx_word' id='word_1_148' title='bbox 443 1427 541 1464; x_wconf 90' lang='lat' dir='ltr'>inde</span> <span class='ocrx_word' id='word_1_149' title='bbox 574 1428 661 1465; x_wconf 86' lang='lat' dir='ltr'>fore</span> <span class='ocrx_word' id='word_1_150' title='bbox 693 1428 905 1464; x_wconf 86' lang='lat' dir='ltr'>videbatur</span> <span class='ocrx_word' id='word_1_151' title='bbox 936 1429 1134 1476; x_wconf 86' lang='lat' dir='ltr'>reliquum</span> <span class='ocrx_word' id='word_1_152' title='bbox 1167 1429 1315 1465; x_wconf 81' lang='lat' dir='ltr'>aestatis</span> <span class='ocrx_word' id='word_1_153' title='bbox 1349 1433 1521 1476; x_wconf 90' lang='lat' dir='ltr'>tempus,</span> <span class='ocrx_word' id='word_1_154' title='bbox 1598 1423 1641 1467; x_wconf 71' lang='lat'>2!</span> 
     </span>
     <span class='ocr_line' id='line_1_20' title="bbox 103 1498 1566 1548; baseline 0.001 -13"><span class='ocrx_word' id='word_1_155' title='bbox 103 1499 323 1547; x_wconf 83' lang='lat' dir='ltr'>fuissetque</span> <span class='ocrx_word' id='word_1_156' title='bbox 340 1511 412 1548; x_wconf 91' lang='lat' dir='ltr'>per</span> <span class='ocrx_word' id='word_1_157' title='bbox 429 1499 600 1536; x_wconf 84' lang='lat' dir='ltr'>Poenum</span> <span class='ocrx_word' id='word_1_158' title='bbox 618 1499 778 1536; x_wconf 87' lang='lat' dir='ltr'>hostem</span> <span class='ocrx_word' id='word_1_159' title='bbox 793 1510 801 1542; x_wconf 89' lang='lat'>;</span> <span class='ocrx_word' id='word_1_160' title='bbox 836 1500 911 1535; x_wconf 88' lang='lat' dir='ltr'>sed</span> <span class='ocrx_word' id='word_1_161' title='bbox 929 1504 1196 1547; x_wconf 76' lang='lat' dir='ltr'>praeterquam</span> <span class='ocrx_word' id='word_1_162' title='bbox 1215 1500 1328 1547; x_wconf 91' lang='lat' dir='ltr'>quod</span> <span class='ocrx_word' id='word_1_163' title='bbox 1345 1499 1524 1547; x_wconf 92' lang='lat' dir='ltr'>ipsorum</span> <span class='ocrx_word' id='word_1_164' title='bbox 1541 1498 1566 1536; x_wconf 73' lang='lat'><em>2</em></span> 
     </span>
     <span class='ocr_line' id='line_1_21' title="bbox 103 1569 1526 1619; baseline -0.001 -13"><span class='ocrx_word' id='word_1_165' title='bbox 103 1570 378 1619; x_wconf 87' lang='lat' dir='ltr'>Hispanorum</span> <span class='ocrx_word' id='word_1_166' title='bbox 417 1570 599 1617; x_wconf 89' lang='lat' dir='ltr'>inquieta</span> <span class='ocrx_word' id='word_1_167' title='bbox 637 1569 839 1617; x_wconf 89' lang='lat' dir='ltr'>avidaque</span> <span class='ocrx_word' id='word_1_168' title='bbox 878 1570 920 1606; x_wconf 91' lang='lat' dir='ltr'>in</span> <span class='ocrx_word' id='word_1_169' title='bbox 958 1582 1086 1606; x_wconf 90' lang='lat' dir='ltr'>novas</span> <span class='ocrx_word' id='word_1_170' title='bbox 1126 1582 1190 1606; x_wconf 91' lang='lat' dir='ltr'>res</span> <span class='ocrx_word' id='word_1_171' title='bbox 1224 1574 1317 1606; x_wconf 89' lang='lat' dir='ltr'>sunt</span> <span class='ocrx_word' id='word_1_172' title='bbox 1347 1569 1526 1618; x_wconf 82' lang='lat' dir='ltr'>ingenia,</span> 
     </span>
     <span class='ocr_line' id='line_1_22' title="bbox 103 1639 1526 1689; baseline -0.001 -12"><span class='ocrx_word' id='word_1_173' title='bbox 103 1640 353 1677; x_wconf 87' lang='lat' dir='ltr'>Mandonius</span> <span class='ocrx_word' id='word_1_174' title='bbox 380 1639 657 1687; x_wconf 82' lang='lat' dir='ltr'>Indibilisque,</span> <span class='ocrx_word' id='word_1_175' title='bbox 691 1640 758 1687; x_wconf 91' lang='lat' dir='ltr'>qui</span> <span class='ocrx_word' id='word_1_176' title='bbox 791 1645 912 1676; x_wconf 87' lang='lat' dir='ltr'>antea</span> <span class='ocrx_word' id='word_1_177' title='bbox 944 1639 1160 1688; x_wconf 85' lang='lat' dir='ltr'>Ilergetum</span> <span class='ocrx_word' id='word_1_178' title='bbox 1191 1640 1351 1689; x_wconf 88' lang='lat' dir='ltr'>regulus</span> <span class='ocrx_word' id='word_1_179' title='bbox 1384 1639 1526 1683; x_wconf 89' lang='lat' dir='ltr'>fuerat,</span> 
     </span>
     <span class='ocr_line' id='line_1_23' title="bbox 103 1708 1569 1760; baseline 0 -12"><span class='ocrx_word' id='word_1_180' title='bbox 103 1717 322 1760; x_wconf 89' lang='lat' dir='ltr'>postquam</span> <span class='ocrx_word' id='word_1_181' title='bbox 353 1710 530 1746; x_wconf 88' lang='lat' dir='ltr'>Romani</span> <span class='ocrx_word' id='word_1_182' title='bbox 569 1711 620 1746; x_wconf 89' lang='lat' dir='ltr'>ab</span> <span class='ocrx_word' id='word_1_183' title='bbox 661 1711 763 1746; x_wconf 86' lang='lat' dir='ltr'>saltu</span> <span class='ocrx_word' id='word_1_184' title='bbox 800 1722 1006 1747; x_wconf 88' lang='lat' dir='ltr'>recessere</span> <span class='ocrx_word' id='word_1_185' title='bbox 1039 1713 1093 1746; x_wconf 88' lang='lat' dir='ltr'>ad</span> <span class='ocrx_word' id='word_1_186' title='bbox 1126 1710 1368 1747; x_wconf 87' lang='lat' dir='ltr'>maritimam</span> <span class='ocrx_word' id='word_1_187' title='bbox 1400 1708 1569 1755; x_wconf 83' lang='lat' dir='ltr'>oram,3</span> 
     </span>
     <span class='ocr_line' id='line_1_24' title="bbox 105 1780 1528 1830; baseline -0.001 -12"><span class='ocrx_word' id='word_1_188' title='bbox 105 1781 274 1818; x_wconf 90' lang='lat' dir='ltr'>concitis</span> <span class='ocrx_word' id='word_1_189' title='bbox 299 1781 561 1830; x_wconf 88' lang='lat' dir='ltr'>popularibus</span> <span class='ocrx_word' id='word_1_190' title='bbox 585 1780 626 1816; x_wconf 90' lang='lat' dir='ltr'>in</span> <span class='ocrx_word' id='word_1_191' title='bbox 651 1792 791 1828; x_wconf 88' lang='lat' dir='ltr'>agrum</span> <span class='ocrx_word' id='word_1_192' title='bbox 817 1786 1006 1829; x_wconf 79' lang='lat' dir='ltr'>pacatum</span> <span class='ocrx_word' id='word_1_193' title='bbox 1026 1782 1231 1818; x_wconf 85' lang='lat' dir='ltr'>sociorum</span> <span class='ocrx_word' id='word_1_194' title='bbox 1248 1782 1528 1818; x_wconf 88' lang='lat' dir='ltr'>Romanorum</span> 
     </span>
     <span class='ocr_line' id='line_1_25' title="bbox 106 1850 1570 1901; baseline -0.001 -12"><span class='ocrx_word' id='word_1_195' title='bbox 106 1853 160 1889; x_wconf 87' lang='lat' dir='ltr'>ad</span> <span class='ocrx_word' id='word_1_196' title='bbox 202 1851 483 1901; x_wconf 89' lang='lat' dir='ltr'>populandum</span> <span class='ocrx_word' id='word_1_197' title='bbox 525 1856 733 1887; x_wconf 89' lang='lat' dir='ltr'>venerunt.</span> <span class='ocrx_word' id='word_1_198' title='bbox 807 1852 1011 1888; x_wconf 88' lang='lat' dir='ltr'>Adversus</span> <span class='ocrx_word' id='word_1_199' title='bbox 1055 1864 1127 1888; x_wconf 88' lang='lat' dir='ltr'>eos</span> <span class='ocrx_word' id='word_1_200' title='bbox 1170 1851 1317 1888; x_wconf 89' lang='lat' dir='ltr'>tribuni</span> <span class='ocrx_word' id='word_1_201' title='bbox 1361 1850 1570 1889; x_wconf 68' lang='lat' dir='ltr'>militum-1</span> 
     </span>
     <span class='ocr_line' id='line_1_26' title="bbox 106 1920 1530 1971; baseline 0 -12"><span class='ocrx_word' id='word_1_202' title='bbox 106 1935 197 1960; x_wconf 91' lang='lat' dir='ltr'>cum</span> <span class='ocrx_word' id='word_1_203' title='bbox 229 1921 429 1971; x_wconf 85' lang='lat' dir='ltr'>expeditis</span> <span class='ocrx_word' id='word_1_204' title='bbox 467 1921 622 1958; x_wconf 85' lang='lat' dir='ltr'>auxiliis</span> <span class='ocrx_word' id='word_1_205' title='bbox 655 1934 679 1957; x_wconf 93' lang='lat' dir='ltr'>a</span> <span class='ocrx_word' id='word_1_206' title='bbox 711 1921 902 1970; x_wconf 90' lang='lat' dir='ltr'>Scipione</span> <span class='ocrx_word' id='word_1_207' title='bbox 944 1920 1054 1958; x_wconf 88' lang='lat' dir='ltr'>missi</span> <span class='ocrx_word' id='word_1_208' title='bbox 1097 1922 1171 1957; x_wconf 89' lang='lat' dir='ltr'>levi</span> <span class='ocrx_word' id='word_1_209' title='bbox 1211 1922 1444 1966; x_wconf 88' lang='lat' dir='ltr'>certamine,</span> <span class='ocrx_word' id='word_1_210' title='bbox 1488 1928 1530 1958; x_wconf 86' lang='lat' dir='ltr'>ut</span> 
     </span>
     <span class='ocr_line' id='line_1_27' title="bbox 107 1992 1530 2041; baseline 0.001 -12"><span class='ocrx_word' id='word_1_211' title='bbox 107 1993 403 2030; x_wconf 85' lang='lat' dir='ltr'>tumultuariam</span> <span class='ocrx_word' id='word_1_212' title='bbox 424 2004 603 2037; x_wconf 89' lang='lat' dir='ltr'>manum,</span> <span class='ocrx_word' id='word_1_213' title='bbox 628 1992 783 2036; x_wconf 89' lang='lat' dir='ltr'>fudere,</span> <span class='ocrx_word' id='word_1_214' title='bbox 808 1993 913 2029; x_wconf 91' lang='lat' dir='ltr'>mille</span> <span class='ocrx_word' id='word_1_215' title='bbox 936 1992 1169 2029; x_wconf 89' lang='lat' dir='ltr'>hominibus</span> <span class='ocrx_word' id='word_1_216' title='bbox 1189 1993 1347 2038; x_wconf 89' lang='lat' dir='ltr'>occisis,</span> <span class='ocrx_word' id='word_1_217' title='bbox 1367 1994 1530 2041; x_wconf 88' lang='lat' dir='ltr'>quibus-</span> 
     </span>
     <span class='ocr_line' id='line_1_28' title="bbox 107 2061 1571 2112; baseline 0.001 -12"><span class='ocrx_word' id='word_1_218' title='bbox 107 2064 204 2100; x_wconf 90' lang='lat' dir='ltr'>dam</span> <span class='ocrx_word' id='word_1_219' title='bbox 221 2063 349 2112; x_wconf 91' lang='lat' dir='ltr'>captis</span> <span class='ocrx_word' id='word_1_220' title='bbox 366 2075 598 2111; x_wconf 88' lang='lat' dir='ltr'>magnaque</span> <span class='ocrx_word' id='word_1_221' title='bbox 623 2069 737 2112; x_wconf 87' lang='lat' dir='ltr'>parte</span> <span class='ocrx_word' id='word_1_222' title='bbox 755 2064 875 2100; x_wconf 87' lang='lat' dir='ltr'>armis</span> <span class='ocrx_word' id='word_1_223' title='bbox 893 2068 1025 2100; x_wconf 87' lang='lat' dir='ltr'>exuta.</span> <span class='ocrx_word' id='word_1_224' title='bbox 1074 2062 1151 2100; x_wconf 88' lang='lat' dir='ltr'>Hic</span> <span class='ocrx_word' id='word_1_225' title='bbox 1176 2068 1315 2100; x_wconf 89' lang='lat' dir='ltr'>tamen</span> <span class='ocrx_word' id='word_1_226' title='bbox 1339 2064 1529 2100; x_wconf 91' lang='lat' dir='ltr'>tumultus</span> <span class='ocrx_word' id='word_1_227' title='bbox 1545 2061 1571 2101; x_wconf 77' lang='lat'>5</span> 
     </span>
     <span class='ocr_line' id='line_1_29' title="bbox 109 2133 1530 2171; baseline 0 0"><span class='ocrx_word' id='word_1_228' title='bbox 109 2135 326 2171; x_wconf 90' lang='lat' dir='ltr'>cedentem</span> <span class='ocrx_word' id='word_1_229' title='bbox 357 2134 412 2170; x_wconf 91' lang='lat' dir='ltr'>ad</span> <span class='ocrx_word' id='word_1_230' title='bbox 445 2133 658 2170; x_wconf 88' lang='lat' dir='ltr'>Oceanum</span> <span class='ocrx_word' id='word_1_231' title='bbox 680 2133 981 2170; x_wconf 88' lang='lat' dir='ltr'>Hasdrubalem</span> <span class='ocrx_word' id='word_1_232' title='bbox 1014 2134 1070 2170; x_wconf 90' lang='lat' dir='ltr'>cis</span> <span class='ocrx_word' id='word_1_233' title='bbox 1098 2133 1294 2170; x_wconf 91' lang='lat' dir='ltr'>Hiberum</span> <span class='ocrx_word' id='word_1_234' title='bbox 1317 2135 1371 2170; x_wconf 93' lang='lat' dir='ltr'>ad</span> <span class='ocrx_word' id='word_1_235' title='bbox 1395 2135 1530 2171; x_wconf 90' lang='lat' dir='ltr'>socios</span> 
     </span>
     <span class='ocr_line' id='line_1_30' title="bbox 108 2203 1570 2253; baseline 0 -11"><span class='ocrx_word' id='word_1_236' title='bbox 108 2205 303 2242; x_wconf 90' lang='lat' dir='ltr'>tutandos</span> <span class='ocrx_word' id='word_1_237' title='bbox 340 2205 516 2241; x_wconf 84' lang='lat' dir='ltr'>retraxit.</span> <span class='ocrx_word' id='word_1_238' title='bbox 580 2204 722 2242; x_wconf 89' lang='lat' dir='ltr'>Castra</span> <span class='ocrx_word' id='word_1_239' title='bbox 753 2204 907 2242; x_wconf 89' lang='lat' dir='ltr'>Punica</span> <span class='ocrx_word' id='word_1_240' title='bbox 938 2204 979 2241; x_wconf 90' lang='lat' dir='ltr'>in</span> <span class='ocrx_word' id='word_1_241' title='bbox 1012 2216 1111 2252; x_wconf 90' lang='lat' dir='ltr'>agro</span> <span class='ocrx_word' id='word_1_242' title='bbox 1143 2204 1529 2253; x_wconf 87' lang='lat' dir='ltr'>Ilergavonensium,</span> <span class='ocrx_word' id='word_1_243' title='bbox 1546 2203 1570 2242; x_wconf 81' lang='grc'>6</span> 
     </span>
     <span class='ocr_line' id='line_1_31' title="bbox 110 2274 1530 2324; baseline -0.001 -12"><span class='ocrx_word' id='word_1_244' title='bbox 110 2280 241 2312; x_wconf 90' lang='lat' dir='ltr'>castra</span> <span class='ocrx_word' id='word_1_245' title='bbox 262 2276 450 2312; x_wconf 90' lang='lat' dir='ltr'>Romana</span> <span class='ocrx_word' id='word_1_246' title='bbox 472 2276 527 2311; x_wconf 89' lang='lat' dir='ltr'>ad</span> <span class='ocrx_word' id='word_1_247' title='bbox 549 2274 708 2311; x_wconf 79' lang='lat' dir='ltr'>Novam</span> <span class='ocrx_word' id='word_1_248' title='bbox 731 2276 902 2313; x_wconf 81' lang='lat' dir='ltr'>classem</span> <span class='ocrx_word' id='word_1_249' title='bbox 925 2280 1052 2318; x_wconf 89' lang='lat' dir='ltr'>erant,</span> <span class='ocrx_word' id='word_1_250' title='bbox 1087 2287 1211 2322; x_wconf 90' lang='lat' dir='ltr'>quum</span> <span class='ocrx_word' id='word_1_251' title='bbox 1244 2275 1351 2311; x_wconf 88' lang='lat' dir='ltr'>fama</span> <span class='ocrx_word' id='word_1_252' title='bbox 1384 2288 1530 2324; x_wconf 88' lang='lat' dir='ltr'>repens</span> 
     </span>
     <span class='ocr_line' id='line_1_32' title="bbox 111 2345 1568 2395; baseline 0.001 -13"><span class='ocrx_word' id='word_1_253' title='bbox 111 2346 190 2383; x_wconf 90' lang='lat' dir='ltr'>alio</span> <span class='ocrx_word' id='word_1_254' title='bbox 230 2345 372 2382; x_wconf 88' lang='lat' dir='ltr'>avertit</span> <span class='ocrx_word' id='word_1_255' title='bbox 410 2346 571 2382; x_wconf 90' lang='lat' dir='ltr'>bellum.</span> <span class='ocrx_word' id='word_1_256' title='bbox 636 2345 838 2391; x_wconf 87' lang='lat' dir='ltr'>Celtiberi,</span> <span class='ocrx_word' id='word_1_257' title='bbox 880 2346 947 2394; x_wconf 90' lang='lat' dir='ltr'>qui</span> <span class='ocrx_word' id='word_1_258' title='bbox 989 2345 1192 2394; x_wconf 89' lang='lat' dir='ltr'>principes</span> <span class='ocrx_word' id='word_1_259' title='bbox 1230 2346 1409 2395; x_wconf 87' lang='lat' dir='ltr'>regionis</span> <span class='ocrx_word' id='word_1_260' title='bbox 1450 2345 1568 2384; x_wconf 64' lang='lat' dir='ltr'>suae&#39;c&#39;</span> 
     </span>
     <span class='ocr_line' id='line_1_33' title="bbox 110 2416 1530 2466; baseline -0.001 -13"><span class='ocrx_word' id='word_1_261' title='bbox 110 2417 268 2466; x_wconf 90' lang='lat' dir='ltr'>legatos</span> <span class='ocrx_word' id='word_1_262' title='bbox 291 2416 483 2453; x_wconf 81' lang='lat' dir='ltr'>miserant</span> <span class='ocrx_word' id='word_1_263' title='bbox 503 2416 752 2465; x_wconf 89' lang='lat' dir='ltr'>obsidesque</span> <span class='ocrx_word' id='word_1_264' title='bbox 785 2418 988 2454; x_wconf 90' lang='lat' dir='ltr'>dederant</span> <span class='ocrx_word' id='word_1_265' title='bbox 1009 2417 1219 2461; x_wconf 89' lang='lat' dir='ltr'>Romanis,</span> <span class='ocrx_word' id='word_1_266' title='bbox 1247 2417 1388 2453; x_wconf 88' lang='lat' dir='ltr'>nuntio</span> <span class='ocrx_word' id='word_1_267' title='bbox 1407 2416 1530 2453; x_wconf 87' lang='lat' dir='ltr'>misso</span> 
     </span>
     <span class='ocr_line' id='line_1_34' title="bbox 112 2486 1532 2537; baseline -0.001 -13"><span class='ocrx_word' id='word_1_268' title='bbox 112 2499 136 2524; x_wconf 87' lang='lat' dir='ltr'>a</span> <span class='ocrx_word' id='word_1_269' title='bbox 167 2486 358 2536; x_wconf 89' lang='lat' dir='ltr'>Scipione</span> <span class='ocrx_word' id='word_1_270' title='bbox 391 2486 508 2524; x_wconf 86' lang='lat' dir='ltr'>exciti</span> <span class='ocrx_word' id='word_1_271' title='bbox 540 2499 652 2524; x_wconf 91' lang='lat' dir='ltr'>arma</span> <span class='ocrx_word' id='word_1_272' title='bbox 683 2487 849 2536; x_wconf 87' lang='lat' dir='ltr'>capiunt</span> <span class='ocrx_word' id='word_1_273' title='bbox 871 2487 1201 2537; x_wconf 89' lang='lat' dir='ltr'>provinciamque</span> <span class='ocrx_word' id='word_1_274' title='bbox 1225 2486 1532 2535; x_wconf 85' lang='lat' dir='ltr'>Carthaginien-</span> 
     </span>
     <span class='ocr_line' id='line_1_35' title="bbox 113 2556 1571 2607; baseline -0.001 -13"><span class='ocrx_word' id='word_1_275' title='bbox 113 2557 214 2594; x_wconf 89' lang='lat' dir='ltr'>sium</span> <span class='ocrx_word' id='word_1_276' title='bbox 246 2557 381 2594; x_wconf 89' lang='lat' dir='ltr'>valido</span> <span class='ocrx_word' id='word_1_277' title='bbox 414 2558 590 2594; x_wconf 86' lang='lat' dir='ltr'>exercitu</span> <span class='ocrx_word' id='word_1_278' title='bbox 621 2557 831 2594; x_wconf 89' lang='lat' dir='ltr'>invadunt.</span> <span class='ocrx_word' id='word_1_279' title='bbox 892 2558 988 2595; x_wconf 87' lang='lat' dir='ltr'>Tria</span> <span class='ocrx_word' id='word_1_280' title='bbox 1021 2559 1176 2607; x_wconf 86' lang='lat' dir='ltr'>oppida</span> <span class='ocrx_word' id='word_1_281' title='bbox 1208 2558 1244 2593; x_wconf 93' lang='lat' dir='ltr'>vi</span> <span class='ocrx_word' id='word_1_282' title='bbox 1277 2556 1571 2606; x_wconf 40' lang='lat' dir='ltr'>expugnant&amp;</span> 
     </span>
     <span class='ocr_line' id='line_1_36' title="bbox 114 2627 1530 2677; baseline 0 -13"><span class='ocrx_word' id='word_1_283' title='bbox 114 2627 211 2664; x_wconf 88' lang='lat' dir='ltr'>inde</span> <span class='ocrx_word' id='word_1_284' title='bbox 244 2639 334 2665; x_wconf 88' lang='lat' dir='ltr'>cum</span> <span class='ocrx_word' id='word_1_285' title='bbox 366 2628 456 2677; x_wconf 90' lang='lat' dir='ltr'>ipso</span> <span class='ocrx_word' id='word_1_286' title='bbox 482 2627 740 2665; x_wconf 89' lang='lat' dir='ltr'>Hasdrubale</span> <span class='ocrx_word' id='word_1_287' title='bbox 765 2629 926 2666; x_wconf 90' lang='lat' dir='ltr'>duobus</span> <span class='ocrx_word' id='word_1_288' title='bbox 951 2629 1100 2677; x_wconf 82' lang='lat' dir='ltr'>proeliis</span> <span class='ocrx_word' id='word_1_289' title='bbox 1133 2629 1295 2676; x_wconf 86' lang='lat' dir='ltr'>egregie</span> <span class='ocrx_word' id='word_1_290' title='bbox 1328 2633 1530 2676; x_wconf 85' lang='lat' dir='ltr'>pugnant;</span> 
     </span>
    </p>
   </div>
  </div>
 </body>
</html>
