1789 2955
246 129 324 169 1138
663 129 766 161 Liber
791 130 918 161 xxm.
959 130 1014 173 (A.
1033 142 1065 162 u.
1085 141 1113 163 e.
1133 131 1227 175 539.)

240 260 394 308 patenti
419 260 594 296 hostium
617 266 734 309 porta
757 261 959 298 invectum
976 276 1047 312 per
1064 265 1243 309 alteram,
1270 267 1521 314 stupentibus
1540 267 1661 303 mira-

242 330 330 366 culo
365 330 561 375 hostibus,
596 331 788 368 intactum
822 333 1012 370 evasisse.

114 394 179 438 48
361 399 508 446 Quieta
540 402 636 438 inde
670 403 812 439 stativa
845 402 969 448 fuere,
1003 416 1050 440 ac
1083 409 1189 442 retro
1223 406 1343 441 etiam
1369 408 1509 443 consul
1533 408 1657 443 movit

241 475 384 514 castra,
430 476 471 507 ut
512 482 736 508 sementem
770 472 968 522 Campani
1009 474 1202 519 facerent,
1248 488 1322 512 nec
1363 482 1458 512 ante
1498 477 1658 514 violavit

240 552 377 588 agrum
404 540 671 590 Campanum,
707 556 825 591 quam
855 545 933 580 iam
959 545 1048 581 altae
1073 545 1113 580 in
1140 546 1345 593 segetibus
1371 546 1504 583 herbae
1531 548 1658 595 pabu-

199 610 317 648 ZIum
343 612 522 659 praebere
546 618 747 661 poterant.
796 614 843 650 Id
868 615 1055 651 convexit
1078 616 1119 651 in
1139 615 1366 653 Claudiana
1391 622 1521 653 castra
1540 630 1660 666 super

240 680 484 728 Suessulam,
511 682 646 731 ibique
672 684 838 721 hiberna
864 685 1088 722 aedificavit.
1144 685 1200 722 M.
1227 685 1400 723 Claudio
1426 687 1659 736 proconsuli

241 750 464 799 imperavit,
498 757 552 797 ut,
594 759 752 791 retento
785 754 899 792 Nolae
942 756 1173 792 necessario
1207 758 1260 792 ad
1293 759 1487 794 tuendam
1521 759 1659 793 urbem

239 821 443 868 praesidio,
468 828 626 860 ceteros
650 825 794 862 milites
819 826 1037 862 dimitteret
1054 827 1240 872 Romam,
1267 840 1318 863 ne
1344 828 1457 864 oneri
1483 828 1602 864 sociis
1622 833 1660 863 et

199 889 225 929 3
241 892 415 940 sumptui
440 893 496 928 rei
521 895 691 942 publicae
717 901 865 932 essent.
923 896 973 932 Et
998 896 1060 932 Ti.
1087 896 1296 934 Gracchus
1321 911 1343 934 a
1370 897 1506 934 Cumis
1531 897 1660 934 Luce-

239 962 337 997 riam
370 962 409 998 in
440 963 626 1012 Apuliam
654 966 836 1014 legiones
865 979 987 1014 quum
1016 967 1208 1011 duxisset,
1244 968 1299 1005 M.
1329 968 1535 1004 Valerium
1562 968 1660 1004 inde

240 1037 453 1080 praetorem
478 1033 733 1071 Brundisium
761 1049 850 1072 cum
876 1049 940 1081 eo,
966 1049 1085 1085 quem
1109 1037 1289 1075 Luceriae
1316 1039 1524 1081 habuerat,
1551 1050 1661 1074 exer-

240 1103 318 1138 citu
343 1103 461 1148 misit,
488 1105 668 1153 tuerique
695 1118 807 1142 oram
832 1107 916 1156 agri
935 1107 1143 1144 Sallentini
1163 1116 1202 1144 et
1219 1109 1448 1157 providere,
1476 1109 1589 1156 quod
1608 1109 1661 1144 ad

239 1173 468 1222 Philippum
501 1175 730 1224 bellumque
763 1176 1080 1214 Macedonicum
1112 1179 1312 1223 attineret,
1347 1178 1472 1215 iussit.

203 1242 230 1282 4
364 1244 482 1280 Exitu
508 1246 655 1282 aestatis
682 1247 779 1291 eius,
814 1260 894 1295 qua
918 1248 1004 1284 haec
1027 1254 1144 1296 gesta
1169 1250 1486 1298 perscripsimus,
1521 1249 1662 1286 litterae

239 1326 262 1349 a
285 1314 327 1350 P.
348 1319 387 1350 et
405 1314 480 1351 Cn.
500 1315 757 1364 Scipionibus
781 1324 989 1362 venerunt,
1017 1324 1189 1366 quantas
1215 1331 1418 1367 quamque
1443 1331 1660 1368 prosperas

238 1373 277 1420 in
297 1383 495 1433 Hispania
519 1398 581 1422 res
606 1387 845 1434 gessissent;
875 1389 948 1424 sed
973 1389 1188 1437 pecuniam
1214 1390 1254 1425 in
1281 1390 1526 1438 stipendium
1546 1389 1662 1426 vesti—

239 1459 457 1503 mentaque
492 1461 531 1492 et
564 1456 806 1493 frumentum
840 1459 1029 1494 exercitui
1063 1464 1102 1494 et
1135 1460 1255 1496 sociis
1287 1460 1496 1496 navalibus
1523 1459 1659 1496 omnia

199 1522 399 1563 5deesse.
465 1525 590 1572 Quod
623 1528 676 1563 acl
703 1528 947 1576 stipendium
974 1529 1155 1573 attineat,
1190 1530 1221 1566 si
1246 1530 1424 1566 aerarium
1450 1530 1568 1578 inops
1597 1529 1658 1573 sit,

241 1606 283 1630 se
309 1595 484 1644 aliquam
509 1597 708 1633 rationem
731 1598 913 1641 inituros,
949 1600 1160 1645 quomodo
1187 1600 1238 1635 ab
1264 1599 1456 1648 Hispanis
1481 1605 1658 1643 sumant;

241 1670 374 1701 cetera
399 1666 535 1714 utique
560 1668 610 1703 ab
629 1668 760 1704 Roma
785 1668 983 1704 mittenda
1003 1681 1106 1712 esse,
1133 1681 1209 1706 nec
1229 1670 1341 1705 aliter
1358 1675 1426 1706 aut
1443 1670 1660 1706 exercitum

200 1734 224 1773 6
241 1741 309 1772 aut
334 1737 583 1785 provinciam
609 1739 735 1774 teneri
759 1751 895 1787 posse.
944 1738 1104 1775 Litteris
1122 1739 1312 1784 recitatis,
1338 1752 1459 1777 nemo
1479 1740 1658 1776 omnium

241 1812 339 1849 erat,
373 1808 469 1855 quin
499 1813 538 1844 et
565 1821 658 1844 vera
684 1808 802 1845 scribi
826 1813 866 1844 et
889 1809 1083 1857 postulari
1107 1821 1223 1857 aequa
1249 1810 1457 1854 fateretur;
1492 1811 1566 1846 sed
1593 1822 1660 1846 oc-

241 1878 426 1914 currebat
458 1878 615 1923 animis,
650 1884 824 1927 quantos
854 1879 1050 1915 exercitus
1075 1884 1282 1916 terrestres
1307 1881 1551 1928 navalesque
1577 1886 1661 1916 tue-

241 1952 389 1992 rentur,
424 1953 656 1996 quantaque
679 1961 786 1984 nova
812 1948 950 1985 classis
975 1961 1069 1985 mox
1094 1951 1279 1996 paranda
1304 1956 1423 1994 esset,
1458 1951 1488 1987 si
1516 1950 1660 1986 bellum

203 2014 558 2055 7Macedonicum
592 2023 836 2055 moveretur:
882 2019 1055 2055 Siciliam
1089 2031 1136 2055 ac
1169 2020 1410 2064 Sardiniam,
1445 2033 1533 2068 quae
1567 2026 1661 2056 ante

242 2087 390 2123 bellum
414 2087 630 2136 vectigales
651 2089 832 2134 fuissent,
859 2090 920 2125 vix
938 2090 1132 2138 praesides
1150 2091 1446 2139 provinciarum
1465 2091 1661 2127 exercitus

205 2154 229 2195 8
243 2157 370 2201 alere;
387 2157 534 2194 tributo
548 2164 729 2206 sumptus
745 2160 1014 2208 suppeditari;
1035 2157 1162 2211 [eum]
1177 2160 1307 2208 ipsum
1320 2161 1508 2197 tributum
1523 2161 1662 2197 confe-

242 2226 413 2263 rentium
435 2239 644 2263 numerum
666 2229 787 2266 tantis
809 2231 1053 2267 exercituum
1073 2230 1271 2278 stragibus
1290 2237 1329 2267 et
1347 2232 1400 2267 ad
1418 2231 1662 2283 Trasumen-

242 2309 339 2333 num
356 2297 487 2333 lacum
506 2302 543 2333 et
559 2299 613 2334 ad
632 2297 797 2336 Cannas
815 2300 1087 2345 imininutum;
1115 2301 1181 2348 qui
1200 2305 1460 2350 superessent
1477 2300 1610 2349 pauci,
1630 2300 1662 2337 si

203 2365 228 2405 9
245 2366 451 2416 multiplici
475 2375 737 2415 gravarentur
763 2370 982 2419 stipendio,
1014 2371 1091 2407 alia
1116 2371 1314 2420 perituros
1339 2376 1465 2420 peste.
1522 2371 1662 2418 Itaque

176 2436 229 2476 10
247 2436 322 2473 nisi
340 2437 421 2474 fide
439 2443 561 2474 staret
578 2451 640 2476 res
658 2439 831 2488 publica,
851 2441 997 2489 opibus
1015 2453 1099 2477 non
1118 2446 1323 2477 staturam.
1372 2441 1662 2477 Prodeundum

245 2508 284 2543 in
310 2507 547 2545 contionem
565 2499 704 2546 Fulvio
728 2510 888 2558 praetori
915 2523 1018 2555 esse,
1044 2511 1287 2547 indicandas
1310 2512 1463 2560 populo
1482 2512 1663 2561 publicas

245 2578 508 2616 necessitates
533 2579 906 2628 cohortandosque,
933 2581 999 2628 qui
1023 2582 1290 2630 redempturis
1315 2582 1518 2618 auxissent
1543 2581 1664 2630 patri·

247 2648 397 2693 monia,
438 2654 480 2684 ut
511 2649 568 2685 rei
601 2650 784 2699 publicae,
826 2663 874 2686 ex
907 2663 987 2698 qua
1020 2651 1250 2696 crevissent,
1292 2657 1450 2701 tempus
1484 2664 1665 2688 commo-
