1789 2955
534 122 658 166 ,Liber
684 122 812 152 xxm.
854 121 910 163 (A.
939 122 1002 152 Ch.
1029 121 1124 163 215.)
1461 122 1542 163 169

127 255 284 298 darent,
310 253 670 301 conducerentque
695 265 744 289 ea
768 253 857 301 lege
881 252 1116 300 praebenda,
1143 265 1231 300 quae
1256 254 1310 288 ad
1328 242 1545 289 exercitum
1564 251 1612 290 11

126 323 442 373 Hispaniensem
467 335 570 372 opus
596 328 744 367 essent,
771 328 826 367 ut,
853 334 975 371 quum
1001 323 1175 371 pecunia
1198 323 1240 359 in
1265 323 1404 359 aerario
1424 329 1544 367 esset,

126 395 173 431 iis
197 393 334 443 primis
358 394 590 430 solveretur.
649 392 748 430 Haee
774 398 920 442 praetor
944 393 986 428 in
1012 393 1206 429 contione
1234 393 1372 437 edixit,
1407 399 1443 429 et
1465 406 1546 441 quo
1564 391 1617 431 1?

127 465 188 500 die
212 464 451 501 vestimenta
474 477 519 500 ac
543 464 786 500 frumentum
804 463 1069 512 Hispaniensi
1096 463 1285 500 exercitui
1311 464 1546 511 praebenda,

128 547 298 583 quaeque
337 534 415 570 alia
454 547 557 583 opus
597 540 733 571 essent
772 534 980 571 navalibus
1013 534 1147 578 sociis,
1190 540 1297 570 esset
1329 535 1546 571 locaturus.

127 605 207 643 Ubi
241 618 290 642 ea
322 605 410 642 dies
443 605 563 650 venit,
599 606 652 641 ad
685 606 1004 642 conducendum
1029 610 1108 641 tres
1135 605 1353 641 societates
1377 606 1549 641 aderant
1611 600 1674 645 49

128 676 337 712 hominum
377 675 642 724 undeviginti,
682 687 853 724 quorum
892 676 975 711 duo
1009 676 1213 723 postulata
1248 676 1371 720 fuere,
1412 674 1591 719 unum‚2

128 753 170 783 ut
201 747 340 783 militia
372 751 574 790 vacarent,
610 747 707 781 dum
739 746 779 781 in
813 757 863 781 eo
897 745 1059 794 publico
1094 751 1242 789 essent,
1278 747 1458 790 alterum,
1494 751 1547 790 ut,

129 829 217 866 quae
256 817 297 854 in
336 828 461 854 naves
500 816 802 864 imposuissent,
844 817 895 852 ab
939 816 1113 852 hostium
1148 817 1481 865 tempestatisque
1515 817 1550 851 vi

129 889 291 937 publico
309 887 488 937 periculo
508 891 657 923 essent.
706 886 890 934 Utroque
909 887 1137 935 impetrato,
1159 888 1454 931 conduxerunt,
1474 886 1551 935 pri·
1567 885 1592 925 3

129 964 302 1006 vataque
326 957 500 1007 pecunia
524 968 587 993 res
611 957 772 1005 publica
797 958 1079 993 administrata
1098 962 1171 992 est.
1222 957 1250 991 Ii
1270 969 1404 993 mores
1423 969 1551 1005 eaque

130 1029 274 1068 caritas
297 1027 437 1077 patriae
465 1039 536 1075 per
560 1039 703 1063 omnes
728 1027 893 1064 ordines
918 1028 1024 1063 velut
1048 1032 1189 1063 tenore
1208 1040 1290 1063 uno
1309 1028 1552 1076 pertinebat.

131 1099 491 1146 Quemadmodum
510 1098 715 1134 conducta
731 1098 867 1134 omnia
883 1110 1034 1147 magno
1049 1098 1186 1134 animo
1203 1103 1307 1141 sunt,
1329 1098 1383 1134 sic
1399 1110 1554 1134 summa
1569 1097 1596 1136 4

130 1170 210 1206 fide
242 1169 422 1218 praebita,
464 1180 540 1204 nec
572 1167 788 1216 quicquam
814 1168 982 1214 parcius
1015 1168 1208 1204 militibus
1244 1170 1392 1210 datum,
1440 1180 1553 1215 quam

131 1241 162 1277 si
195 1253 244 1276 ex
276 1239 470 1288 opulento
504 1238 657 1282 aerario,
691 1244 733 1274 ut
765 1240 988 1286 quondam,
1023 1240 1236 1275 alerentur.

250 1310 384 1356 Quum
408 1308 448 1344 hi
472 1314 723 1345 commeatus
748 1315 955 1353 venerunt,
980 1310 1130 1358 Iliturgi
1156 1310 1353 1358 oppidum
1372 1310 1422 1345 ab
1441 1308 1546 1345 Has·
1564 1307 1590 1347 5

132 1381 298 1416 drubale
340 1392 387 1416 ac
427 1378 607 1428 Magone
647 1384 686 1415 et
723 1378 955 1416 Hannibale
989 1379 1226 1416 Bomilcaris
1268 1380 1347 1415 filio
1388 1380 1440 1416 ob
1483 1380 1554 1414 de-

131 1451 350 1488 fectionem
374 1450 429 1486 ad
446 1450 658 1486 Romanos
683 1451 1009 1499 oppugnabatur.
1067 1451 1175 1487 Inter
1192 1451 1277 1487 haec
1296 1451 1399 1486 trina
1418 1455 1548 1486 castra
1564 1452 1588 1488 (5

128 1521 304 1558 hostium
320 1521 531 1569 Scipiones
545 1532 668 1568 quum
680 1521 719 1557 in
732 1521 871 1556 urbem
885 1522 1088 1557 sociorum
1102 1534 1253 1570 magno
1269 1521 1490 1557 certamine
1505 1532 1552 1555 ac

129 1598 261 1640 strage
280 1591 563 1628 obsistentium
579 1591 871 1639 pervenissent,
892 1591 1147 1635 frumentum,
1169 1593 1279 1629 cuius
1297 1592 1437 1640 inopia
1451 1595 1548 1634 erat,

129 1663 390 1706 advexerunt,
417 1661 699 1709 cohortatique
724 1661 971 1710 oppidanos,
996 1668 1038 1698 ut
1062 1664 1211 1698 eodem
1236 1663 1373 1698 animo
1401 1662 1551 1698 moenia
1570 1661 1590 1699 ἶ

129 1737 364 1776 tutarentur,
401 1743 482 1779 quo
517 1744 590 1780 pro
624 1744 666 1768 se
700 1738 950 1780 pugnantem
984 1733 1214 1769 Romanurn
1248 1733 1466 1768 exercitum
1499 1732 1553 1767 vi-

130 1803 298 1847 dissent,
344 1802 399 1838 ad
432 1807 563 1838 castra
597 1803 770 1838 maxima
803 1804 1099 1851 oppugnanda,
1141 1804 1284 1852 quibus
1318 1802 1551 1839 Hasdrubal

130 1877 311 1922 praeerat,
356 1873 522 1909 ducunt.
587 1873 748 1909 Eodem
788 1878 827 1908 et
868 1873 951 1909 duo
992 1874 1118 1910 duces
1159 1879 1198 1910 et
1236 1875 1319 1910 duo
1354 1875 1550 1911 exercitus
1567 1873 1591 1911 8

118 1942 539 1991 Carthaginiensium,
572 1943 627 1978 ibi
659 1955 743 1979 rem
777 1955 973 1979 summam
1000 1943 1064 1991 agi
1089 1943 1316 1989 cernentes,
1352 1957 1553 1981 convene-

130 2019 233 2050 runt.
296 2013 437 2062 Itaque
470 2013 683 2062 eruptione
716 2027 738 2049 e
772 2014 911 2050 castris
945 2018 1168 2062 pugnatum
1195 2020 1267 2051 est.
1333 2016 1550 2064 Sexaginta
1566 2013 1591 2053 9

130 2085 305 2120 hostiurn
333 2083 454 2120 millia
483 2096 533 2120 eo
562 2085 629 2120 die
656 2084 698 2120 in
722 2097 859 2133 pugna
884 2084 1056 2128 fuerunt,
1087 2085 1265 2121 sedecim
1293 2086 1398 2122 circa
1425 2099 1447 2122 a
1473 2087 1554 2122 Ro-

132 2155 281 2198 manis;
308 2159 445 2191 tamen
464 2155 571 2191 adeo
591 2155 701 2190 haud
720 2155 842 2190 dubia
860 2154 1026 2190 victoria
1045 2154 1130 2199 fuit,
1155 2160 1197 2191 ut
1214 2156 1347 2204 plures
1367 2168 1548 2200 numerQ
1569 2154 1622 2194 10

133 2237 252 2273 quam
275 2225 351 2274 ipsi
377 2230 504 2270 erant,
531 2225 705 2261 Romani
724 2225 898 2261 hostium
918 2226 1155 2270 occiderint,
1184 2226 1365 2275 ceperint
1383 2226 1552 2274 amplius
1572 2225 1618 2264 11

133 2295 206 2332 tria
238 2295 359 2331 millia
391 2295 614 2340 hominum,
648 2295 770 2344 paulo
794 2295 925 2331 minus
951 2296 1056 2332 mille
1082 2308 1291 2344 equorum,
1326 2297 1553 2332 undesexa—

132 2366 244 2414 ginta
276 2366 459 2402 militaria
493 2366 622 2414 signa,
657 2371 812 2414 septem
847 2366 1100 2414 elephantos,
1135 2367 1313 2415 quinque
1345 2367 1386 2403 in
1410 2367 1552 2415 proelio

135 2436 292 2480 occisis,
323 2436 514 2484 trinisque
539 2448 590 2472 eo
616 2436 682 2472 die
707 2437 846 2473 castris
872 2437 988 2485 potiti
1015 2437 1106 2473 sint.
1160 2437 1309 2486 Iliturgi
1335 2437 1552 2473 obsidione
1572 2436 1625 2476 12

133 2505 316 2550 liberato,
350 2507 406 2542 ad
438 2506 584 2542 Intibili
617 2507 941 2556 oppugnandum
968 2507 1108 2544 Punici
1141 2508 1337 2544 exercitus
1366 2507 1551 2551 traducti,

136 2576 328 2624 suppletis
361 2576 489 2625 copiis
522 2589 569 2612 ex
603 2577 822 2626 provincia,
856 2582 898 2613 ut
922 2590 1011 2625 quae
1035 2578 1207 2613 maxime
1234 2577 1427 2621 omnium,
1461 2577 1553 2613 belli
