1789 2955
245 100 330 141 232
678 98 782 129 Liber
806 98 914 129 XXV.
962 95 1018 139 (A.
1037 107 1067 128 u.
1087 107 1116 128 c.
1135 95 1229 139 542.)

203 229 231 269 4
246 230 378 279 spatio
403 235 534 266 castra
558 230 609 265 ab
627 229 808 266 Tarento
833 229 986 278 posuit;
1011 234 1052 265 et
1074 241 1126 265 ne
1149 228 1203 264 ibi
1221 228 1386 276 quidem
1403 227 1658 272 denuntiato,

245 312 327 348 quo
351 304 578 348 pergerent,
612 304 766 335 tantum
791 304 1041 336 convocatos
1065 299 1208 335 milites
1233 298 1402 342 monuit,
1429 298 1493 334 via
1517 309 1660 334 omnes

244 371 348 407 irent
385 382 462 406 nec
500 369 653 406 deverti
692 381 932 417 quemquam
975 374 1043 405 aut
1082 370 1281 405 excedere
1314 369 1457 405 ordine
1489 367 1661 416 agminis

245 445 478 489 paterentur
510 444 550 475 et
580 440 621 475 in
649 439 785 487 primis
807 439 950 476 intenti
975 440 1029 475 ad
1053 439 1220 487 imperia
1244 439 1485 486 accipienda
1509 442 1658 481 essent,

245 522 325 547 neu
350 510 448 558 quid
471 509 546 546 nisi
572 510 720 546 ducum
743 509 853 546 iussu
877 509 1075 552 facerent;
1110 521 1152 545 se
1177 510 1218 545 in
1242 514 1425 557 tempore
1449 508 1661 552 editurum,

205 579 335 628 5quae
358 580 477 616 vellet
501 580 579 628 agi.
627 579 785 615 Eadem
809 579 935 615 ferme
958 580 1058 615 hora
1082 579 1303 615 Tarentum
1328 579 1436 615 fama
1459 590 1664 626 praevene-

245 655 319 694 rat,
352 649 552 686 Numidas
575 649 731 697 equites
760 661 914 698 paucos
937 649 1123 697 populari
1145 661 1266 697 agros
1289 655 1563 696 terroremque
1586 649 1664 684 late

207 719 231 759 6
247 720 473 768 agrestibus
511 719 710 757 iniecisse.
774 720 839 755 Ad
877 731 996 766 quem
1039 719 1221 755 nuntium
1264 719 1359 755 nihil
1399 719 1499 754 ultra
1531 724 1664 755 motus

246 790 460 839 praefectus
492 791 715 831 Romanus,
756 801 876 837 quam
916 794 959 824 ut
996 793 1151 836 partem
1190 789 1367 836 equiturn
1400 794 1565 837 postero
1598 788 1665 824 die

247 861 335 897 luce
360 861 488 909 prima
511 860 666 896 iuberet
690 860 797 896 exire
825 860 879 896 ad
897 860 1119 895 arcendum
1135 860 1467 907 populationibus
1486 859 1663 903 hostem;

209 929 230 969 7
247 931 287 967 in
331 936 467 967 cetera
509 931 618 967 adeo
661 930 757 966 nihil
800 931 851 966 ab
894 941 944 966 eo
989 930 1144 965 intenta
1185 941 1279 966 cura
1322 935 1395 973 est,
1444 934 1486 965 ut
1524 934 1666 966 contra

247 1013 322 1050 pro
340 1005 581 1049 argumento
600 1000 717 1036 fuerit
733 1000 798 1036 illa
815 999 1068 1048 procursatio
1086 999 1365 1044 Numidarum,
1390 999 1663 1036 Hannibalern

208 1071 233 1111 8
249 1071 548 1119 exercitumque
592 1084 610 1106 e
653 1070 792 1107 castris
831 1082 916 1106 non
955 1070 1143 1106 movisse.
1223 1070 1429 1106 Hannibal
1467 1070 1667 1107 concubia

248 1147 370 1179 nocte
402 1142 540 1178 movit.
603 1141 694 1177 Dux
716 1141 973 1177 Philemenus
1007 1145 1092 1176 erat
1123 1152 1212 1176 cum
1246 1141 1366 1176 solito
1392 1146 1520 1189 captae
1545 1153 1666 1177 vena-

248 1212 370 1249 tionis
396 1223 541 1255 onere;
575 1211 698 1248 ceteri
721 1210 952 1259 proditores
975 1222 1037 1254 ea,
1072 1222 1160 1258 quae
1184 1212 1412 1259 composita
1440 1216 1567 1255 erant,
1601 1223 1667 1248 ex-

208 1281 234 1322 9
249 1283 503 1331 spectabant.
554 1281 813 1319 Convenerat
830 1286 977 1325 autem,
997 1286 1039 1317 ut
1055 1281 1311 1317 Philemenus
1328 1282 1486 1329 portula
1505 1286 1666 1318 assueta

250 1353 509 1390 venationem
533 1352 712 1388 inferens
737 1356 914 1387 armatos
936 1351 1161 1395 induceret,
1187 1357 1300 1399 parte
1319 1352 1395 1387 alia
1412 1357 1570 1400 portam
1589 1352 1669 1388 Te-

182 1421 237 1463 1Ο
250 1423 446 1460 menitida
464 1423 594 1459 adiret
610 1422 836 1465 Hannibal;
863 1434 911 1457 ea
928 1422 1225 1457 mediterranea
1243 1423 1355 1470 regio
1374 1427 1446 1466 est,
1472 1423 1668 1459 orientem

252 1499 461 1542 spectans;
501 1494 620 1529 busta
651 1493 901 1540 aliquantum
932 1492 1035 1527 intra
1068 1492 1217 1528 moenia
1249 1492 1471 1529 includunt.
1536 1493 1670 1539 Quum

251 1569 380 1613 portae
404 1563 762 1612 appropinquaret,
787 1563 918 1598 editus
937 1575 985 1598 ex
1003 1562 1232 1610 composito
1250 1563 1354 1611 ignis
1372 1563 1422 1599 ab
1441 1562 1672 1599 Hannibale

254 1639 327 1678 est,
360 1634 594 1681 refulsitque
625 1634 734 1669 idem
762 1632 966 1668 redditum
994 1633 1045 1668 ab
1071 1632 1228 1669 Nicone
1253 1633 1431 1681 signum;
1466 1634 1671 1670 exstinctae

186 1703 233 1743 11
253 1705 405 1740 deinde
428 1704 614 1751 utrinque
637 1703 809 1739 flammae
833 1708 937 1739 sunt.
1001 1702 1207 1739 Hannibal
1232 1703 1391 1739 silentio
1416 1705 1594 1741 ducebat
1617 1704 1671 1740 ad

253 1779 425 1823 portam.
488 1772 592 1809 Nico
617 1785 665 1808 ex
688 1773 907 1821 improviso
933 1758 1100 1809 adortus
1125 1773 1282 1821 sopitos
1306 1773 1444 1821 vigiles
1468 1774 1508 1810 in
1534 1773 1671 1810 cubili-

186 1843 239 1883 12
253 1845 328 1881 bus
353 1844 433 1881 suis
459 1844 674 1880 obtruncat
696 1848 937 1892 portamque
962 1843 1103 1892 aperit.
1152 1842 1356 1880 Hannibal
1382 1855 1470 1880 cum
1489 1843 1670 1891 peditum

255 1915 417 1962 agmine
433 1914 668 1963 ingreditur,
687 1914 842 1961 equites
861 1913 1076 1949 subsistere
1093 1914 1216 1957 iubet,
1234 1918 1288 1956 ut,
1308 1925 1389 1961 quo
1407 1925 1469 1950 res
1482 1914 1672 1962 postulet,

187 1983 239 2024 13
255 1996 464 2021 occurrere
490 1985 616 2020 libero
643 1996 788 2032 campo
811 1983 982 2032 possint.
1031 1983 1083 2019 Et
1099 1983 1356 2020 Philemenus
1373 1984 1542 2032 portulae
1559 1989 1673 2032 parte

256 2055 346 2098 alia,
386 2066 465 2102 qua
505 2066 735 2090 commeare
775 2059 967 2098 assuerat,
1009 2054 1377 2103 appropinquabat.
1456 2053 1564 2090 Nota
1596 2066 1673 2090 vox

256 2125 341 2161 eius
365 2129 406 2160 et
430 2124 622 2160 familiare
646 2124 726 2160 iam
752 2124 909 2172 signum
936 2136 1057 2171 quum
1083 2124 1298 2161 excitasset
1314 2125 1486 2173 vigilem,
1521 2124 1672 2161 dicenti

188 2194 242 2233 14
256 2196 318 2231 vix
342 2194 526 2231 sustineri
549 2194 716 2243 grandis
740 2194 880 2230 bestiae
904 2205 1007 2231 onus
1031 2195 1190 2243 portula
1214 2195 1401 2243 aperitur.
1449 2194 1674 2231 Inferentes

257 2277 397 2313 aprum
440 2265 546 2301 duos
590 2264 755 2300 iuvenes
795 2269 955 2301 secutus
994 2265 1082 2313 ipse
1123 2277 1212 2301 cum
1253 2264 1443 2313 expedito
1481 2270 1674 2301 venatore

257 2335 430 2384 vigilem,
463 2334 661 2371 incautius
685 2334 878 2370 miraculo
903 2335 1192 2383 magnitudinis
1218 2335 1257 2371 in
1282 2345 1367 2378 eos,
1392 2334 1458 2382 qui
1477 2334 1673 2378 ferebant,

189 2402 243 2444 15
257 2417 427 2449 versum,
452 2405 654 2441 venabulo
679 2403 836 2440 traiicit.
884 2404 1058 2453 Ingressi
1083 2405 1235 2441 deinde
1254 2405 1414 2453 triginta
1433 2404 1515 2440 fere
1533 2404 1674 2440 armati

259 2479 417 2511 ceteros
440 2474 578 2523 vigiles
604 2474 848 2511 obtruncant
870 2474 1173 2523 refringuntque
1196 2480 1355 2524 portam
1372 2474 1610 2523 proximam,
1636 2479 1676 2510 et

259 2556 407 2592 agmen
449 2545 523 2580 sub
557 2544 680 2593 signis
713 2544 938 2581 confestim*
959 2544 1110 2593 irrupit.
1186 2544 1288 2581 Inde
1321 2556 1410 2581 cum
1443 2545 1602 2581 silentio
1634 2545 1674 2580 in

190 2613 243 2652 16
259 2614 389 2650 forum
421 2615 532 2651 ducti
554 2614 775 2650 Hannibali
809 2626 899 2652 sese
933 2615 1239 2652 coniunxerunt.
1304 2615 1407 2651 Tum
1441 2615 1524 2650 duo
1554 2614 1675 2650 millia

259 2683 468 2720 Gallorum
499 2685 662 2728 Poenus,
701 2685 743 2721 in
775 2690 854 2721 tres
887 2685 1014 2721 divisa
1046 2690 1194 2733 partes,
1236 2697 1308 2734 per
1339 2685 1478 2721 urbem
1511 2683 1673 2721 dimittit
