1789 2955
283 473 490 520 Errores
528 477 642 519 ante
679 490 822 520 usum
858 473 972 519 libri
1009 472 1319 519 emendandi.

89 718 132 754 P.
197 720 218 753 8
243 730 274 753 v.
312 721 332 753 7
359 719 403 754 ab
431 720 504 754 imo

103 795 116 802 -
175 777 216 811 31
311 776 332 809 6

102 852 116 858 -
174 834 217 867 36
290 834 332 867 14
357 833 402 867 ab
428 834 502 868 imo

101 907 116 915 -
173 890 218 923 48
309 891 330 923 9

102 968 115 974 -
174 947 218 980 53
314 948 334 980 6
359 947 404 981 ab
429 947 503 982 imo

101 1022 115 1029 -
173 1004 215 1036 61
309 1005 330 1037 2

102 1079 116 1086 -
173 1061 218 1094 62
310 1061 333 1093 4
357 1061 402 1095 ab
428 1062 502 1096 imo

102 1135 115 1142 -
174 1118 217 1150 73
291 1118 332 1151 13

101 1192 113 1199 -
172 1175 215 1207 73
308 1175 330 1208 2
362 1174 407 1208 ab
434 1175 508 1209 imo

101 1250 115 1257 -
151 1231 215 1264 101
309 1233 330 1264 6

102 1306 116 1312 -
152 1288 218 1321 114
312 1288 329 1321 1

105 1362 118 1369 -
157 1345 221 1378 115
316 1346 338 1379 2
363 1345 447 1379 aib

105 1419 118 1425 -
157 1401 223 1434 129
318 1403 363 1436 l-
376 1403 398 1436 2

106 1476 119 1482 -
158 1458 222 1491 141
296 1459 337 1492 12
364 1459 409 1494 ab
434 1460 508 1494 imo

103 1533 117 1540 -
153 1516 219 1549 150
310 1518 332 1549 4

105 1590 118 1597 -
158 1573 222 1606 153
314 1574 336 1607 2
360 1573 405 1608 ab
430 1575 504 1608 imo

104 1648 118 1655 -
156 1631 222 1664 154
314 1632 335 1664 6
361 1631 405 1673 ab
432 1632 506 1666 imo

105 1704 119 1711 -
160 1688 225 1721 166
297 1689 336 1721 11
363 1688 409 1722 ab
434 1689 508 1723 imo

104 1762 117 1769 -
156 1745 219 1778 171
294 1745 334 1779 15
359 1745 404 1779 ab
429 1746 503 1780 imo

104 1819 118 1826 -
156 1801 221 1835 192
302 1803 334 1835 ”8
359 1803 404 1836 ab
430 1803 504 1837 imo

640 606 857 660 Scriptum
890 609 955 647 est
969 621 978 647 z

669 719 879 753 fremebant

670 776 887 819 frequentes

670 844 800 866 eorum

670 889 835 934 trigenta

672 946 820 980 fuerant

671 1002 941 1047 trepidantium

672 1065 710 1093 ut

672 1121 796 1151 cetero

671 1184 842 1208 censores
875 1173 996 1212 ambo,

672 1230 785 1264 fuisse

674 1287 876 1321 abscedere

673 1344 787 1389 viglia

674 1405 884 1439 Tithronon

672 1474 748 1496 non
773 1463 882 1497 aliter

672 1521 752 1553 va'e
780 1531 798 1554 e

675 1579 862 1619 quattuor,

674 1636 771 1668 esset

673 1691 741 1724 hos

673 1748 732 1781 hio
757 1749 872 1793 igitur

673 1803 718 1838 Ti

1070 606 1287 659 Scriptum
1305 604 1513 658 oportuit:

1112 719 1224 762 vulgo
1246 717 1452 751 fremebant

1110 774 1326 819 frequentes

1111 842 1249 873 eorum,

1112 889 1266 933 triginta

1112 945 1216 979 fuere

1113 1002 1359 1047 pugnantium

1112 1061 1155 1094 ἰιΐ

1113 1119 1238 1150 cetero
1272 1127 1360 1150 auro

1113 1184 1300 1217 censores⁷
1331 1174 1439 1207 ambo

1115 1230 1271 1264 fuissent

1114 1286 1299 1321 abscedere

1115 1344 1242 1388 vigilia

1114 1401 1337 1436 Tithronion

1116 1459 1226 1493 aliter
1252 1470 1326 1493 non

1114 1516 1236 1550 valere

1115 1577 1297 1617 quattuor

1115 1630 1522 1676 populissomaniesset

1115 1699 1182 1732 per
1208 1688 1274 1722 hos

1115 1745 1232 1790 igitur
1262 1745 1321 1778 hic

1114 1802 1169 1837 Ti.
