1768 2943
499 84 604 115 Liber
629 84 722 114 XXI.
774 82 828 125 (A.
856 83 918 114 ch.
945 83 1039 125 218.)
1423 83 1479 125 55

65 217 131 264 qui
163 217 448 265 abrogabatur,
482 216 578 251 dein
611 216 664 251 de
696 215 897 263 triumpho
930 215 1139 259 habuerat,
1178 216 1327 252 invisus
1359 212 1521 253 etiami}

63 286 242 335 patribus
274 287 328 323 ob
359 298 508 322 novam
540 286 684 334 legem,
709 297 830 333 quam
855 285 906 330 Q.
933 284 1126 321 Claudius
1149 285 1329 322 tribunus
1353 286 1482 334 plebis

64 358 237 393 adverso
281 362 425 393 senatu
463 362 584 404 atque
627 367 708 392 uno
751 361 910 404 patrum
952 356 1170 391 adiuvante
1203 355 1250 392 C.
1283 356 1480 392 Flaminio

64 428 219 473 tulerat,
253 440 306 464 ne
324 427 412 475 quis
430 432 608 471 senator,
628 426 740 463 cuive
758 431 923 462 senator
939 431 1054 474 pater
1072 425 1224 470 fuisset,
1242 426 1480 462 maritimam

63 510 221 542 navem,
236 510 325 546 quae
337 498 426 546 plus
440 509 560 545 quam
577 502 845 534 trecentarum
864 497 1149 545 amphorarum
1167 502 1286 541 esset,
1301 496 1480 533 haberet.

62 568 111 604 Id
136 568 232 605 satis
258 568 437 604 habitum
461 568 516 604 ad
541 567 690 604 fructus
715 579 763 603 ex
787 567 893 615 agris
920 567 1163 612 vectandos;
1198 572 1373 615 quaestus
1397 563 1523 602 θαι-4

63 638 126 674 nis
150 638 331 686 patribus
355 638 574 674 indecorus
597 638 717 674 visus.
765 637 846 673 Res
871 649 942 685 per
960 649 1157 673 summam
1175 637 1482 673 contentionem

64 713 155 745 acta
186 708 378 744 invidiam
403 709 514 756 apud
546 708 799 744 nobilitatem
824 708 979 744 suasori
1002 707 1101 755 legis
1125 707 1336 752 Flaminio,
1372 707 1483 743 favo-

63 790 147 814 rem
179 779 291 827 apud
323 779 483 827 plebem
516 779 765 826 alterumque
797 778 894 814 inde
922 778 1177 814 consulatum
1200 777 1368 827 peperit.
1418 774 1524 814 Ob5

63 848 147 885 haec
172 854 294 893 ratus,
328 849 516 897 auspiciis
544 848 814 885 ementiendis
831 847 1147 896 Latinarumque
1166 847 1351 884 feriarum
1369 860 1483 884 mora

63 924 103 954 et
135 919 412 956 consularibus
445 919 530 956 aliis
562 919 863 968 impedimentis
895 923 1122 955 retenturos
1149 930 1192 954 se
1215 919 1256 954 in
1288 919 1399 962 urbe,
1434 918 1483 954 si-

63 989 215 1025 mulato
254 989 396 1025 itinere
434 989 611 1037 privatus
649 990 751 1026 clam
790 989 831 1025 in
872 989 1122 1038 provinciam
1155 988 1265 1024 abiit.
1328 988 1389 1024 Ea
1420 985 1523 1025 resss

63 1059 130 1095 ubi
167 1059 412 1108 palamfacta
453 1065 526 1104 est,
567 1072 716 1096 novam
754 1060 918 1109 insuper
957 1060 1056 1096 iram
1088 1059 1244 1095 infestis
1276 1059 1355 1094 iam
1388 1064 1483 1095 ante

62 1130 241 1178 patribus
273 1131 415 1167 movit:
458 1142 544 1166 non
578 1143 668 1167 cum
707 1137 850 1167 senatu
882 1131 1023 1175 modo,
1065 1131 1140 1167 sed
1177 1130 1258 1165 iam
1298 1141 1388 1166 cum
1421 1129 1483 1165 dis

62 1200 353 1236 immortalibus
387 1199 432 1237 C.
466 1200 705 1237 Flaminium
738 1202 884 1237 bellum
916 1213 1070 1250 gerere.
1135 1200 1355 1237 Consulem
1388 1197 1521 1236 ante'l'

62 1270 316 1318 inauspicato
349 1270 500 1307 factum
531 1272 815 1309 revocantibus
848 1285 897 1308 ex
928 1272 1018 1321 ipsa
1049 1272 1136 1308 acie
1170 1271 1232 1308 dis
1265 1277 1387 1319 atque
1411 1270 1484 1307 ho-

62 1341 236 1377 minibus
248 1353 333 1378 non
345 1341 545 1390 paruisse;
561 1354 669 1379 nunc
683 1342 934 1379 conscientia
947 1347 1173 1390 spretorum
1186 1347 1226 1378 et
1239 1341 1482 1390 Capitolium

63 1416 103 1447 et
135 1411 374 1448 sollemnem
406 1418 591 1449 votorum
623 1413 972 1462 nuncupationem
1004 1412 1168 1461 fugisse,
1208 1425 1260 1449 ne
1293 1412 1360 1448 die
1398 1410 1523 1448 initi&

62 1481 319 1530 magistratus
342 1482 448 1519 Iovis
473 1483 614 1532 optimi
638 1483 800 1520 maximi
824 1484 1017 1533 templum
1042 1484 1184 1528 adiret,
1217 1495 1270 1519 ne
1298 1488 1483 1519 senatum

63 1551 212 1589 invisus
244 1552 332 1601 ipse
355 1559 395 1589 et
418 1553 492 1590 sibi
517 1553 585 1590 uni
609 1554 780 1591 invisum
804 1555 958 1591 videret
981 1554 1304 1602 consuleretque,
1330 1566 1383 1590 ne
1406 1552 1483 1589 La-

63 1622 168 1659 tinas
201 1623 399 1659 indiceret
420 1623 586 1672 Iovique
603 1624 753 1660 Latiari
777 1625 973 1661 sollemne
998 1637 1156 1661 sacrum
1187 1625 1229 1661 in
1260 1630 1400 1660 monte
1425 1623 1483 1660 fa—

64 1698 185 1737 ceret,
218 1706 271 1729 ne
303 1694 513 1742 auspicato
546 1694 752 1743 profectus
775 1696 815 1731 in
842 1694 1085 1744 Capitolium
1118 1696 1173 1731 ad
1204 1700 1299 1732 vota
1330 1690 1524 1731 nuncu-9

63 1764 215 1812 panda,
259 1764 475 1812 paludatus
517 1765 614 1801 inde
657 1778 748 1802 cum
790 1766 994 1802 lictoribus
1036 1766 1078 1802 in
1114 1766 1364 1814 provinciam
1396 1766 1481 1801 iret.

63 1832 172 1870 Lixae
204 1835 332 1871 modo
365 1834 452 1871 sine
483 1835 720 1884 insignibus,
755 1836 842 1873 sine
874 1836 1079 1873 lictoribus
1111 1835 1338 1884 profectum
1366 1835 1482 1878 clam,

65 1903 210 1949 furtim,
253 1904 364 1941 haud
405 1905 519 1942 aliter
560 1918 682 1954 quam
725 1907 756 1943 si
799 1907 925 1943 exsilii
963 1918 1086 1943 causa
1125 1907 1255 1943 solum
1287 1905 1482 1942 vertisset.

63 1974 197 2023 Magis
229 1987 302 2024 pro
335 1976 546 2013 maiestate
578 1977 767 2013 videlicet
802 1977 957 2026 imperii
991 1977 1157 2013 Arimini
1190 1989 1310 2025 quam
1343 1977 1484 2013 Romae
1503 1972 1556 2013 10

64 2046 341 2094 magistratum
373 2047 560 2083 initurum
593 2053 634 2083 et
664 2047 706 2083 in
739 2048 973 2084 deversorio
1007 2047 1195 2096 hospitali
1228 2060 1349 2096 quam
1374 2048 1485 2096 apud

64 2122 235 2165 penates
268 2129 363 2153 suos
396 2123 630 2165 praetextam
663 2124 925 2167 sumpturum.
984 2118 1278 2155 Revocandum
1312 2113 1551 2154 universill

63 2187 433 2236 retrahendumque
459 2194 703 2225 censuerunt
727 2194 766 2225 et
789 2189 1023 2237 cogendum
1048 2188 1235 2225 omnibus
1259 2188 1368 2237 prius
1385 2200 1484 2237 prae-

65 2263 220 2294 sentem
245 2257 286 2294 in
310 2258 413 2294 deos
438 2258 706 2307 hominesque
732 2259 843 2307 fungi
868 2259 1024 2304 officiis,
1050 2271 1171 2307 quam
1195 2259 1249 2295 ad
1267 2258 1483 2295 exercitum

64 2333 105 2364 et
145 2327 186 2364 in
228 2328 477 2377 provinciam
518 2328 604 2366 iret.
666 2329 712 2366 In
755 2342 846 2366 eam
885 2330 1132 2378 legationem
1171 2327 1343 2380 (legatos
1376 2329 1484 2365 enim
1503 2324 1554 2365 12

64 2398 166 2435 mitti
203 2395 367 2450 placuit)
400 2399 451 2445 Q.
485 2399 700 2436 Terentius
740 2405 780 2436 et
817 2400 873 2437 M.
907 2400 1102 2437 Antistius
1144 2399 1315 2449 profecti
1357 2399 1482 2435 nihilo

65 2469 194 2518 magis
219 2482 311 2506 eum
335 2475 560 2514 moverunt,
586 2482 707 2518 quam
731 2470 863 2519 priore
882 2471 1094 2507 consulatu
1117 2471 1255 2507 litterae
1273 2475 1484 2506 moverant

66 2541 116 2576 ab
151 2545 293 2577 senatu
326 2541 470 2577 missae.
533 2541 691 2578 Paucos
723 2547 818 2590 post
850 2541 938 2578 dies
970 2541 1247 2589 magistratum
1279 2540 1379 2585 iniit,
1412 2539 1484 2576 im·
1501 2536 1553 2576 13
