1789 2955
515 89 630 124 Liber
655 89 797 124 XXVI.
855 92 912 132 (A.
942 89 1006 124 Ch.
1032 90 1128 133 211.)
1487 95 1537 131 29

109 218 248 264 essent,
265 216 538 263 abstinuisset3
569 217 664 253 item
682 217 716 254 si
731 218 903 267 populus
920 218 1125 255 Romanus
1141 217 1288 255 foedere
1312 218 1544 267 iungeretur
1566 220 1615 256 13

109 288 206 337 regi,
237 290 282 325 ut
313 291 481 334 caveret,
524 301 573 325 ne
613 288 673 325 ius
714 288 752 325 ei
783 288 881 326 belli
911 289 1105 326 inferendi
1151 289 1299 326 AEtolis
1345 291 1542 339 sociisque

113 373 248 398 eorum
279 362 391 398 esset.
465 359 564 397 Haec
598 364 876 407 convenerunt,
923 361 1227 410 conscriptaque
1259 361 1422 398 biennio
1454 365 1544 411 post
1565 362 1613 399 14

107 431 303 482 Olympiae
343 432 393 470 ab
425 431 586 478 AEtolis,
633 432 673 468 in
720 431 921 481 Capitolio
968 434 1017 470 ab
1058 433 1262 480 Romanis,
1306 436 1352 470 ut
1394 436 1541 471 testata

108 504 272 542 sacratis
299 504 565 541 monumentis
599 507 739 551 essent,
773 507 865 541 sunt
889 505 1030 554 posita.
1091 505 1215 542 Morae
1240 518 1359 542 causa
1382 505 1542 542 fuerant
1562 505 1612 542 15

103 576 249 613 retenti
279 575 418 613 Romae
449 574 602 612 diutius
642 576 766 624 legati
797 575 1046 623 AEtolorum3
1091 590 1162 614 nec
1199 581 1330 614 tamen
1372 576 1540 626 impedi-

107 651 241 685 mento
273 647 315 683 id
346 648 465 684 rebus
498 647 682 695 gerendis
713 648 799 684 fuit.
860 648 914 684 Et
938 648 1067 685 AEtoli
1098 649 1298 698 extemplo
1330 652 1542 686 moverunt

105 719 293 757 adversus
310 719 544 769 Philippum
569 719 728 766 bellum,
760 723 798 756 et
821 719 1008 757 Laevinus
1034 719 1285 768 Zacynthum
1313 720 1453 770 (parva
1482 721 1539 757 in-

105 791 193 828 sula
225 793 286 828 est
316 791 542 840 propinqua
574 791 754 839 AEtoliae3
800 791 940 828 urbem
985 804 1105 828 unam
1147 792 1297 839 eodem,
1343 806 1420 841 quo
1453 792 1540 842 ipsa

107 865 176 909 est,
219 862 377 900 nomine
407 863 544 909 habet3
591 876 674 900 eam
706 866 854 912 praeter
884 877 1013 900 arcem
1053 864 1093 901 vi
1125 865 1246 913 cepit)
1279 867 1318 901 et
1349 863 1539 901 OEniadas

110 934 341 984 Nasumque
371 933 632 972 Acarnanum
664 938 799 984 captas
828 935 974 973 AEtolis
1007 936 1242 982 contribuit;
1285 935 1537 985 Philippum·
1559 936 1608 972 16

104 1019 180 1055 que
211 1006 308 1043 satis
339 1007 587 1056 implicatum
619 1007 726 1044 bello
757 1006 926 1044 finitimo
958 1010 1079 1053 ratus,
1112 1021 1160 1044 ne
1192 1007 1352 1044 Italiam
1377 1008 1538 1045 Poenos-

104 1090 179 1127 que
211 1081 252 1114 et
280 1081 398 1127 pacta
430 1092 517 1116 cum
541 1078 770 1116 Hannibale
801 1082 935 1129 posset
965 1079 1176 1129 respicere,
1210 1079 1422 1128 Corcyram
1454 1080 1539 1129 ipse

101 1162 142 1187 se
172 1149 335 1199 recepit.

218 1221 414 1271 Philippo
442 1221 673 1259 AEtolorum
703 1222 875 1260 defectio
900 1222 1025 1260 Pellae
1050 1223 1281 1260 hibernanti
1306 1224 1430 1261 allata
1461 1226 1531 1263 est.
1621 1219 1677 1268 25

102 1292 258 1342 Itaque,
277 1294 369 1343 quia
393 1294 523 1343 primo
547 1307 638 1331 vere
662 1297 841 1332 moturus
859 1295 1073 1332 exercitum
1097 1295 1138 1331 in
1163 1294 1361 1333 Graeciam
1380 1299 1476 1342 erat,
1493 1298 1540 1334 ⁴215
1557 1296 1580 1331 2

100 1363 265 1413 Illyrios
281 1364 552 1415 finitimasque
570 1366 626 1403 eis
643 1366 761 1403 urbes
786 1366 834 1403 ab
858 1370 970 1415 tergo
995 1370 1102 1404 metu
1127 1367 1281 1416 quietas
1298 1367 1539 1405 Macedonia

101 1435 279 1483 haberet,
305 1437 601 1487 expeditionem
620 1438 791 1475 subitam
818 1439 858 1475 in
876 1438 1273 1488 Oricinorum-atque
1299 1438 1538 1488 Apollonia-

101 1507 202 1545 tium
219 1508 318 1546 fines
343 1509 450 1556 fecit,
466 1523 724 1559 egressosque
746 1510 1028 1560 Apolloniatas
1056 1525 1143 1548 cum
1162 1525 1302 1560 magno
1320 1514 1473 1549 terrore
1492 1525 1535 1549 ac

102 1593 250 1630 pavore
268 1582 460 1631 compulit
476 1582 583 1619 intra
598 1595 741 1620 muros.
775 1583 957 1621 Vastatis
975 1583 1170 1632 proximis
1188 1583 1357 1631 Illyrici,
1374 1583 1414 1620 in
1425 1583 1541 1620 Pela·
1560 1584 1582 1619 3

102 1653 263 1702 goniam
299 1655 435 1691 eadem
468 1654 671 1691 celeritate
696 1655 817 1692 vertit
841 1654 932 1700 iter3
971 1654 1064 1691 inde
1091 1654 1374 1692 Dardanorum
1398 1656 1536 1692 urbem

103 1722 286 1773 Sintiam,
303 1725 630 1763 inMacedonialn
641 1726 855 1763 transitum
866 1726 1072 1763 Dardanis
1091 1727 1296 1773 facturam,
1315 1727 1429 1776 cepit.
1461 1727 1541 1764 His
1558 1727 1583 1763 4

101 1797 249 1846 raptim
267 1797 379 1848 actis,
405 1811 555 1835 memor
572 1798 739 1834 AEtolici
765 1798 968 1847 iunctique
993 1811 1079 1835 cum
1098 1812 1142 1835 eo
1159 1798 1332 1836 Romani
1349 1799 1448 1835 belli
1466 1812 1536 1848 per

101 1867 365 1918 Pelagoniam
397 1873 436 1906 et
461 1869 641 1918 Lyncum
673 1874 711 1907 et
741 1870 954 1907 Bottiaeam
986 1870 1025 1907 in
1052 1869 1300 1907 Thessaliam
1331 1869 1538 1908 descendit

102 1940 264 1987 (etenim
291 1940 341 1977 ad.
356 1941 507 1978 bellum
524 1955 654 1979 secum
671 1942 859 1979 adversus
883 1942 1041 1979 AEtolos
1069 1941 1354 1991 capessendum
1375 1941 1537 1979 incitari
1556 1942 1579 1978 5

102 2024 218 2061 posse
241 2012 423 2051 homines
448 2013 662 2064 credebat),
689 2017 726 2051 et
750 2014 890 2051 relicto
915 2014 965 2051 ad
990 2015 1125 2051 fauces
1148 2013 1364 2051 Thessaliae
1389 2014 1535 2051 Perseo

103 2095 189 2121 cum
223 2087 411 2133 quattuor
434 2085 614 2122 millibus
641 2089 881 2124 armatorum
914 2085 963 2122 ad.
995 2087 1189 2123 arcendos
1221 2085 1332 2124 aditu
1363 2086 1535 2132 AEtolos,

103 2155 200 2204 ipse,
231 2156 464 2206 priusquam
494 2158 712 2196 maioribus
739 2162 1002 2207 occuparetur
1033 2159 1163 2206 rebus,
1194 2158 1235 2194 in
1258 2157 1538 2195 Macedoniam
1557 2159 1579 2195 6

102 2228 222 2276 atque
248 2227 340 2265 inde
358 2228 398 2266 in
426 2229 638 2267 Thraciam
664 2232 880 2267 exercitum
905 2244 948 2267 ac
973 2230 1124 2268 Maedos
1150 2230 1279 2267 duxit.
1327 2230 1539 2267 Incurrere
1559 2228 1579 2262 7

102 2309 149 2335 ea
179 2311 276 2347 gens
316 2301 357 2338 in
398 2301 677 2340 Macedoniam
716 2302 834 2339 solita
873 2305 968 2349 erat,
1014 2303 1083 2339 ubi
1130 2315 1262 2350 regem
1301 2304 1536 2350 occupatum

102 2372 266 2409 externo
297 2371 404 2411 bello
436 2387 480 2411 ac
520 2375 604 2410 sine
642 2374 832 2423 praesidio
871 2387 954 2411 esse
1001 2387 1167 2423 regnum
1213 2372 1411 2410 sensisset.
1469 2370 1578 2408 Adss

101 2443 342 2493 frangendas
373 2445 500 2494 igitur
538 2447 645 2484 vires
683 2449 841 2484 vastare
880 2459 997 2495 agros
1029 2449 1068 2484 et
1098 2446 1236 2483 urbem
1274 2443 1536 2493 Iamphoryn-

102 2529 205 2563 nam,
238 2520 358 2566 oaput
388 2530 597 2567 arcemque
621 2517 813 2565 Maedicae,
845 2531 1077 2568 oppugnare
1108 2518 1240 2567 coepit.
1289 2515 1439 2565 Scopas
1469 2514 1540 2552 ubi
1557 2514 1580 2549 9

103 2588 325 2638 profectum
351 2589 393 2626 in
417 2588 632 2626 Thraciam
654 2603 786 2638 regem
815 2594 1129 2639 occupatumque
1154 2589 1213 2625 ibi
1239 2588 1345 2625 bello
1370 2587 1536 2633 audivit,

103 2663 256 2698 armata
287 2660 395 2698 omni
427 2661 634 2699 iuventute
667 2662 907 2708 AEtolorum,
938 2661 1088 2698 bellum
1121 2661 1267 2697 inferro
1297 2658 1536 2696 Acarnaniae
