1768 2943
536 94 641 124 Liber
665 94 793 125 xxm.
837 94 891 137 (A.
920 95 981 126 ch.
1008 94 1102 137 216.)
1448 96 1530 137 123

113 225 269 274 legatis,
309 237 412 262 unus
444 237 493 261 ex
524 225 571 261 iis
605 224 746 261 Vibius
780 225 931 262 Virrius
964 232 1123 274 tempus
1157 228 1314 264 venisse
1348 229 1414 272 ait,
1450 240 1530 274 quo

115 295 314 344 Campani
338 307 424 332 non
441 307 582 343 agrum
599 295 728 331 solum
747 295 798 330 ab
816 295 1013 332 Romanis
1032 298 1241 344 quondam
1259 311 1330 346 per
1347 299 1531 335 iniuriam

110 366 349 414 ademptum
373 376 624 413 recuperare,
651 365 725 400 sed
747 365 917 414 imperio
937 366 1057 402 etiam
1075 366 1198 403 Italiae
1216 369 1335 415 potiri
1353 370 1529 416 possint;

112 436 246 473 foedus
278 435 387 472 enim
419 447 509 472 cum
532 434 777 479 Hannibale,
811 437 954 483 quibus
982 436 1106 473 velint
1132 437 1300 485 legibus,
1335 438 1530 480 facturos:
1548 436 1573 476 2

112 519 247 555 neque
279 505 595 543 controversiam
636 505 734 549 fore,
775 507 885 554 quin,
926 518 1049 555 quum
1081 507 1168 555 ipse
1201 508 1391 544 confecto
1426 510 1531 545 bello

112 575 320 613 Hannibal
351 576 477 613 victor
508 576 550 612 in
582 575 758 612 Africam
791 577 969 613 decedat
1001 578 1301 626 exercitumque
1329 580 1531 627 deportet,

110 646 235 684 Italiae
266 647 477 696 imperium
503 646 723 695 Campanis
748 647 1007 695 relinquatur.
1072 648 1172 685 Haec
1196 649 1328 685 Virrio
1352 646 1575 697 loquenti3

111 718 268 755 assensi
293 730 436 754 omnes
460 717 516 753 ita
533 717 765 753 renuntiant
789 717 1049 765 legationem,
1076 719 1131 755 uti
1149 720 1327 756 deletum
1346 719 1533 755 omnibus

111 789 312 825 videretur
335 800 487 825 nomen
506 789 749 824 Romanum.
799 787 1013 837 Extemplo
1037 789 1152 837 plebs
1178 790 1232 825 ad
1258 786 1576 826 defectionem4

111 871 159 895 ac
183 871 275 908 pars
300 859 428 895 maior
453 863 617 895 senatus
642 863 846 906 spectare;
873 864 1050 896 extracta
1074 865 1211 896 tamen
1230 860 1534 896 auctoritatibus
1550 858 1576 898 5

112 930 318 966 seniorum
349 941 420 978 per
452 941 607 978 paucos
641 928 728 965 dies
757 934 817 965 est
840 941 917 966 res.
980 930 1193 966 Postremo
1217 930 1310 967 vicit
1333 930 1534 967 sententia

111 1000 295 1049 plurium,
327 1005 370 1036 ut
398 1000 522 1036 iidem
550 1000 685 1048 legati,
715 999 782 1046 qui
810 1000 865 1035 ad
894 1001 1103 1037 consulem
1132 1001 1361 1037 Romanum
1391 1001 1533 1044 ierant,

113 1071 168 1107 ad
185 1070 460 1107 Hannibalem
484 1070 747 1106 mitterentur.
793 1070 885 1116 Quo
911 1071 1144 1119 priusquam
1161 1071 1283 1107 iretur
1300 1077 1534 1119 certumque
1550 1070 1574 1108 [i

114 1141 358 1178 defectionis
377 1140 587 1177 consilium
607 1145 727 1184 esset,
747 1141 921 1177 Romam
939 1142 1097 1189 legatos
1115 1142 1261 1178 missos
1276 1155 1299 1178 a
1314 1141 1534 1190 Campanis

112 1211 155 1248 in
187 1211 429 1260 quibusdam
453 1211 667 1247 annalibus
692 1211 868 1255 invenio,
904 1212 1171 1260 postulantes,
1205 1218 1247 1249 ut
1271 1213 1370 1249 alter
1393 1213 1535 1249 consul

114 1281 348 1331 Campanus
374 1282 498 1326 fieret,
525 1282 556 1318 si
580 1294 665 1317 rem
691 1282 921 1318 Romanam
946 1283 1127 1318 adiuvari
1152 1283 1317 1326 vellent;
1348 1283 1536 1331 indigna-
1553 1279 1573 1319 7

111 1353 223 1391 tione
241 1358 342 1397 orta,
369 1352 611 1389 summoveri
629 1365 652 1388 a
671 1352 779 1388 curia
796 1353 927 1389 iussos
946 1365 1049 1397 esse,
1075 1354 1322 1402 missumque
1340 1354 1534 1396 lictorem,

112 1425 179 1472 qui
212 1437 260 1460 ex
292 1424 390 1459 urbe
423 1424 616 1460 educeret
649 1435 721 1459 eos
754 1428 875 1471 atque
909 1436 960 1460 eo
993 1424 1060 1460 die
1093 1437 1259 1461 manere
1292 1431 1402 1460 extra
1435 1424 1535 1460 fines

112 1495 323 1531 Romanos
355 1494 523 1530 iuberet.
589 1493 694 1539 Quia
727 1493 844 1530 nimis
872 1506 1039 1543 compar
1063 1494 1301 1531 Latinorum
1326 1491 1575 1543 quondamS

111 1566 331 1614 postulatio
364 1569 461 1609 erat,
497 1563 725 1612 Caeliusque
759 1570 799 1600 et
823 1564 887 1600 alii
911 1565 954 1600 id
979 1566 1088 1601 haud
1113 1566 1199 1602 sine
1226 1578 1348 1603 causa
1375 1572 1536 1614 praeter-

110 1636 266 1673 missuri
301 1640 415 1672 erant
447 1634 677 1682 scriptores,
711 1647 865 1683 ponere
898 1647 971 1684 pro
1005 1641 1116 1672 certo
1151 1648 1238 1672 sum
1271 1637 1430 1673 veritus.

229 1705 373 1754 Legati
397 1706 452 1741 ad
477 1704 751 1741 Hannibalem
777 1712 973 1742 venerunt
997 1718 1224 1754 pacemque
1249 1719 1339 1743 cum
1364 1718 1415 1743 eo
1441 1719 1538 1743 con·
1601 1701 1627 1744 7

113 1777 343 1813 dicionibus
377 1777 427 1812 z‘z's
453 1776 647 1820 fecerunt,
682 1788 734 1812 ne
760 1776 848 1824 quis
872 1777 1092 1825 imperator
1116 1778 1422 1825 magistratusve
1448 1777 1536 1814 Ροε-

112 1859 259 1883 norum
297 1847 357 1883 ius
399 1847 520 1882 ullum
560 1847 601 1882 in
634 1846 762 1883 civem
796 1846 1050 1895 Campanum
1084 1847 1263 1892 haberet,
1305 1860 1408 1884 neve
1442 1848 1536 1884 civis

113 1916 349 1966 Campanus
372 1917 518 1954 invitus
544 1917 731 1954 militaret
753 1929 948 1954 munusve
967 1917 1138 1961 faceret;
1164 1923 1206 1954 ut
1224 1930 1305 1955 suae
1322 1918 1447 1966 leges,
1478 1918 1537 1955 sui
1553 1915 1578 1956 2

112 1988 369 2036 magistratus
395 1987 546 2037 Capuae
579 1993 735 2032 essent;
771 1994 814 2024 ut
846 1994 1050 2025 trecentos
1076 2001 1125 2024 ex
1148 1989 1345 2025 Romanis
1371 1989 1537 2037 captivis

112 2056 262 2095 Poenus
305 2059 422 2095 daret
455 2058 690 2107 Campanis,
735 2071 837 2106 quos
876 2059 952 2108 ipsi
992 2059 1223 2107 elegissent,
1269 2071 1360 2095 cum
1393 2060 1537 2107 quibus

113 2129 294 2176 equitum
318 2128 634 2177 Campanorum,
664 2129 731 2177 qui
760 2129 801 2166 in
830 2129 962 2166 Sicilia
991 2130 1195 2178 stipendia
1224 2130 1418 2174 facerent,
1448 2142 1538 2178 per-

114 2199 284 2235 mutatio
317 2198 442 2235 fieret.
505 2198 606 2236 Haec
637 2205 776 2248 pacta;
822 2200 887 2236 illa
920 2201 1097 2248 insuper,
1141 2212 1263 2248 quarn
1297 2212 1386 2248 quae
1418 2196 1578 2249 pacta3

114 2275 242 2314 erant,
277 2269 459 2306 facinora
491 2268 692 2318 Campani
725 2271 964 2307 ediderunt:
1006 2283 1103 2306 nam
1135 2270 1350 2319 praefectos
1383 2271 1537 2307 socium

116 2340 303 2388 civesque
331 2341 542 2377 Romanos
571 2341 686 2385 alios,
716 2340 860 2389 partim
889 2341 1024 2389 aliquo
1053 2340 1201 2377 militiae
1226 2353 1392 2377 munere
1419 2353 1538 2378 occu-

114 2417 248 2458 patos,
273 2411 417 2459 partim
441 2411 604 2459 privatis
628 2411 803 2459 negotiis
821 2411 1049 2460 implicitos,
1076 2412 1190 2459 plebs
1208 2418 1375 2460 repente
1395 2423 1537 2447 omnes

115 2481 434 2529 comprehensos
473 2481 579 2517 velut
619 2482 815 2518 custodiae
858 2493 981 2519 causa
1026 2482 1181 2518 balneis
1221 2481 1373 2518 includi
1411 2481 1536 2525 iussit,

116 2551 182 2586 ubi
215 2550 371 2587 fervore
403 2556 524 2599 atque
558 2557 657 2588 aestu
689 2552 825 2588 anima
858 2553 1075 2589 interclusa
1108 2552 1262 2588 foedum
1295 2552 1336 2587 in
1369 2551 1538 2587 modum

118 2621 378 2670 exspirarent.
