1789 2955
486 99 599 136 Liber
624 98 770 134 XXIX.
820 97 880 143 (A.
909 98 973 133 ch.
998 99 1093 140 205.)
1422 98 1498 136 185

71 244 181 269 arma
198 242 352 280 parare,
375 229 571 266 instruere
595 241 714 265 naves
739 240 782 264 ac
806 227 962 264 mittere
988 225 1038 264 ad
1055 225 1285 275 Hipponem
1313 223 1499 261 adversus

72 302 294 341 Romanam
325 300 499 338 classem.
546 300 633 337 Iam
659 299 742 336 haec
768 299 979 348 agentibus
1002 298 1165 334 nuntius
1188 295 1349 333 tandem
1382 295 1501 342 venit,
1520 295 1542 331 3

70 374 252 421 Laelium,
282 387 360 411 non
392 371 631 422 Scipionem,
680 371 912 421 copiasque,
959 372 1116 420 quantae
1161 368 1212 406 ad
1257 368 1500 405 incursiones

71 459 258 496 agrorum
290 444 386 483 satis
417 444 508 491 sint,
539 446 805 490 transvectas3
854 455 1013 481 summae
1058 441 1155 479 belli
1196 440 1338 477 molem
1371 438 1500 476 adhuc

74 517 117 555 in
148 516 290 555 Sicilia
321 530 413 554 esse.
474 516 539 554 Ita
570 516 821 565 respiratum,
852 514 1039 564 mittique
1064 513 1115 551 ad
1142 512 1363 562 Syphacem
1395 511 1500 559 lega·
1519 510 1543 546 4

70 590 201 628 tiones
232 589 410 639 aliosque
440 588 599 638 regulos
629 587 832 625 firmandae
864 587 1063 625 societatis
1098 598 1214 622 causa
1237 586 1387 633 ooeptae.
1433 581 1501 620 Ad

72 661 307 711 Philippum
338 674 496 711 quoque
528 660 651 707 missi,
683 660 751 710 qui
794 659 963 697 ducenta
1004 658 1159 708 argenti
1195 657 1347 694 talenta
1383 655 1500 705 polli-

75 737 270 780 cerentur,
300 736 345 770 ut
375 733 416 770 in
447 731 625 770 Siciliam
665 735 733 770 aut
771 732 811 768 in
842 731 1004 769 Italiam
1042 730 1255 768 traiiceret.
1315 728 1434 765 Missi
1467 730 1505 763 et
1526 725 1548 762 5

74 806 124 844 ad
155 819 245 844 suos
276 805 535 855 imperatores
565 805 606 842 in
638 804 820 850 Italiam,
864 807 910 840 ut
954 804 1060 841 omni
1089 806 1241 840 terrore
1274 800 1500 850 Scipionem

75 878 314 924 retinerent;
346 877 397 915 ad
413 877 624 927 Magonem
649 890 726 914 non
750 876 872 925 legati
897 875 1025 922 modo,
1057 875 1126 912 sed
1152 873 1297 922 viginti
1329 872 1505 922 quinque
1524 871 1547 908 6

72 950 204 1000 longae
234 963 365 996 naves,
390 963 457 987 sex
482 949 609 986 millia
633 948 826 998 peditum,
859 948 1081 997 octingenti
1109 946 1263 996 equites
1289 948 1328 982 et
1352 947 1501 994 septem

73 1022 294 1072 elephanti,
339 1020 390 1058 ad
434 1021 508 1058 hoc
554 1035 698 1070 magna
742 1020 911 1071 pecunia
957 1019 1007 1058 ad
1054 1017 1309 1057 conducenda
1341 1016 1502 1063 auxilia,

73 1093 220 1144 quibus
252 1093 375 1130 fretus
406 1094 572 1143 propius
602 1093 741 1130 urbem
772 1093 993 1130 Romanam
1026 1091 1237 1129 exercitum
1273 1090 1503 1127 admoveret

72 1166 410 1215 coniungeretque
434 1179 474 1203 se
499 1165 732 1203 Hannibali.
786 1165 883 1202 Haec
911 1164 1155 1212 Carthagine
1192 1163 1388 1213 parabant
1420 1161 1501 1209 agi·
1520 1161 1542 1196 7

70 1238 301 1288 tabantque.
362 1237 431 1275 Ad
461 1238 641 1283 Laelium,
672 1237 825 1287 praedas
857 1238 1038 1287 ingentes
1070 1250 1118 1273 ex
1158 1248 1254 1285 agro
1286 1233 1428 1271 inermi
1459 1246 1504 1270 ac

72 1309 179 1347 nudo
226 1309 424 1360 praesidiis
472 1312 675 1360 agentem,
708 1310 941 1357 Masinissa,
986 1310 1091 1347 fama
1129 1308 1319 1346 Romanae
1367 1304 1504 1342 classis

75 1382 239 1429 excitus,
271 1395 359 1419 cum
392 1381 594 1432 equitibus
624 1382 759 1431 paucis
790 1383 911 1420 venit.
964 1382 1004 1419 Is
1036 1381 1211 1429 segniter
1242 1393 1324 1416 rem
1356 1377 1421 1427 agi
1452 1377 1501 1414 ab
1520 1376 1544 1412 8

74 1452 260 1504 Scipione
291 1457 452 1504 questus
485 1457 561 1500 6825,
609 1454 716 1504 quod
762 1468 839 1492 non
878 1455 958 1492 iam
997 1453 1217 1491 exercitum
1248 1451 1290 1488 in
1321 1448 1502 1487 Africam

77 1526 319 1573 traiecisset,
366 1527 560 1577 perculsis
610 1525 1030 1575 Carthaginiensibus,
1086 1524 1266 1575 Syphace
1311 1521 1504 1572 impedito

73 1598 254 1636 finitimis
284 1599 415 1645 bellis,
447 1611 561 1648 quem
593 1602 743 1635 certum
774 1598 931 1645 habere,
972 1599 1005 1636 si
1037 1598 1209 1648 spatium
1241 1597 1292 1634 ad
1324 1609 1412 1641 sua,
1462 1596 1505 1630 ut

74 1671 193 1719 velit,
237 1671 510 1721 componenda
555 1671 682 1718 detur,
728 1670 831 1707 nihil
876 1671 1030 1708 sincera
1074 1669 1152 1707 fide
1195 1682 1282 1706 cum
1312 1665 1504 1705 Romanis

75 1747 266 1781 acturum.
340 1744 603 1790 Hortaretur,
656 1742 882 1780 stimularet
927 1742 1175 1793 Scipionem,
1225 1754 1275 1778 ne
1321 1740 1550 1785 cessaret39

75 1829 127 1863 se,
158 1828 386 1866 quanquam
417 1829 540 1865 regno
578 1816 715 1865 pulsus
760 1818 881 1862 esset,
928 1829 1014 1852 cum
1058 1815 1165 1851 haud
1212 1809 1506 1850 contemnendis

77 1888 203 1939 copiis
233 1887 447 1926 affuturum
471 1887 647 1938 peditum
674 1887 946 1937 equitumque.
993 1886 1075 1925 Nec
1101 1886 1180 1936 ipsi
1195 1885 1325 1922 Laelio
1353 1896 1505 1921 moran-

78 1960 171 1998 dum
202 1961 245 1998 in
261 1959 404 1998 Africa
436 1973 538 2006 esse3
571 1960 733 1997 classem
766 1959 924 1997 credere
962 1958 1179 2009 profectam
1211 1955 1505 2004 aCarthagine,

77 2046 166 2070 cum
197 2046 296 2082 qua,
328 2033 489 2071 absente
528 2030 733 2082 Scipione,
765 2046 844 2069 non
886 2032 980 2069 satis
1025 2034 1154 2068 tutum
1201 2042 1283 2067 esse
1326 2028 1506 2065 contrahi

77 2109 287 2143 certamen.
332 2104 399 2142 Ab
426 2104 500 2142 hoc
527 2117 706 2142 sermone
732 2103 894 2141 dimisso
911 2103 1141 2149 Masinissa,
1171 2102 1320 2139 Laelius
1346 2103 1505 2151 postero

78 2177 142 2215 die
172 2191 292 2215 naves
324 2177 460 2227 praeda
492 2179 652 2214 onustas
684 2176 732 2213 ab
764 2175 954 2226 Hippone
987 2175 1129 2221 solvit,
1173 2178 1434 2222 revectusque
1466 2171 1506 2208 in

78 2249 264 2288 Siciliam
294 2249 481 2287 mandata
511 2247 738 2285 Masinissae
772 2246 956 2298 Scipioni
988 2247 1182 2297 exposuit.

191 2321 352 2360 Eisdem
383 2321 504 2358 ferme
537 2319 676 2357 diebus
708 2334 842 2370 naves,
876 2332 962 2370 quae
994 2320 1042 2356 ab
1075 2318 1317 2366 Carthagine
1350 2315 1399 2352 ad
1425 2314 1510 2352 Ma·
1530 2316 1552 2351 2

78 2407 220 2444 gonem
250 2395 378 2432 missae
424 2395 553 2439 erant,
596 2392 702 2429 inter
733 2391 1014 2441 Albingaunos
1045 2390 1216 2439 Ligures
1248 2388 1507 2436 Genuamque

79 2469 339 2505 accesserunt.
384 2465 435 2503 In
465 2464 514 2503 iis
540 2464 638 2502 locis
654 2467 738 2501 tum
769 2464 872 2501 forte
889 2463 1009 2512 Mago
1025 2462 1187 2500 tenebat
1218 2461 1400 2506 classe1n3
1432 2459 1511 2510 qui,
1530 2459 1551 2496 3

79 2539 300 2588 legatorum
330 2537 478 2576 auditis
508 2536 659 2582 verbis,
686 2535 906 2573 iubentium
938 2535 1134 2572 exercitus
1166 2546 1283 2583 quam
1315 2532 1507 2569 maximos

80 2623 319 2661 comparare,
350 2609 547 2660 extemplo
565 2607 774 2647 Gallorum
805 2610 844 2645 et
860 2607 1054 2656 Ligurum
1086 2607 1272 2655 (namque
1301 2605 1508 2653 utriusque

81 2683 212 2734 gentis
243 2683 382 2732 ingens
402 2682 461 2720 ibi
485 2680 700 2720 multitudo
729 2681 829 2729 erat)
863 2678 1077 2716 concilium
1103 2677 1256 2723 habuit,
1287 2680 1325 2713 et
1351 2676 1509 2713 missum
1527 2675 1551 2711 4
