1789 2955
272 76 353 116 188
665 71 782 106 Liber
806 68 953 104 XXIX.
1006 69 1067 113 (A.
1095 81 1129 103 u.
1158 81 1187 104 c.
1214 69 1311 113 549.)

201 204 250 239 lo'
268 202 370 239 tidie
414 200 568 239 levibus
615 199 854 236 certabatur.
929 198 976 245 Q.
1009 196 1229 234 Pleminius
1260 195 1462 242 Romano,
1493 195 1701 232 Hamilcar

271 273 424 310 Punico
456 270 641 322 praesidio
668 275 856 321 praeerat3
888 272 1128 307 arcessentes
1154 281 1201 304 ex
1225 267 1462 317 propinquis
1486 268 1584 305 locis
1611 267 1699 305 sub-

205 347 253 383 17
273 345 376 383 sidia
408 344 542 394 copias
575 344 785 392 augebant.
830 343 923 392 Ipse
948 344 1147 392 postremo
1178 340 1362 377 veniebat
1379 339 1597 386 Hannibal,
1629 352 1700 377 nec

271 417 554 455 sustinuissent
583 415 777 461 Romani,
809 415 888 452 nisi
918 413 1177 451 Locrensium
1209 412 1435 459 multitudo,
1467 412 1703 449 exacerbata

274 488 465 539 superbia
496 491 614 537 atque
645 487 817 525 avaritia
847 487 1074 531 Poenorum,
1115 484 1165 521 ad
1195 484 1396 522 Romanos
1427 484 1672 522 inclinasset.

387 559 567 611 Scipioni
597 563 641 596 ut
670 559 896 596 nuntiatum
928 562 1006 604 est,
1039 557 1081 594 in
1111 556 1259 594 maiore
1299 556 1531 594 discrimine
1562 555 1703 593 Locris

233 635 354 672 &rem
399 634 503 672 verti
548 633 756 682 ipsumque
802 630 1075 668 Hannibalem
1129 628 1365 678 adventare,
1413 642 1460 665 ne
1516 627 1704 678 praesidio

273 707 391 744 etiam
410 705 718 755 periclitaretur,
743 702 848 740 haud
864 702 973 740 facili
991 701 1083 738 inde
1100 704 1275 750 receptu,
1309 704 1347 738 et
1364 701 1448 751 ipse
1465 715 1488 738 a
1504 700 1701 746 Messana,

272 779 317 817 L.
337 776 525 827 Scipione
556 777 679 814 fratre
711 776 750 812 in
781 774 970 825 praesidio
998 774 1055 812 ibi
1079 773 1229 820 relicto,
1262 787 1382 824 quum
1409 774 1578 823 primum
1607 775 1706 810 aestu

232 852 254 888 3
274 852 417 888 fretum
434 849 667 886 inclinatum
685 850 755 897 est,
789 860 908 884 naves
932 846 1031 884 mari
1059 846 1230 883 secundo
1250 846 1370 883 misit.
1416 845 1469 883 Et
1486 844 1707 891 Hannibal,

273 937 296 961 a
326 923 474 960 Buloto
506 921 611 958 amni
644 920 765 969 (haud
797 919 935 970 procul
961 919 994 956 is
1020 919 1069 956 ab
1102 919 1200 955 urbe
1235 917 1376 955 Locris
1409 919 1535 967 abest)
1567 917 1706 955 nuntio

274 995 489 1045 praemisso,
519 997 564 1030 ut
595 993 656 1030 sui
687 993 774 1030 luce
805 992 934 1041 prima
958 1004 1110 1028 summa
1135 991 1174 1027 vi
1198 990 1382 1040 proelium
1412 1003 1498 1027 cum
1515 989 1708 1027 Romanis

275 1082 320 1105 ac
336 1066 606 1105 Locrensibus
634 1068 895 1109 consererent,
930 1063 1021 1100 dum
1042 1063 1137 1113 ipse,
1171 1062 1319 1100 aversis
1344 1062 1529 1099 omnibus
1555 1063 1595 1099 in
1621 1075 1707 1099 eum

240 1139 508 1185 4tumultum,
539 1138 588 1175 ab
619 1141 734 1186 tergo
767 1137 901 1173 urbem
935 1136 1135 1173 incautam
1174 1134 1479 1184 aggrederetur,
1519 1133 1589 1171 ubi
1620 1134 1708 1171 luce

276 1215 446 1261 coeptam
486 1210 642 1247 invenit
686 1222 881 1259 pugnam,
911 1209 995 1258 ipse
1039 1207 1183 1244 necin
1229 1220 1359 1244 arcem
1405 1220 1444 1244 se
1490 1206 1708 1252 includere,

276 1283 394 1321 turba
426 1283 555 1320 locum
586 1285 714 1319 artum
747 1281 1023 1331 impediturus,
1054 1279 1196 1326 voluit,
1226 1292 1355 1329 neque
1386 1278 1531 1326 scalas,
1563 1278 1709 1328 quibus

239 1355 492 1393 5scanderet
522 1367 673 1401 murOS,
720 1354 919 1391 attulerat.
980 1351 1158 1390 Sarcinis
1202 1352 1244 1388 in
1290 1364 1474 1389 acervum
1505 1351 1708 1397 coniectis,

283 1441 403 1478 quum
435 1427 541 1464 haud
573 1426 715 1476 procul
747 1425 869 1462 muris
901 1425 951 1463 ad
980 1428 1171 1462 terrorem
1211 1423 1386 1461 hostium
1426 1423 1550 1460 aciem
1582 1425 1709 1460 osten·

277 1500 410 1546 disset,
443 1513 531 1536 cum
563 1499 766 1548 equitibus
797 1498 984 1536 Numidis
1017 1495 1376 1545 circumequitabat
1411 1495 1569 1542 urbem,
1617 1494 1708 1532 dum

279 1572 406 1618 scalae,
440 1584 607 1621 quaeque
633 1571 712 1608 alia
737 1570 786 1608 ad
810 1568 1120 1621 oppugnandum
1148 1581 1246 1617 opus
1271 1570 1397 1614 erant,
1424 1570 1628 1618 parantur,
1661 1566 1711 1604 ad

238 1643 504 1690 6visendum,
551 1657 629 1693 qua
660 1643 828 1681 maxime
873 1646 986 1692 parte
1026 1640 1328 1689 aggrederetur.
1386 1640 1629 1688 Progressus
1661 1638 1711 1676 ad

280 1730 456 1762 murum,
504 1716 714 1766 scorpione
761 1715 860 1762 icto,
907 1714 977 1764 qui
1023 1713 1227 1763 proximus
1277 1726 1363 1750 eum
1394 1713 1496 1750 forte
1537 1714 1710 1756 steterat,

278 1789 444 1826 territus
476 1788 569 1826 inde
599 1791 680 1825 tam
711 1787 936 1837 periculoso
969 1799 1061 1823 casu
1098 1785 1279 1835 receptui
1310 1798 1452 1822 canere
1484 1797 1603 1834 quum
1635 1783 1711 1820 ius—

238 1862 259 1897 7
278 1862 404 1907 sisset,
437 1864 565 1898 castra
596 1861 737 1911 procul
769 1860 818 1898 ab
851 1860 933 1896 ictu
962 1858 1035 1895 teli
1067 1857 1294 1895 communit.
1358 1855 1506 1894 Classis
1530 1856 1712 1893 Romana

276 1947 297 1969 a
342 1933 528 1970 Messana
573 1932 724 1970 Locros
780 1932 933 1982 aliquot
977 1931 1087 1969 horis
1141 1930 1205 1967 die
1261 1932 1472 1978 superante
1525 1928 1708 1975 accessit;

280 2005 450 2055 expositi
468 2019 601 2042 omnes
627 2019 646 2042 e
673 2003 841 2042 navibus
867 2007 905 2040 et
929 2006 1018 2040 ante
1045 2015 1226 2040 occasum
1251 2001 1348 2039 solis
1371 2001 1512 2038 urbem
1539 1999 1711 2049 ingressi

234 2079 258 2115 8
277 2080 380 2117 sunt.
441 2077 609 2115 Postero
642 2077 705 2114 die
737 2080 866 2126 coepta
898 2088 946 2113 ex
978 2089 1068 2112 arce
1101 2090 1122 2113 a
1147 2074 1285 2112 Poenis
1316 2087 1462 2124 pugna,
1493 2076 1532 2110 et
1557 2072 1710 2110 Hanni-

277 2149 355 2196 bal,
390 2149 468 2187 iani
500 2149 620 2186 scalis
654 2149 824 2198 aliisque
858 2147 1038 2186 omnibus
1084 2147 1133 2184 ad
1178 2146 1517 2197 oppugnationem
1551 2144 1712 2195 paratis,

279 2222 439 2259 subibat
470 2235 614 2268 muros,
645 2234 765 2271 quum
797 2223 961 2270 repente
994 2220 1035 2257 in
1067 2233 1156 2257 eum
1188 2219 1289 2256 nihil
1324 2219 1453 2255 minus
1485 2231 1601 2267 quam
1632 2216 1712 2254 tale

237 2295 259 2331 9
279 2294 490 2344 quicquam
522 2294 728 2330 timentem
759 2293 958 2342 patefacta
1000 2294 1117 2342 porta
1157 2294 1369 2341 erumpunt
1398 2289 1581 2328 Romani.
1643 2287 1711 2325 Ad

281 2367 490 2412 ducentos,
537 2364 782 2415 improvidos
828 2377 946 2414 quum
993 2364 1251 2410 invasissent,
1307 2362 1514 2408 occidunt;
1562 2363 1711 2398 ceteros

282 2438 500 2485 Hannibal,
530 2440 575 2475 ut
607 2437 806 2475 consulem
839 2436 973 2473 adesse
1006 2436 1146 2482 sensit,
1178 2436 1220 2472 in
1253 2438 1382 2473 castra
1421 2433 1582 2483 recipit,
1614 2445 1712 2470 nun-

281 2510 419 2560 tioque
450 2510 571 2547 misso
603 2509 653 2547 ad
685 2522 763 2556 eos,
794 2509 862 2558 qui
894 2508 935 2545 in
966 2521 1056 2545 arce
1090 2511 1212 2554 erant,
1248 2511 1293 2544 ut
1323 2506 1484 2544 sibimet
1513 2505 1591 2555 ipsi
1622 2518 1710 2542 con·

212 2583 262 2619 lO
279 2583 464 2629 sulerent,
494 2584 609 2619 nocte
636 2581 754 2618 motis
779 2581 919 2618 castris
944 2579 1059 2617 abiit.
1106 2579 1160 2616 Et
1185 2578 1255 2628 qui
1278 2579 1320 2615 in
1346 2591 1436 2615 arce
1469 2579 1592 2623 erant,
1625 2575 1711 2626 igni

282 2655 427 2692 iniecto
458 2654 587 2701 tectis,
617 2666 704 2702 quae
725 2653 926 2700 tenebant,
957 2655 1001 2689 ut
1025 2652 1057 2689 is
1079 2650 1272 2689 tumultus
1297 2650 1450 2687 hostem
1477 2650 1712 2694 moraretur,
