1768 2943
236 93 317 133 132
655 90 759 122 Liber
777 91 904 122 XXIII.
948 92 1003 134 (A.
1025 103 1056 123 u.
1081 103 1108 123 e.
1129 92 1222 135 538.)

231 229 444 271 praetorem
476 223 706 260 Romanum
738 224 971 261 Marcellum
1005 223 1232 269 Claudium,
1267 225 1333 273 qui
1358 223 1522 262 Casilini
1555 237 1644 262 cum

231 294 404 329 exercitu
445 300 542 338 erat,
582 295 742 331 mittunt
783 295 1028 343 docentque,
1069 302 1222 343 quanto
1261 296 1301 332 in
1334 296 1564 333 discrimine
1597 297 1646 333 sit

229 362 391 400 Nolana
415 376 497 401 res:
532 377 671 413 agrum
699 363 940 402 Hannibalis
969 377 1059 402 esse
1087 371 1127 401 et
1153 366 1383 411 Poenorum,
1418 367 1555 402 urbem
1582 379 1645 402 ex-

162 431 211 471 11
229 434 380 483 templo
406 434 591 479 futuram,
617 435 657 471 ni
682 435 956 479 subveniatur;
991 437 1264 473 concedendo
1289 436 1421 485 plebei
1446 443 1644 480 senatum,

229 505 295 540 ubi
322 505 455 549 velint,
482 505 714 542 defecturos
740 517 796 549 se,
823 518 874 542 ne
893 505 1067 543 deficere
1085 506 1420 555 praefestinarent,
1446 506 1644 543 effecisse.

161 572 214 612 12
229 576 456 621 Marcellus,
482 576 722 613 collaudatis
740 575 922 621 Nolanis,
946 577 1091 613 eadem
1118 576 1373 613 simulatione
1391 576 1542 612 extrahi
1560 588 1646 612 rem

228 646 268 682 in
288 658 401 683 suum
421 645 639 683 adventum
657 647 788 691 iussit;
808 647 965 683 interim
984 648 1117 691 celari,
1138 659 1226 695 quae
1239 659 1375 683 secum
1390 652 1480 683 acta
1494 652 1644 689 essent,

161 712 213 753 13
230 728 424 765 spemque
456 729 621 754 omnem
651 717 782 754 auxilii
815 718 1002 754 Romani.
1066 717 1156 766 Ipse
1190 730 1212 753 a
1242 716 1421 754 Casilino
1447 716 1644 753 Caiatiam

228 787 339 835 petit,
359 793 480 835 atque
492 787 589 824 inde
603 788 802 825 Vulturno
817 789 924 825 amni
939 789 1120 833 traiecto,
1135 800 1206 836 per
1219 800 1357 836 agrum
1372 787 1646 824 Saticulanum

227 857 557 906 Trebianumque
591 871 710 907 super
732 859 962 895 Suessulam
995 871 1067 907 per
1093 864 1253 895 montes
1278 858 1425 894 Nolam
1449 857 1643 906 pervenit.

118 922 163 966 15
346 928 427 964 Sub
467 930 685 965 adventum
725 930 907 978 praetoris
947 930 1121 966 Romani
1161 930 1309 966 Poenus
1349 940 1448 977 agro
1481 926 1644 964 Nolano

228 1000 399 1036 excessit
437 1005 477 1036 et
515 1001 569 1036 ad
600 1012 710 1036 mare
743 1001 924 1049 proxime
957 999 1172 1048 Neapolim
1206 998 1433 1043 descendit,
1475 999 1645 1047 cupidus

227 1070 412 1106 maritimi
441 1071 583 1119 oppidi
610 1071 811 1119 potiundi,
841 1083 922 1118 quo
951 1082 1088 1107 cursus
1113 1070 1282 1106 navibus
1307 1075 1413 1106 tutus
1438 1082 1486 1105 ex
1511 1068 1646 1105 Africa

187 1137 214 1177 2
229 1146 337 1177 esset
345 1152 353 1185 ;
380 1146 557 1177 ceterum
582 1147 800 1189 postquam
817 1141 1035 1190 Neapolim
1057 1153 1082 1177 a
1099 1140 1291 1189 praefecto
1309 1141 1499 1176 Romano
1518 1139 1644 1176 teneri

228 1211 386 1259 accepit
408 1209 479 1261 (M.
504 1211 640 1249 Iunius
659 1212 817 1248 Silanus
843 1218 940 1256 erat,
966 1213 1017 1248 ab
1041 1212 1138 1260 ipsis
1156 1210 1438 1260 Neapolitanis
1464 1207 1644 1259 accitus),

183 1278 400 1330 3Neapoli
434 1294 610 1330 quoque,
651 1283 753 1319 sicut
784 1282 902 1327 Nola,
937 1282 1087 1319 omissa
1120 1283 1220 1331 petit
1251 1281 1479 1319 Nuceriam.
1543 1280 1646 1316 Eam

227 1364 348 1400 quum
377 1353 625 1401 aliquamdiu
654 1353 990 1397 circumsedisset,
1028 1365 1135 1402 saepe
1163 1353 1212 1397 vi,
1245 1365 1352 1401 saepe
1381 1351 1645 1388 sollicitandis

223 1423 496 1472 nequicquam
528 1436 635 1460 nunc
668 1425 800 1472 plebe,
834 1436 942 1460 nunc
974 1423 1234 1472 principibus,
1269 1423 1376 1459 fame
1409 1422 1572 1458 demum
1605 1421 1645 1457 in

225 1493 481 1530 deditionem
511 1495 681 1543 accepit,
717 1499 872 1542 pactus,
904 1500 947 1530 ut
972 1495 1147 1530 inermes
1176 1506 1266 1530 cum
1294 1493 1459 1542 singulis
1486 1492 1643 1528 abirent

181 1561 487 1602 4vestimentis.
537 1565 712 1609 Deinde,
739 1570 782 1600 ut
806 1565 872 1613 qui
897 1577 921 1600 a
947 1564 1145 1613 principio
1169 1564 1273 1600 mitis
1292 1564 1479 1600 omnibus
1496 1562 1642 1599 Italicis

225 1641 368 1684 praeter
400 1636 611 1672 Romanos
650 1636 775 1672 videri
815 1635 945 1679 vellet,
986 1635 1150 1683 praemia
1188 1639 1309 1682 atque
1342 1635 1532 1679 honores,
1576 1632 1642 1681 qui

182 1702 491 1743 5remanserint
514 1718 562 1743 ac
586 1706 754 1742 militare
779 1717 916 1742 secum
942 1706 1175 1749 voluissent,
1202 1704 1428 1754 proposuit.
1482 1703 1570 1740 Nec
1593 1715 1642 1739 ea

227 1788 298 1825 spe
323 1789 568 1825 quemquam
591 1777 737 1820 tenuit;
765 1776 910 1825 dilapsi
935 1788 1092 1820 omnes,
1119 1787 1363 1824 quocunque
1381 1775 1556 1823 hospitia
1574 1780 1642 1810 aut

227 1847 412 1884 fortuitus
445 1847 568 1883 animi
600 1847 773 1895 impetus
806 1846 905 1890 tulit,
939 1859 1011 1895 per
1035 1845 1271 1895 Campaniae
1303 1846 1435 1889 urbes,
1469 1845 1641 1881 maxime

184 1914 371 1954 ssNolam
404 1917 714 1966 Neapolimque.
793 1916 927 1962 Quum
968 1916 1093 1952 ferme
1135 1916 1296 1965 triginta
1329 1921 1553 1959 senatores,
1594 1926 1640 1951 ac

228 1987 331 2023 forte
364 1987 514 2036 primus
540 1988 723 2036 quisque,
758 1986 943 2035 Capuam
967 1987 1177 2035 petissent,
1211 1986 1360 2023 exclusi
1385 1986 1494 2030 inde,
1530 1986 1643 2034 quod

227 2062 365 2105 portas
383 2057 604 2094 Hannibali
629 2058 879 2102 clausissent,
907 2056 1056 2094 Cumas
1080 2068 1123 2093 se
1142 2057 1410 2093 contulerunt.
1459 2055 1642 2092 Nuceriae

226 2129 364 2175 praeda
396 2129 508 2165 militi
541 2129 638 2164 data
671 2134 743 2173 est,
777 2129 871 2164 urbs
904 2128 1062 2177 direpta
1094 2132 1215 2175 atque
1247 2127 1428 2163 incensa.

188 2195 210 2235 7
346 2198 495 2235 Nolam
523 2199 736 2235 Marcellus
770 2211 855 2235 non
893 2199 952 2235 sui
984 2198 1113 2247 magis
1143 2197 1291 2235 fiducia
1317 2196 1492 2246 praesidii
1520 2208 1642 2244 quam

227 2270 433 2306 voluntate
457 2269 680 2318 principum
710 2270 905 2313 habebat;
934 2269 1048 2317 plebs
1073 2269 1299 2311 timebatur,
1330 2273 1369 2303 et
1386 2273 1479 2303 ante
1498 2278 1640 2303 omnes

227 2339 273 2376 L.
299 2339 481 2384 Bantius,
515 2351 634 2387 quern
659 2340 909 2376 conscientia
933 2345 1097 2376 tentatae
1123 2337 1366 2375 defectionis
1391 2349 1437 2374 ac
1463 2342 1592 2373 metus
1617 2348 1641 2372 a

227 2415 399 2458 praetore
424 2411 613 2447 Romano
639 2422 746 2446 nunc
771 2411 825 2446 ad
849 2410 1125 2459 proditionem
1148 2409 1299 2458 patriae,
1324 2419 1444 2451 nunc,
1471 2408 1502 2444 si
1526 2406 1641 2443 adid

185 2476 212 2517 8
228 2480 389 2517 fortuna
407 2481 615 2526 defuisset,
642 2481 696 2517 ad
714 2480 1065 2530 transfugiendum
1083 2479 1324 2517 stimulabat.
1374 2477 1470 2514 Erat
1487 2477 1640 2514 iuvenis

228 2562 321 2587 acer
360 2557 400 2587 et
441 2552 642 2588 sociorum
683 2563 731 2587 ea
764 2556 1005 2599 tempestate
1037 2562 1165 2599 prope
1197 2548 1468 2586 nobilissimus
1501 2559 1638 2595 eques.

226 2620 481 2658 Seminecem
505 2634 596 2658 eum
620 2622 674 2658 ad
699 2620 863 2657 Cannas
888 2621 927 2657 in
953 2632 1097 2658 acervo
1123 2631 1319 2657 caesorum
1342 2630 1556 2667 corporum
1581 2618 1641 2669 in-
