1789 2955
202 80 284 118 214
587 77 702 112 Liber
727 76 875 113 XXIX.
925 79 988 120 (A.
1014 89 1049 112 u.
1075 89 1104 112 c.
1133 79 1227 121 550.)

199 207 352 242 rest-are
386 204 683 242 dimicationem
732 204 942 251 cernebat,
989 204 1180 254 optimum
1226 207 1336 242 ratus
1383 219 1470 242 cum
1512 206 1641 244 fratre

131 278 173 316 ll
197 276 380 325 patruele
411 276 583 325 gratiam
610 276 885 323 reconciliare,
917 276 1061 322 missis,
1095 275 1165 325 qui
1190 279 1228 313 et
1245 289 1368 325 puero
1393 289 1503 326 spem
1534 275 1636 314 face-

197 351 297 394 rent,
329 347 362 384 si
394 347 434 384 in
466 346 583 384 fidem
599 347 823 385 Masinissae
855 361 939 385 sese
970 347 1227 397 permisisset,
1258 347 1437 384 futurum
1470 361 1557 386 eum
1589 348 1630 384 in

198 418 334 456 eodem
366 417 527 465 honore,
575 432 652 469 quo
699 419 808 469 apud
840 418 981 457 Galam
1015 419 1192 456 OEzalces
1239 420 1439 468 quondam
1485 420 1639 467 fuisset,

130 493 180 531 12
200 494 238 527 et
271 490 369 541 [qui]
402 490 633 528 Mazaetullo
664 494 812 540 praeter
853 491 1133 541 impunitatem
1173 504 1244 528 sua
1275 491 1407 528 omnia
1438 504 1525 528 cum
1555 490 1637 528 fide

197 563 357 600 restitui
388 562 644 612 sponderent,
676 563 792 601 ambo
823 566 1094 613 praeoptantes
1127 562 1270 600 exsilio
1295 563 1493 600 modicam
1528 562 1636 600 domi

198 634 416 684 fortunam,
449 635 593 681 omnia,
624 648 673 671 ne
705 635 747 671 id
773 634 897 681 fieret,
932 634 1330 682 Carthaginiensibus
1362 634 1410 672 de
1438 634 1640 672 industria

197 707 422 755 agentibus,
453 706 504 743 ad
536 720 619 744 sese
650 706 851 756 perduxit.

62 774 111 823 31
314 778 549 815 Hasdrubal
593 783 678 816 tum
719 779 842 825 forte,
875 792 996 827 quum
1027 778 1110 814 haec
1143 778 1395 826 gerebantur,
1426 777 1532 827 apud
1565 775 1637 826 Sy-

195 850 359 901 phacem
392 853 493 897 erat;
528 850 597 900 qui
614 850 813 896 Numidae,
837 849 945 887 haud
971 862 1065 886 sane
1091 849 1259 886 multum
1284 849 1334 887 ad
1362 862 1402 887 se
1435 849 1638 899 pertinere

199 922 399 969 credenti,
445 925 578 959 utrum
625 935 745 971 penes
777 921 1027 958 Lacumazen
1069 935 1120 958 an
1165 921 1421 958 Masinissam
1468 934 1635 970 regnum

158 997 179 1032 2
199 995 473 1032 Maesuliorum
506 996 619 1040 esset,
665 993 751 1030 falli
794 1006 882 1030 eum
915 1006 1156 1042 magnopere
1189 993 1266 1040 ait,
1313 993 1347 1030 si
1379 992 1636 1030 Masinissam

201 1066 347 1104 eisdem
382 1068 613 1104 contentum
645 1065 747 1111 fore,
793 1065 938 1115 quibus
984 1068 1139 1115 patrem
1174 1063 1317 1102 Galam
1349 1068 1417 1102 aut
1447 1067 1636 1114 patruum

201 1138 285 1175 eius
317 1138 517 1184 OEzalcen,
566 1137 719 1183 credat;
758 1137 883 1174 multo
925 1137 1115 1174 maiorem
1146 1137 1320 1175 indolem
1358 1137 1401 1174 in
1439 1150 1484 1174 eo
1516 1137 1640 1174 animi

202 1210 435 1259 ingeniique
467 1223 572 1256 esse,
619 1223 735 1258 quam
777 1209 818 1245 in
850 1209 935 1246 ullo
967 1210 1097 1258 gentis
1143 1209 1229 1246 eius
1259 1222 1435 1258 unquam
1480 1209 1641 1254 fuisset3

159 1283 181 1319 3
200 1295 304 1332 saepe
337 1296 424 1319 eum
458 1282 499 1318 in
530 1280 732 1330 Hispania
762 1294 864 1318 rarae
896 1281 1002 1318 inter
1033 1282 1213 1319 homines
1243 1281 1408 1323 virtutis
1439 1281 1641 1330 specimen

201 1353 356 1391 dedisse
402 1353 521 1391 sociis
567 1353 721 1403 pariter
752 1353 1035 1402 hostibusque3
1068 1358 1105 1391 et
1137 1352 1357 1403 Syphacem
1397 1356 1436 1390 et
1471 1352 1640 1390 Cartha·

203 1426 417 1475 ginienses,
435 1426 514 1463 nisi
533 1426 726 1463 orientem
759 1426 872 1462 illum
890 1425 1023 1474 ignem
1041 1426 1344 1475 oppressissent,
1375 1425 1531 1473 ingenti
1550 1438 1642 1462 mox

159 1501 183 1536 4
203 1497 401 1544 incendio,
433 1512 554 1547 quum
586 1499 663 1536 iam
695 1498 844 1535 nullam
882 1511 994 1547 opem
1027 1498 1131 1534 ferre
1157 1500 1330 1547 possent,
1362 1510 1542 1542 arsuros;
1575 1497 1642 1533 ad-

202 1569 279 1606 huc
311 1573 469 1607 teneras
517 1575 556 1607 et
601 1570 766 1619 fragiles
813 1570 920 1607 vires
952 1570 1035 1606 eius
1075 1583 1170 1616 esse,
1215 1569 1382 1606 vixdum
1416 1569 1642 1606 coalescens

202 1640 375 1678 foventis
407 1656 585 1691 regnum.
632 1641 826 1679 Instando
857 1641 1178 1691 stimulandoque
1204 1641 1413 1691 pervincit,
1443 1644 1489 1677 ut
1531 1654 1643 1678 exer-

162 1714 183 1751 5
204 1713 324 1750 citum
357 1713 407 1750 ad
437 1713 536 1751 fines
570 1713 846 1751 Maesuliorum
879 1714 1088 1751 admoveat
1118 1717 1239 1763 atque
1270 1714 1310 1750 in
1343 1726 1451 1762 agro,
1483 1713 1531 1749 de
1564 1726 1644 1762 quo

203 1797 307 1834 saepe
355 1798 443 1822 cum
476 1785 576 1823 Gala
617 1800 695 1823 non
740 1786 876 1823 verbis
920 1785 1036 1823 modo
1076 1785 1361 1835 disceptatum,
1406 1783 1474 1822 sed
1521 1784 1641 1822 etiam

206 1857 326 1893 armis
360 1860 555 1895 certatum
586 1858 727 1905 fuerat,
760 1861 950 1908 tanquam
982 1857 1090 1894 haud
1122 1856 1241 1894 dubie
1274 1857 1373 1894 iuris
1407 1856 1481 1903 sui,
1515 1859 1645 1893 eastra

206 1928 329 1975 locet,
363 1929 397 1966 si
428 1930 517 1979 quis
550 1933 704 1979 arceat,
752 1930 793 1967 id
826 1930 933 1979 quod
965 1930 1135 1967 maxime
1176 1942 1274 1979 opus
1307 1929 1372 1975 sit,
1403 1929 1490 1966 acie
1523 1928 1637 1966 dimi-

159 2002 181 2038 6
202 2004 403 2047 caturum3
450 2002 511 2038 sin
556 2015 626 2051 per
658 2005 807 2039 metum
839 2015 935 2050 agro
978 2002 1154 2047 cedatur,
1194 2002 1235 2038 in
1266 2000 1441 2038 medium
1472 2013 1640 2050 regnum

204 2073 398 2118 eundum;
445 2076 513 2110 aut
554 2075 638 2111 sine
681 2075 897 2112 certamine
946 2087 1200 2111 concessuros
1247 2073 1288 2110 in
1326 2073 1526 2110 dicionem
1558 2072 1644 2109 eius

163 2146 183 2180 7
204 2145 411 2182 Maesulios
445 2148 514 2183 aut
544 2159 797 2196 nequaquam
837 2159 953 2195 pares
987 2146 1142 2182 futuros
1175 2145 1307 2183 armis.
1368 2145 1445 2182 His
1475 2143 1645 2181 vocibus

207 2217 398 2254 incitatus
416 2215 581 2266 Syphax
598 2217 822 2255 Masinissae
840 2217 990 2254 bellum
1021 2217 1154 2255 infert.
1202 2217 1256 2254 Et
1280 2217 1409 2267 primo
1427 2215 1644 2254 cert-amine

206 2289 413 2326 Maesulios
444 2289 577 2326 fundit
602 2289 812 2339 fugatque3
844 2289 1060 2327 Masinissa
1078 2302 1165 2326 cum
1191 2289 1330 2338 paucis
1363 2288 1566 2338 equitibus
1595 2300 1643 2324 ex

164 2362 187 2397 ὅ
207 2361 290 2398 acie
322 2361 363 2398 in
395 2364 568 2398 montem
602 2361 778 2410 (Bellum
824 2361 969 2398 incolae
1011 2362 1170 2409 vocant)
1203 2360 1395 2410 perfugit.
1457 2358 1644 2396 Familiae

206 2433 362 2482 aliquot
408 2445 494 2469 cum
541 2433 766 2483 mapalibus
811 2433 1102 2483 pecoribusque
1148 2433 1228 2470 suis
1266 2432 1329 2482 (ea
1358 2431 1528 2482 pecunia
1559 2430 1645 2467 illis

207 2506 282 2554 est)
315 2504 514 2554 persecuti
546 2508 636 2541 sunt
677 2518 831 2554 regem;
877 2508 1007 2542 cetera
1037 2504 1312 2542 Maesuliorum
1353 2502 1570 2540 multitudo
1603 2502 1643 2538 in

166 2578 187 2613 9
209 2576 407 2613 dicionem
426 2574 620 2626 Syphacis
646 2576 852 2614 concessit.
902 2576 1031 2624 Quem
1057 2580 1249 2626 ceperant
1274 2575 1431 2612 exsules
1457 2579 1644 2621 montem,

207 2647 399 2685 herbidus
431 2661 684 2698 aquosusque
716 2651 796 2694 est3
837 2651 876 2685 et
916 2647 1009 2698 quia
1040 2648 1176 2698 pecori
1208 2647 1336 2685 bonus
1367 2646 1510 2684 alendo
1545 2650 1643 2695 erat,
