1789 2955
265 105 288 141 6
662 98 777 133 Liber
800 97 945 133 XXVI.
983 99 1054 145 ,(Α.
1080 110 1115 133 u.
1142 110 1170 133 c.
1196 100 1287 144 543.)

222 227 304 265 5vi
334 227 460 277 pulso,
491 226 670 275 cepisset,
703 225 743 262 in
776 225 1109 263 circumsedentes
1142 225 1319 276 Capuam
1351 239 1391 263 se
1422 227 1554 274 vertit,
1593 240 1692 277 prae-

264 298 473 347 missisque
528 297 680 334 nuntiis
737 295 930 345 Capuam,
986 311 1064 346 quo
1116 301 1294 347 tempore
1340 302 1468 335 castra
1513 298 1694 336 Romana

264 382 526 418 aggressurus
551 371 665 414 esset,
688 371 733 404 ut
758 367 896 404 eodem
924 372 963 405 et
989 368 1052 405 illi
1079 368 1130 406 ad
1157 369 1404 418 eruptionem
1423 370 1552 418 parati
1568 370 1694 419 portis

223 440 446 479 ssomnibus
497 453 537 477 se
583 439 841 485 effunderent,
889 440 1089 487 ingentem
1134 440 1308 488 praebuit
1346 444 1556 487 terrorem,
1604 454 1695 479 nam

265 513 344 550 alia
388 514 502 561 parte
549 511 633 560 ipse
675 510 837 548 adortus
878 514 947 555 est,
994 511 1072 548 alia
1112 510 1303 560 Campani
1349 525 1494 559 omnes,
1541 513 1694 562 equites

262 583 507 633 peditesque,
553 586 592 619 et
637 596 724 619 cum
765 582 814 619 iis
853 582 1050 618 Punicum
1088 583 1332 631 praesidium,
1371 584 1434 620 cui
1475 583 1618 621 Bostar
1656 587 1696 621 et

224 655 411 691 7Hanno
451 656 659 703 praeerant,
699 654 843 703 erupit.
904 653 1088 699 Romani,
1119 657 1164 690 ut
1194 655 1235 691 in
1266 669 1307 691 re
1344 655 1514 704 trepida,
1558 669 1607 692 ne
1646 655 1696 692 ad

264 739 383 763 unam
415 725 686 762 concurrendo
719 728 870 774 partem
903 725 1056 774 aliquid
1089 725 1284 763 indefensi
1315 727 1599 776 relinquerent,
1638 727 1698 764 ita

225 799 249 835 8
267 797 373 834 inter
397 810 481 834 sese
499 797 632 846 copias
649 797 789 846 partiti
806 800 917 833 sunt:
951 796 1058 845 App.
1077 796 1266 834 Claudius
1286 797 1509 847 Campanis,
1529 799 1697 836 Fulvius

265 869 490 906 Hannibali
531 872 591 905 est
631 869 860 918 oppositus3
908 868 949 905 C.
981 868 1086 905 Nero
1125 872 1347 918 propraetor
1378 883 1463 907 cum
1497 871 1697 920 equitibus

265 954 332 978 sex
364 941 565 988 legionum
596 941 672 986 via,
718 953 804 990 quae
845 938 1071 977 Suessulam
1113 940 1201 985 fert,
1248 940 1290 980 C.
1324 941 1491 979 Fulvius
1530 942 1698 979 Flaccus

266 1012 421 1060 legatus
445 1025 534 1048 cum
559 1013 696 1049 sociali
722 1013 906 1061 equitatu
930 1012 1111 1048 constitit
1128 1025 1147 1048 e
1164 1012 1328 1061 regione
1347 1012 1542 1050 Vulturni
1560 1013 1698 1049 amnis.

224 1086 246 1120 9
265 1084 461 1120 Proelium
502 1098 580 1121 non
620 1085 738 1121 solito
779 1084 893 1121 modo
936 1084 1106 1120 clamore
1138 1096 1182 1120 ac
1212 1085 1386 1120 tumultu
1417 1088 1477 1121 est
1507 1089 1702 1134 coeptum3

266 1155 335 1192 sed
367 1156 416 1192 ad
448 1156 569 1192 alium
601 1155 791 1200 virorum,
824 1168 1015 1204 equorum
1040 1168 1317 1204 armorumque
1342 1169 1480 1193 sonum
1505 1156 1699 1205 disposita

266 1227 308 1263 in
343 1227 467 1264 muris
499 1227 790 1276 Campanorum
822 1226 992 1264 imbellis
1034 1227 1249 1264 multitudo
1289 1230 1444 1264 tantum
1483 1241 1568 1264 cum
1609 1227 1700 1264 aeris

266 1299 431 1348 crepitu,
463 1299 594 1348 qualis
626 1299 666 1335 in
698 1299 856 1335 defectu
887 1299 990 1334 lunae
1018 1298 1147 1335 silenti
1173 1302 1287 1335 nocte
1313 1299 1407 1335 cieri
1432 1299 1542 1345 solet,
1575 1298 1700 1335 edidit

194 1370 244 1406 10
264 1370 489 1417 clamorem,
520 1374 565 1407 ut
595 1374 795 1408 averteret
824 1369 942 1407 etiam
973 1370 1236 1418 pugnantium
1269 1371 1429 1407 animos.
1476 1369 1700 1419 Campanos

268 1442 386 1478 facile
433 1456 455 1479 a
499 1443 603 1479 vallo
644 1441 803 1491 Appius
845 1441 1024 1487 arcebat;
1071 1442 1197 1478 maior
1237 1442 1296 1478 vis
1335 1442 1384 1479 ab
1424 1442 1550 1479 altera
1586 1445 1700 1491 parte

196 1514 244 1552 11
266 1512 456 1551 Fulvium
488 1514 695 1551 Hannibal
726 1517 764 1550 et
795 1513 911 1550 Poeni
941 1514 1150 1561 urgebant.
1211 1513 1339 1562 Legio
1372 1513 1429 1550 ibi
1460 1516 1573 1550 sexta
1612 1513 1700 1550 loco

269 1585 405 1631 cessit3
452 1599 531 1635 qua
562 1586 689 1634 pulsa,
722 1585 862 1621 cohors
893 1585 1166 1634 Hispanorum
1198 1599 1284 1622 cum
1315 1584 1447 1622 tribus
1479 1585 1700 1634 elephantis

268 1669 393 1705 usque
425 1657 475 1694 ad
506 1658 657 1694 vallum
689 1657 882 1706 pervasit;
921 1660 1163 1706 ruperatque
1195 1656 1368 1693 mediam
1399 1656 1523 1693 aciem
1554 1656 1700 1693 Roma-

269 1741 410 1765 norum
452 1733 491 1765 et
530 1730 571 1765 in
609 1729 778 1778 ancipiti
809 1741 877 1777 spe
909 1742 953 1765 ac
986 1728 1164 1778 periculo
1196 1732 1292 1774 erat,
1337 1731 1469 1765 utrum
1501 1728 1541 1764 in
1573 1730 1704 1764 castra

200 1801 249 1837 12
268 1804 548 1849 perrumperet
586 1814 634 1837 an
674 1800 1010 1837 intercluderetur
1048 1814 1070 1837 a
1109 1801 1202 1838 suis,
1266 1799 1391 1845 Quem
1430 1813 1616 1849 pavorem
1648 1799 1701 1836 le-

272 1872 402 1920 gionis
433 1872 735 1921 periculumque
767 1876 984 1909 castrorum
1003 1872 1170 1909 Fulvius
1200 1871 1270 1908 ubi
1300 1870 1412 1917 vidit,
1437 1871 1483 1918 Q.
1531 1871 1702 1908 Navium

271 1944 544 1993 primoresque
576 1944 678 1980 alios
710 1945 987 1980 centurionum
1010 1943 1204 1989 hortatur,
1234 1947 1279 1980 ut
1302 1943 1504 1980 cohortem
1527 1942 1702 1980 hostium

203 2015 343 2052 13'sub
389 2016 495 2052 vallo
540 2018 784 2064 pugnantem
826 2015 1037 2052 invadant:
1084 2015 1123 2051 in
1164 2028 1315 2052 summo
1355 2014 1582 2052 discrimine
1620 2027 1703 2051 rem

272 2087 394 2132 verti;
423 2091 491 2123 aut
514 2087 618 2124 viam
646 2086 816 2123 dandam
844 2087 893 2123 iis
920 2099 1004 2123 esse
1028 2087 1083 2134 (et
1109 2087 1260 2123 minore
1284 2089 1438 2132 conatu,
1464 2099 1582 2135 quam
1614 2098 1703 2123 con-

273 2157 435 2194 densam
469 2158 593 2195 aciem
618 2159 830 2207 rupissent,
862 2158 904 2194 in
928 2163 1057 2195 castra
1079 2158 1319 2207 irrupturos)
1346 2161 1414 2195 aut
1437 2157 1704 2195 conficiendos

205 2229 254 2266 14
273 2229 344 2266 sub
376 2229 483 2265 vallo
517 2242 620 2275 esse3
658 2243 729 2266 nec
761 2230 892 2278 magni
925 2230 1151 2267 certaminis
1181 2243 1265 2267 rem
1294 2229 1397 2275 fore3
1443 2242 1589 2278 paucos
1621 2242 1704 2266 esse

274 2304 313 2337 et
342 2300 392 2338 ab
425 2301 504 2337 suis
536 2301 792 2346 interclusos3
841 2305 879 2337 et
910 2314 1008 2350 quae,
1040 2301 1132 2338 dum
1165 2305 1309 2350 paveat
1339 2301 1555 2346 Romanus,
1584 2301 1704 2337 inter-

273 2375 394 2421 rupta
425 2372 529 2409 acies
560 2372 754 2418 videatur,
801 2385 895 2417 eam,
941 2372 975 2409 si
1013 2386 1052 2409 se
1091 2372 1280 2421 utrinque
1311 2372 1351 2409 in
1382 2372 1532 2410 hostem
1565 2375 1707 2419 vertat,

205 2443 254 2480 15
273 2444 440 2492 ancipiti
472 2457 607 2493 pugna
638 2444 788 2480 medios
821 2444 1186 2481 circumventuram.
1238 2443 1389 2481 Navius
1419 2443 1489 2480 ubi
1521 2444 1603 2480 haec
1634 2443 1706 2480 im-

275 2516 471 2564 peratoris
517 2516 623 2552 dicta
669 2515 832 2564 accepit,
879 2516 1043 2552 secundi
1084 2515 1232 2552 hastati
1276 2515 1431 2563 signum
1479 2515 1707 2564 ademptum

277 2587 471 2635 signifero
502 2588 543 2623 in
575 2587 706 2623 hostes
738 2587 870 2633 infert,
916 2586 1111 2623 iacturum
1151 2588 1190 2624 in
1229 2586 1379 2624 medios
1411 2599 1476 2623 eos
1508 2587 1707 2632 minitans,

275 2657 317 2694 ni
356 2671 396 2695 se
436 2671 606 2707 propere
637 2661 853 2707 sequantur
883 2658 1029 2695 milites
1061 2661 1099 2696 et
1128 2662 1280 2708 partein
1314 2661 1523 2707 capessant
1552 2670 1706 2706 pugnae.
