1789 2955
257 70 309 108 30
594 67 709 102 Liber
734 66 881 104 XXVI.
931 69 993 111 (A.
1019 80 1054 102 u.
1082 79 1110 102 c.
1137 69 1344 112 543—544.)

191 194 241 231 10
259 197 385 242 parat.
431 193 641 231 Adversus
673 208 771 244 quos
802 195 1062 233 Acarnanum
1093 208 1199 244 gens,
1231 199 1271 232 et
1299 196 1452 233 viribus
1485 197 1615 246 impar
1646 200 1686 234 et

258 265 336 301 iam
363 265 553 302 OEniadas
584 266 812 316 Nasumque
852 267 999 305 amissa
1037 280 1200 304 cernens
1231 267 1490 317 Romanaque
1524 269 1689 318 insuper

258 349 368 373 arma
413 338 619 387 ingruere,
666 339 725 375 ira
769 339 894 387 magis
941 339 1104 375 instruit
1149 352 1265 387 quam
1313 339 1480 376 consilio
1525 339 1688 377 bellum.

188 409 234 446 11
258 408 505 458 Coniugibus
530 410 745 459 liberisque
779 414 817 447 et
847 411 1070 448 senioribus
1102 424 1220 460 super
1251 412 1462 461 sexaginta
1492 425 1615 449 annos
1647 411 1689 447 in

257 481 523 530 propinquam
547 481 715 530 Epirum
747 482 888 526 missis,
920 483 968 519 ab
994 478 1223 531 quindecim
1255 483 1302 519 ad
1328 484 1535 531 sexaginta
1565 496 1690 521 annos

193 552 240 587 12
260 553 480 599 coniurant,
528 554 607 590 nisi
652 553 824 591 victores
869 568 909 591 se
954 567 1032 591 non
1071 553 1288 601 redituros,
1337 555 1406 604 qui
1443 555 1574 593 victus
1606 554 1691 592 acie

260 625 505 670 excessisset,
552 638 639 661 eum
671 639 719 661 ne
751 626 842 675 quis
872 626 983 671 urbe,
1029 628 1146 672 tecto,
1177 639 1322 672 mensa,
1368 626 1451 663 lare
1481 626 1690 676 reciperet,

259 695 387 732 diram
419 697 729 734 exsecrationem
762 698 803 734 in
834 699 1059 747 populares,
1098 697 1402 734 obtestationem
1435 711 1551 747 quam
1583 710 1691 735 sanc-

192 766 240 802 13
258 767 454 804 tissimam
472 772 687 817 potuerunt
704 769 894 807 adversus
912 770 1089 818 hospites
1107 773 1432 819 composuerunt,
1459 769 1691 818 precatique

258 839 375 875 simul
407 839 596 888 Epirotas
635 845 738 887 sunt,
774 845 830 888 ut,
870 843 937 891 qui
969 854 1130 879 suorum
1161 841 1202 877 in
1234 841 1316 878 acie
1349 840 1596 887 cecidissent,
1628 853 1692 878 eos

190 911 239 946 14
257 923 335 946 uno
367 912 519 949 tumulo
545 917 813 962 contegerent,
847 913 1135 962 affigerentque
1169 913 1343 950 humatis
1366 912 1547 950 titulum:
1583 912 1689 959 „Hic

258 982 325 1018 siti
357 986 449 1019 sunt
474 982 720 1034 Acarnanes,
754 986 822 1034 qui
849 985 1040 1022 adversus
1063 985 1142 1021 vim
1174 990 1292 1034 atque
1323 985 1509 1022 iniuriam
1534 984 1691 1021 AEtolo-

196 1052 244 1088 15
264 1066 351 1090 rum
383 1067 456 1103 pro
488 1057 620 1105 patria
651 1060 878 1106 pugnantes
915 1061 1080 1094 mortem
1113 1057 1424 1095 occubueruntf·
1501 1056 1580 1093 Per
1611 1056 1694 1093 haec

260 1125 436 1164 incitatis
469 1128 624 1174 animis,
667 1131 796 1165 castra
834 1129 874 1164 in
907 1129 1096 1165 extremis
1135 1129 1279 1166 finibus
1318 1130 1399 1165 suis
1439 1128 1557 1166 obvia
1586 1128 1694 1166 hosti

255 1202 486 1246 posuerunt.
550 1199 717 1237 Nuntiis
749 1200 799 1236 ad
826 1199 1063 1249 Philippum
1090 1201 1234 1246 missis,
1266 1204 1415 1250 quanto
1445 1214 1507 1238 res
1540 1201 1580 1237 in
1612 1201 1692 1237 dis-

260 1269 423 1307 crimine
455 1275 567 1318 esset,
599 1272 781 1309 omittere
814 1271 1050 1321 Philippum
1081 1272 1134 1318 id,
1167 1272 1274 1321 quod
1305 1273 1347 1309 in
1382 1273 1563 1309 manibus
1596 1275 1692 1319 erat,

260 1346 474 1390 coegerunt
515 1343 677 1388 bellum,
723 1343 1021 1393 Iamphorynna
1066 1358 1137 1394 per
1176 1344 1419 1382 deditionem
1456 1347 1616 1393 recepta
1655 1346 1692 1381 et

194 1413 241 1449 16
260 1426 454 1463 prospero
486 1416 567 1452 alio
599 1429 780 1453 successu
806 1429 950 1453 rerum.
996 1416 1223 1454 AEtolorum
1249 1417 1439 1465 impetum
1464 1416 1695 1453 tardaverat

258 1486 386 1534 primo
405 1487 691 1524 coniurationis
718 1488 823 1524 fama
847 1487 1134 1534 Acarnanicae3
1165 1488 1309 1524 deinde
1333 1488 1493 1524 auditus
1511 1487 1694 1537 Philippi

194 1557 240 1591 17
260 1558 451 1595 adventus
476 1559 637 1607 regredi
663 1559 780 1596 etiam
807 1559 848 1595 in
875 1559 1036 1596 intimos
1054 1560 1185 1607 coegit·
1211 1559 1317 1596 fines.
1363 1558 1445 1596 Nec
1462 1559 1694 1608 Philippus,

260 1643 498 1679 quanquam,
544 1644 592 1667 ne
633 1631 954 1680 opprimerentur
994 1631 1241 1678 Acarnanes,
1286 1631 1498 1668 itineribus
1538 1630 1693 1679 magnis

258 1701 370 1747 ierat¹
398 1702 505 1739 ultra
521 1703 647 1740 Dium
672 1707 730 1740 est
756 1715 1012 1752 progressus3
1044 1703 1148 1749 inde,
1175 1716 1295 1753 quum
1319 1703 1496 1740 audisset
1518 1702 1694 1739 reditum

259 1772 489 1810 AEtolorum
522 1788 568 1811 ex
600 1775 844 1821 Acarnania,
875 1778 914 1810 et
943 1775 1029 1824 ipse
1060 1774 1217 1812 Pellam
1249 1774 1382 1811 rediit.

113 1839 169 1886 26
371 1845 559 1883 Laevinus
597 1847 702 1883 veris
740 1847 940 1896 principio
987 1860 1009 1884 a
1049 1846 1222 1895 Corcyra
1266 1847 1466 1896 profectus
1512 1845 1694 1892 navibus,

259 1922 446 1966 superato
470 1918 648 1955 Leucata
671 1918 946 1968 promuntorio
972 1932 1092 1967 quum
1115 1919 1288 1957 venisset
1310 1918 1575 1967 Naupactum,
1607 1917 1693 1954 An-

259 1987 424 2035 ticyram
453 1990 545 2026 inde
570 2003 609 2026 se
633 1990 852 2039 petiturum
877 1990 1016 2036 edixit,
1048 1994 1092 2027 ut
1114 1994 1258 2040 praesto
1291 1989 1348 2026 ibi
1372 1989 1520 2039 Scopas
1545 1989 1693 2026 AEtoli—

218 2060 239 2095 2
261 2072 335 2108 que
367 2065 508 2098 essent.
570 2060 658 2098 Sita
689 2061 888 2110 Anticyra
921 2065 978 2098 est
1017 2062 1056 2098 in
1089 2061 1260 2099 Locride
1294 2062 1393 2098 laeva
1422 2064 1535 2110 parte
1565 2061 1694 2098 sinum

262 2130 563 2168 Corinthiacum
595 2133 783 2183 intranti3
830 2133 949 2170 breve
980 2137 1088 2171 terra
1120 2135 1198 2170 iter
1229 2146 1285 2179 eo,
1324 2133 1457 2170 brevis
1487 2133 1692 2181 navigatio

219 2202 240 2237 3
260 2203 308 2239 ab
341 2202 550 2252 Naupacto
584 2207 652 2241 est.
714 2204 852 2242 Tertio
883 2205 1006 2242 ferme
1037 2209 1127 2254 post
1158 2206 1222 2243 die
1245 2205 1436 2255 utrinque
1469 2205 1694 2254 oppugnari

260 2278 388 2323 coepta
420 2278 496 2321 est3
530 2276 690 2323 gravior
722 2289 744 2312 a
775 2277 874 2312 mari
906 2278 1153 2325 oppugnatio
1186 2282 1283 2323 erat,
1314 2277 1408 2326 quia
1433 2280 1471 2313 et
1493 2279 1692 2314 tormenta

259 2346 531 2395 machinaeque
557 2347 686 2384 omnis
708 2347 870 2395 'generis
902 2348 941 2384 111
972 2349 1140 2385 navibus
1173 2351 1296 2395 erant,
1327 2352 1366 2384 et
1395 2347 1569 2385 Romani
1598 2347 1691 2385 inde

259 2418 552 2467 oppugnabant.
629 2419 773 2468 Itaque
818 2419 923 2455 intra
962 2433 1108 2469 paucos
1154 2420 1238 2456 dies
1283 2422 1443 2468 recepta
1480 2419 1575 2455 urbs
1621 2432 1693 2468 per

261 2489 507 2527 deditionem
539 2491 686 2527 AEtolis
716 2490 912 2536 traditur,
943 2491 1079 2540 praeda
1111 2505 1158 2528 ex
1189 2494 1306 2540 pacto
1338 2490 1532 2528 Romanis
1563 2490 1691 2528 cessit.

219 2561 242 2595 4
261 2560 427 2598 Litterae
459 2562 623 2599 Laevino
654 2561 835 2608 redditae,
867 2563 1067 2600 consulem
1099 2576 1185 2599 eum
1209 2562 1412 2599 absentem
1445 2561 1691 2600 declaratum
