1789 2955
538 110 641 141 Liber
666 110 792 140 XXIV.
847 110 903 151 (A.
924 110 986 141 Ch.
1006 109 1099 152 2214.)
1449 111 1527 152 191

113 241 312 278 Samnites
336 242 390 277 ad
412 242 673 290 populandos
698 252 818 289 agros
835 241 1173 289 recipiendasque
1193 242 1325 286 armis,
1352 254 1440 290 quae
1459 243 1530 277 de-

113 311 304 355 fecerant,
325 312 442 348 urbes
460 312 668 360 processit.
704 310 913 348 Caudinus
926 311 1084 347 Samnis
1101 311 1259 359 gravius
1275 313 1526 348 devastatus:
1544 311 1571 350 4

112 382 261 429 perusti
286 381 364 417 late
389 382 487 430 agri,
513 383 660 430 praedae
685 382 889 430 pecudum
914 381 1204 429 hominumque
1225 388 1345 425 actae;
1373 381 1569 431 oppida5

112 452 147 488 vi
171 458 288 501 capta
315 451 602 501 Compulteria,
629 452 804 497 Telesia,
833 452 1014 500 Compsa
1038 453 1148 496 inde,
1177 451 1369 500 Fugifulae
1397 458 1437 488 et
1455 452 1529 489 Or-

111 523 305 558 bitanium
338 535 386 559 ex
410 523 598 567 Lucanis,
632 522 790 558 Blanda
819 528 858 558 et
882 523 1104 571 Apulorum
1128 522 1239 558 AEcae
1267 529 1527 571 oppugnatae.

111 593 234 629 Millia
260 593 434 630 hostium
459 594 499 629 in
525 593 584 629 his
608 595 771 630 urbibus
795 594 933 642 viginti
959 594 1135 641 quinque
1162 598 1279 641 capta
1305 599 1374 629 aut
1392 594 1527 629 occisa
1543 594 1567 631 ὕ

110 668 150 699 et
182 663 332 712 recepti
364 662 543 712 perfugae
576 665 743 700 trecenti
767 665 1043 712 septuaginta;
1079 676 1181 712 quos
1204 676 1326 711 quum
1354 664 1528 700 Romam

109 733 282 770 misisset
314 734 467 777 consul,
502 734 619 782 virgis
651 735 693 770 in
717 735 882 771 comitio
907 735 998 771 caesi
1022 746 1165 770 omnes
1188 746 1235 770 ac
1259 734 1311 769 de
1335 746 1432 770 saxo
1457 735 1527 770 de-

109 804 214 840 iecti.
278 803 376 840 Haec
409 816 432 840 a
461 804 512 849 Q.
540 804 666 840 Fabio
695 806 797 840 intra
824 817 979 853 paucos
1007 805 1095 841 dies
1123 811 1258 853 gesta;
1293 804 1526 840 Marcellum
1544 803 1565 842 ’ἶ

110 875 159 910 ab
175 874 384 922 ,gerundis
416 875 535 910 rebus
558 875 747 912 valetudo
771 877 942 912 adversa
965 874 1079 911 Nolae
1106 875 1246 910 tenuit.
1310 874 1360 910 Et
1383 887 1406 910 a
1428 887 1528 922 prae-
1543 874 1567 913 8

109 944 287 990 tore.Q.
321 945 462 989 Fabio,
508 945 571 981 cui
614 946 720 982 circa
750 945 962 982 Luceriam
1000 945 1207 994 provincia
1248 951 1345 988 erat,
1389 946 1527 981 Acuca

109 1015 306 1063 oppidum
344 1027 414 1063 per
453 1028 525 1052 eos
565 1016 653 1053 dies
685 1017 721 1051 vi
754 1022 930 1065 captum,
970 1017 1193 1063 stativaque
1227 1015 1281 1051 ad
1313 1016 1526 1051 Ardaneas

109 1085 368 1121 communita.

224 1154 331 1191 Dum
356 1156 440 1193 haec
465 1156 552 1193 aliis
569 1157 668 1193 locis
689 1158 739 1193 ab
758 1157 955 1193 Romanis
972 1162 1177 1205 geruntur,
1207 1157 1285 1192 iam
1305 1156 1526 1192 Tarentum
1543 1158 1567 1195 9

106 1231 345 1274 pervenerat
367 1226 573 1263 Hannibal
605 1239 694 1263 cum
720 1228 894 1263 maxima
918 1228 1111 1271 omnium,
1146 1239 1389 1275 quacunque
1411 1227 1523 1271 ierat,

107 1296 244 1340 clade;
277 1297 318 1332 in
346 1296 570 1334 Tarentino
604 1298 767 1334 demum
800 1310 898 1346 agro
932 1303 1120 1346 pacatum
1153 1298 1344 1334 incedere
1378 1310 1526 1345 agmen
1544 1296 1597 1336 10

107 1367 241 1415 coepit.
303 1366 410 1403 Nihil
441 1368 495 1403 ibi
527 1368 718 1404 violatum
751 1380 884 1416 neque
917 1380 1087 1416 usquam
1119 1368 1181 1403 via
1215 1380 1424 1404 excessum
1450 1374 1523 1412 est,

105 1438 422 1486 apparebatque,
446 1450 531 1475 non
555 1439 599 1474 id
615 1440 818 1475 modestia
835 1439 1002 1475 militum
1021 1445 1090 1474 aut
1107 1439 1234 1482 ducis,
1262 1439 1336 1475 sed
1355 1440 1409 1474 ad
1428 1451 1524 1475 con—

105 1508 304 1545 ciliandos
336 1509 495 1546 animos
519 1509 832 1546 Tarentinorum
866 1510 962 1546 fieri.
1027 1508 1216 1545 Ceterum
1249 1522 1371 1557 quum
1395 1522 1523 1558 prope
1543 1509 1589 1547 11

104 1579 305 1615 moenibus
333 1581 605 1624 successisset,
639 1581 749 1617 nullo
774 1582 827 1616 ad
853 1586 1117 1629 conspectum
1142 1581 1312 1627 primum
1337 1580 1521 1628 agminis,

106 1656 147 1685 ut
178 1650 351 1693 rebatur,
392 1656 505 1686 motu
538 1650 661 1695 facto,
703 1658 834 1687 castra
867 1652 918 1687 ab
953 1651 1049 1686 urbe
1083 1650 1206 1685 ferme
1241 1662 1384 1698 passus
1418 1651 1523 1686 mille

105 1720 224 1756 locat.
273 1720 452 1763 Tarenti,
480 1721 613 1757 triduo
638 1728 746 1766 ante,
776 1734 896 1769 quam
922 1720 1127 1756 Hannibal
1155 1722 1208 1755 ad
1233 1721 1383 1756 moenia
1408 1720 1593 1759 acce-12

105 1791 231 1834 deret,
271 1803 293 1826 a
326 1791 382 1827 M.
416 1790 580 1827 Valerio
620 1798 881 1840 propraetore,
923 1791 989 1840 qui
1029 1791 1145 1827 classi
1179 1792 1233 1826 ad
1266 1791 1521 1828 Brundisium

104 1867 285 1910 praeerat‚
319 1862 463 1898 missus
488 1861 543 1897 M.
569 1861 716 1906 Livius,
751 1863 920 1911 impigre
954 1862 1183 1910 conscripta
1212 1862 1417 1898 iuventute
1442 1862 1522 1898 dis·
1541 1861 1594 1900 13

103 1932 326 1980 positisque
351 1932 405 1968 ad
429 1944 571 1968 omnes
596 1939 734 1980 portas
759 1933 945 1980 circaque
969 1944 1118 1976 muros,
1153 1944 1232 1980 qua
1257 1944 1320 1968 res
1344 1933 1523 1981 postula-

103 2002 185 2046 bat,
219 2002 472 2047 stationibus,
507 2004 573 2039 die
606 2015 653 2039 ac
685 2008 808 2039 nocte
839 2003 947 2039 iuxta
979 2003 1156 2040 intentus
1182 2015 1315 2051 neque
1340 2004 1522 2040 hostibus

103 2085 236 2120 neque
275 2073 407 2109 dubiis
447 2074 567 2110 sociis
607 2074 685 2110 loci
725 2074 940 2121 quicquam
979 2074 1148 2122 praebuit
1180 2075 1234 2109 ad
1267 2074 1520 2110 tentandum.

103 2143 252 2191 Itaque
286 2144 430 2180 diebus
463 2144 616 2192 aliquot
648 2144 791 2179 frustra
816 2144 869 2179 ibi
898 2144 1120 2192 absumptis
1146 2144 1365 2189 Hannibal,
1400 2156 1521 2191 quum
1540 2143 1593 2183 14

105 2225 244 2249 eorum
262 2225 397 2258 nemo,
417 2214 483 2262 qui
501 2215 555 2250 ad
573 2215 703 2251 lacum
722 2215 877 2268 Averni.
887 2227 929 2251 se
948 2215 1142 2258 adissent,
1162 2220 1230 2250 aut
1247 2214 1323 2263 ipsi
1341 2214 1523 2250 venirent

104 2290 173 2319 aut
209 2285 392 2320 nuntium
432 2285 632 2321 litterasve
672 2285 887 2329 mitterent,
926 2297 1031 2321 vana
1062 2286 1261 2333 promissa
1294 2296 1338 2320 se
1370 2290 1520 2320 temere

105 2359 284 2390 secutum
311 2366 481 2391 cernens
507 2362 636 2392 castra
656 2356 758 2392 ⁴inde
784 2356 919 2400 movit,
946 2361 1029 2392 tum
1053 2367 1216 2403 quoque
1239 2355 1392 2391 intacto
1421 2365 1520 2402 agro
1538 2353 1592 2393 15

104 2424 343 2469 Tarentino,
384 2437 615 2473 quanquam
657 2426 840 2462 simulata
880 2426 1023 2462 lenitas
1063 2425 1258 2461 nihildum
1299 2424 1518 2472 profuerat,

104 2501 241 2531 tamen
272 2507 345 2543 spe
377 2495 673 2532 labefactandae
706 2496 800 2532 fidei
832 2497 942 2533 haud
967 2496 1180 2532 absistens.
1244 2495 1446 2542 Salapiam
1479 2499 1522 2530 ut

104 2565 223 2609 venit,
266 2565 507 2602 frumentum
547 2578 594 2602 ex
634 2567 740 2614 agris
767 2558 1064 2615 'Metapontino
1104 2571 1225 2613 atque
1259 2564 1520 2600 Heracleensi

105 2634 200 2685 (iam
227 2636 333 2672 enim
361 2641 479 2672 aestas
507 2641 649 2672 exacta
676 2642 762 2672 erat
786 2643 825 2673 et
848 2637 1025 2673 hibernis
1049 2636 1236 2684 placebat
1258 2632 1386 2684 locus)
1410 2646 1521 2670 com-
