1789 2955
266 69 319 106 28
663 66 777 101 Liber
802 65 949 102 XXVI.
997 67 1059 110 (A.
1085 77 1119 102 u.
1145 78 1174 101 c.
1200 68 1294 111 543.)

265 196 443 230 mortuus
483 196 577 239 erat,
625 193 715 230 ideo
753 193 974 231 nominatio
1014 194 1054 231 in
1093 193 1224 232 locum
1263 194 1347 232 eius
1377 207 1456 232 non
1489 198 1549 232 est
1578 195 1695 234 fact-a.

266 264 307 302 O.
339 263 532 302 Claudius
563 264 706 301 flamen
737 264 882 313 Dialis,
917 265 1025 315 quod.
1056 270 1148 303 exta
1179 279 1387 316 perperam
1419 266 1596 313 dederat,
1628 266 1697 304 fla·

265 337 395 373 monio
426 336 539 373 abiit.

116 402 175 451 24
379 408 458 445 Per
483 407 587 444 idem
611 410 768 456 tempus
791 407 846 445 M.
866 407 1056 445 Valerius
1073 407 1272 455 Laevinus,
1302 409 1467 446 tentatis
1492 409 1603 458 prius
1626 422 1698 458 per

265 482 417 517 secreta
448 479 652 527 colloquia
682 479 909 528 principum
941 480 1094 526 animis,
1140 480 1189 517 ad
1229 480 1424 517 indictum
1456 484 1546 518 ante
1579 480 1628 517 ad
1657 480 1699 518 id

223 550 246 586 2
266 552 394 601 ipsum
426 550 640 588 concilium
657 550 885 588 AEtolorum
917 551 1041 589 classe
1074 551 1264 601 expedita
1293 552 1415 590 venit.
1465 551 1547 590 Ubi
1579 565 1699 601 quum

267 621 484 671 Syracusas
525 622 779 672 Capuamque
819 626 975 671 captam
1012 623 1054 659 in
1093 623 1209 660 fidem
1242 623 1282 660 in
1316 623 1465 662 Sicilia
1496 623 1699 673 Italiaque

224 694 247 729 3
265 709 395 732 rerum
420 694 682 732 secundarum
705 697 944 730 ostentasset
960 694 1261 745 adiecissetque,
1296 696 1372 732 iam
1391 695 1483 732 inde
1502 709 1524 733 a
1541 695 1699 733 maiori·

265 767 338 804 bus
368 766 561 804 traditum
593 779 741 803 morem
773 765 967 802 Romanis
1000 767 1158 803 colendi
1182 767 1321 814 socios,
1352 781 1400 804 ex
1427 767 1572 816 quibus
1598 767 1699 806 alios

264 838 304 875 in
337 838 542 875 civitatem
573 841 691 887 atque
723 850 879 887 aequum
911 851 1041 875 secum
1075 838 1137 876 ius
1169 839 1427 888 accepissent,
1459 839 1559 876 alios
1590 840 1631 876 in
1655 853 1700 877 ea

224 908 425 946 4fortuna
455 909 662 956 haberent,
692 912 737 946 ut
767 909 867 946 socii
898 923 981 947 esse
1013 923 1132 959 quam
1164 910 1271 947 cives
1302 911 1484 947 mallent:
1543 911 1701 948 AEtolos

265 994 309 1018 eo
342 982 382 1018 in
415 981 564 1018 maiore
594 981 750 1018 futuros
782 981 944 1030 honore,
993 981 1101 1031 quod
1133 982 1312 1030 gentium
1341 982 1699 1020 transmarinarum

223 1052 245 1088 5
266 1052 307 1089 in
339 1053 558 1089 amicitiam
589 1052 708 1102 primi
749 1052 968 1100 venissent;
1014 1053 1255 1103 Philippum
1293 1055 1349 1090 eis
1389 1057 1427 1091 et
1457 1054 1700 1092 Macedonas

266 1137 406 1173 graves
439 1125 594 1162 accolas
620 1138 716 1171 esse,
749 1138 917 1174 quorum
941 1139 982 1162 se
1004 1126 1084 1163 vim
1110 1139 1154 1163 ac
1180 1126 1346 1176 spiritus
1369 1129 1408 1163 et
1434 1126 1511 1163 iam
1534 1127 1699 1175 fregisse

265 1199 304 1233 et
335 1209 379 1233 eo
410 1196 666 1233 redacturum
697 1210 793 1245 esse,
839 1200 884 1233 ut
914 1211 991 1235 non
1025 1198 1073 1234 iis
1110 1197 1226 1235 modo
1265 1198 1445 1244 urbibus,
1493 1212 1591 1247 quas
1628 1211 1700 1248 per

263 1268 342 1305 vim
374 1268 616 1305 ademissent
646 1269 806 1315 AEtolis,
838 1269 1044 1316 excedant,
1075 1269 1145 1306 sed
1175 1270 1301 1319 ipsam
1333 1269 1609 1307 Macedoniam
1640 1271 1698 1307 in-

224 1340 406 1376 ssfestam
447 1340 638 1386 habeant3
687 1344 726 1377 et
756 1340 1003 1387 Acarnanas,
1051 1354 1149 1390 quos
1188 1355 1293 1390 aegre
1336 1342 1487 1378 ferrent
1516 1342 1645 1379 AEtoli
1677 1355 1697 1379 a

264 1424 430 1460 corpore
463 1424 533 1448 suo
560 1412 793 1462 diremptos,
824 1413 1104 1450 restituturum
1129 1426 1169 1450 se
1194 1413 1234 1449 in
1260 1413 1462 1463 antiquam
1486 1414 1696 1451 formulam

222 1486 243 1520 7
266 1482 445 1531 iurisque
476 1496 520 1519 ac
554 1483 724 1520 dicionis
757 1497 892 1521 eorum
923 1506 978 1511 —
1008 1484 1092 1522 haec
1123 1485 1231 1522 dicta
1261 1485 1537 1534 promissaque
1569 1499 1591 1521 a
1616 1485 1696 1523 Ro-

264 1567 380 1591 mano
422 1554 664 1603 imperatore
706 1553 874 1605 Scopas,
922 1556 991 1605 qui
1030 1559 1114 1592 tum
1154 1559 1303 1606 praetor
1340 1557 1470 1604 gentis
1510 1560 1614 1604 erat,
1659 1560 1699 1594 et

263 1625 547 1673 Dorimachus,
571 1627 756 1677 princeps
774 1627 1015 1675 AEtolorum,
1041 1628 1340 1666 affirmaverunt
1362 1628 1600 1666 auctoritate
1617 1642 1698 1676 sua,

263 1698 414 1734 minore
446 1711 533 1735 cum
563 1699 807 1736 verecundia
839 1703 877 1736 et
908 1699 1057 1737 maiore
1089 1713 1177 1736 cum
1208 1699 1284 1737 fide
1321 1700 1403 1737 vim
1435 1700 1696 1737 maiestatem-

221 1772 245 1808 8
263 1783 339 1818 que
365 1770 506 1819 populi
523 1770 697 1808 Romani
725 1771 976 1808 extollentes.
1035 1771 1209 1808 Maxime
1233 1775 1365 1809 tamen
1390 1785 1479 1822 spes
1495 1772 1697 1822 potiundae

264 1841 450 1878 movebat
466 1841 721 1882 Acarnaniae.
768 1843 902 1891 Igitur
927 1843 1162 1892 conscriptae
1188 1843 1453 1890 condiciones,
1485 1844 1632 1893 quibus
1655 1843 1698 1880 in

219 1916 241 1951 9
264 1914 477 1951 amicitiam
509 1914 817 1964 societatemque
848 1915 990 1964 populi
1012 1914 1185 1952 Romani
1205 1916 1398 1961 venirent,
1425 1915 1697 1965 additumque,

262 1988 316 2031 ut,
344 1986 378 2022 si
405 1986 583 2035 placeret
608 1987 850 2036 vellentque,
876 1987 1011 2024 eodem
1029 1987 1115 2023 iure
1132 1987 1318 2024 amicitiae
1335 1987 1426 2024 Elei
1441 1987 1695 2024 Lacedaemo-

261 2057 398 2106 niique
416 2061 456 2094 et
472 2057 635 2095 Attalus
654 2062 694 2095 et
709 2058 922 2095 Pleuratus
941 2062 979 2095 et
996 2057 1263 2096 Scerdilaedus
1281 2062 1422 2106 essent,
1446 2059 1559 2096 Asiae
1576 2059 1695 2097 Atta-

195 2129 244 2166 10
263 2130 337 2176 lus,
363 2129 406 2166 hi
425 2129 624 2167 Thracum
642 2134 680 2167 et
696 2130 931 2178 Illyriorum
947 2143 1078 2179 reges:
1105 2130 1258 2168 bellum
1281 2133 1328 2167 ut
1351 2131 1550 2180 extemplo
1567 2131 1695 2168 AEtoli

262 2215 348 2238 cum
366 2201 564 2250 Philippo
588 2204 695 2238 terra
712 2206 914 2250 gererent,
939 2202 1109 2240 navibus
1127 2215 1175 2239 ne
1191 2203 1321 2240 minus
1347 2203 1493 2252 viginti
1517 2203 1694 2252 quinque

195 2274 240 2310 ll
263 2272 616 2322 quinqueremibus
640 2273 847 2310 adiuvaret
863 2274 1086 2321 Romanus,
1116 2274 1276 2311 urbium
1295 2273 1476 2323 Corcyrae
1502 2278 1618 2311 tenus
1642 2273 1693 2311 ab

262 2343 417 2381 AEtolia
441 2344 653 2393 incipienti
677 2344 802 2381 solum
826 2347 1011 2394 tectaque
1035 2348 1074 2382 et
1097 2346 1200 2383 muri
1224 2359 1312 2382 cum
1329 2346 1437 2394 agris
1453 2346 1691 2392 AEtolorum,

261 2416 340 2452 alia
377 2415 504 2452 omnis
545 2415 682 2465 praeda
722 2416 861 2465 populi
901 2416 1073 2454 Romani
1115 2420 1227 2464 esset,
1273 2417 1493 2466 darentque
1531 2429 1693 2466 operam

193 2488 243 2524 12
261 2487 446 2534 Romani,
477 2490 521 2524 ut
542 2486 814 2525 Acarnaniam
831 2487 961 2524 AEtoli
978 2487 1189 2534 haberent;
1221 2489 1253 2525 si
1278 2488 1407 2526 AEtoli
1435 2502 1572 2538 pacem
1604 2501 1692 2525 cum

261 2558 453 2608 Philippo
485 2559 673 2606 facerent,
705 2559 847 2597 foederi
879 2559 1166 2606 adscriberent,
1196 2560 1253 2597 ita
1282 2564 1410 2598 ratam
1435 2561 1519 2597 fore
1542 2573 1691 2610 pacem,

261 2630 295 2666 si
314 2629 532 2679 Philippus
549 2644 657 2668 arma
675 2630 724 2668 ab
742 2630 934 2668 Romanis
952 2630 1159 2680 sociisque,
1186 2631 1336 2681 quique
1361 2645 1495 2670 eorum
1521 2631 1692 2669 dicionis
