1789 2955
254 121 338 161 238
683 119 786 150 Liber
810 119 917 150 xxv.
963 117 1017 160 (A.
1037 129 1067 150 u.
1087 128 1114 150 c.
1134 117 1228 161 542.)

254 251 339 294 scit,
365 250 614 287 Hannonem
638 262 727 287 eum
753 249 948 286 exercitus
972 255 1086 298 parte
1108 250 1334 298 profectum
1359 250 1665 296 frumentatum

252 333 324 370 per
347 325 588 369 quaestorem
608 319 828 368 Campanis
852 320 990 356 datum
1015 320 1275 364 frumentum;
1300 321 1384 357 duo
1407 320 1529 358 millia
1553 322 1666 370 plau-

253 396 437 435 strorum,
463 390 716 427 inconditam
733 390 1008 438 inermemque
1026 391 1144 426 aliam
1163 391 1320 427 turbam
1337 391 1570 435 advenisse;
1596 404 1668 440 per

251 462 461 497 tumultum
486 472 533 497 ac
558 461 870 509 trepidationem
899 460 1035 497 omnia
1059 461 1137 509 agi,
1169 466 1471 509 castrorumque
1495 461 1666 498 formam

252 537 291 567 et
313 530 523 567 militarem
549 530 733 568 ordinem
756 530 943 567 immixtis
968 532 1192 579 agrestibus
1216 535 1253 567 et
1271 531 1319 568 iis
1344 531 1517 568 externis
1535 531 1667 567 subla-

184 600 231 639 11
251 606 347 637 tum.
396 600 470 637 His
489 601 584 637 satis
603 602 833 650 compertis,
859 602 999 639 consul
1017 601 1205 638 militibus
1224 602 1359 646 edicit,
1379 601 1495 650 signa
1511 606 1667 638 tantum

251 683 443 719 armaque
466 671 507 708 in
532 671 756 719 proximam
780 676 943 708 noctem
969 671 1226 720 expedirent;
1261 677 1392 708 castra
1415 671 1568 708 Punica
1594 683 1667 720 op-

183 739 236 780 12
249 742 474 791 pugnanda
498 753 601 778 esse.
651 741 805 788 Quarta
828 741 961 790 vigilia
983 741 1167 790 profecti,
1193 741 1358 779 sarcinis
1383 742 1570 779 omnibus
1594 741 1667 778 im-

250 812 575 860 pedimentisque
600 811 821 848 Beneventi
849 812 1008 856 relictis,
1039 813 1162 860 paulo
1192 818 1285 849 ante
1309 813 1438 849 lucem
1463 824 1585 860 quum
1611 814 1666 849 ad

250 887 381 918 eastra
405 882 695 930 pervenissent,
720 887 875 918 tantum
900 883 1061 930 pavoris
1084 883 1321 927 iniecerunt,
1346 887 1402 927 ut,
1428 883 1459 919 si
1483 882 1524 919 in
1541 883 1665 932 plano

251 956 381 988 castra
406 951 539 1000 posita
565 957 714 996 essent,
741 953 849 988 haud
876 953 998 988 dubie
1022 952 1151 1001 primo
1169 953 1320 1001 impetu
1339 952 1429 1001 capi
1447 952 1664 1001 potuerint.

183 1020 235 1061 13
250 1021 432 1058 Altitudo
465 1022 543 1058 loci
576 1027 616 1058 et
638 1022 888 1058 munimenta
912 1022 1198 1067 defenderunt,
1233 1035 1321 1071 quae
1346 1023 1454 1059 nulla
1479 1035 1526 1059 ex
1552 1027 1666 1071 parte

183 1091 236 1131 14
251 1091 353 1127 adiri
385 1091 461 1128 nisi
494 1093 623 1129 arduo
657 1105 703 1130 ac
737 1092 887 1129 difficili
912 1093 1115 1129 adscensu
1138 1098 1340 1141 poterant.
1402 1092 1513 1130 Luce
1538 1093 1667 1141 prima

250 1162 433 1211 proelium
465 1163 609 1211 ingens
642 1174 858 1199 accensum
892 1169 964 1199 est.
1034 1162 1119 1199 Nec
1152 1164 1297 1199 vallum
1328 1164 1455 1200 modo
1488 1169 1666 1200 tutantur

250 1233 377 1276 Poeni,
397 1234 483 1277 sed,
502 1237 545 1269 ut
562 1233 706 1281 quibus
724 1233 836 1270 locus
855 1234 1006 1281 aequior
1023 1239 1142 1277 esset,
1170 1234 1387 1270 deturbant
1404 1234 1578 1270 nitentes
1596 1247 1668 1283 per

140 1299 187 1343 14
249 1304 376 1339 ardua
402 1304 553 1340 hostes.
603 1303 739 1339 Vincit
762 1294 898 1340 tamen
923 1305 1060 1340 omnia
1085 1304 1268 1353 pertinax
1291 1304 1424 1348 virtus,
1451 1310 1491 1340 et
1514 1305 1667 1353 aliquot

251 1373 364 1409 simul
383 1374 562 1422 partibus
575 1374 629 1409 ad
642 1374 785 1409 vallum
800 1386 847 1410 ac
860 1374 992 1410 fossas
1005 1379 1239 1422 perventum
1253 1379 1325 1417 est,
1345 1375 1419 1410 sed
1432 1386 1521 1411 cum
1534 1374 1666 1411 multis

208 1442 476 1482 2vulneribus
501 1456 549 1480 ac
573 1443 738 1479 militum
763 1444 954 1492 pernicie.
1009 1444 1150 1492 Itaque
1176 1445 1411 1481 convocatis
1438 1445 1578 1492 legatis
1601 1444 1667 1480 tri-

250 1514 448 1562 bunisque
462 1514 640 1558 militum,
661 1515 802 1551 consul
816 1515 1094 1551 absistendum
1110 1515 1323 1550 temerario
1335 1515 1499 1562 incepto
1513 1515 1587 1558 ait;
1607 1520 1666 1551 tu-

249 1584 325 1620 tius
339 1584 412 1620 sibi
427 1584 552 1620 videri
564 1585 701 1621 reduci
717 1597 767 1621 eo
782 1585 848 1620 die
861 1585 1078 1621 exercitum
1087 1584 1377 1628 Beneventum,
1394 1584 1489 1621 dein
1498 1589 1666 1633 postero

249 1659 381 1690 castra
421 1655 560 1691 castris
601 1655 775 1691 hostium
814 1655 938 1703 iungi,
978 1668 1030 1691 ne
1063 1655 1170 1690 exire
1202 1655 1298 1691 inde
1332 1654 1531 1703 Campani
1563 1667 1665 1691 neve

208 1723 401 1763 3Hann0
434 1726 593 1773 regredi
626 1731 784 1774 posset;
818 1726 861 1762 id
894 1738 974 1773 quo
1004 1725 1157 1762 facilius
1188 1724 1430 1769 obtineatur,
1465 1725 1664 1773 collegam

249 1807 411 1843 quoque
436 1800 476 1831 et
500 1796 716 1833 exercitum
741 1796 826 1833 eius
852 1809 894 1833 se
921 1796 1151 1839 acciturum,
1177 1800 1387 1843 totumque
1411 1807 1461 1831 eo
1479 1807 1665 1832 versuros

249 1866 409 1902 bellum.
458 1865 557 1902 Haec
581 1867 749 1903 consilia
775 1867 903 1910 ducis,
929 1878 1050 1914 quum
1074 1866 1152 1901 iam
1178 1865 1357 1913 receptui
1381 1871 1557 1909 caneret,
1584 1865 1666 1902 cla-

210 1934 237 1974 4
249 1947 337 1972 mor
354 1936 521 1972 militum
539 1937 841 1985 aspernantium
854 1942 935 1973 tam
948 1948 1074 1984 segne
1087 1935 1296 1984 imperium
1310 1935 1480 1972 disiecit.
1529 1935 1665 1972 Proxi-

248 2018 314 2042 ma
338 2006 440 2042 forte
460 2004 669 2057 [hostium]
689 2013 775 2043 erat
792 2007 939 2044 cohors
956 2006 1135 2054 Peligna,
1161 2006 1272 2043 euius
1290 2005 1502 2054 praefectus
1521 2005 1663 2042 Vibius

208 2074 407 2114 5Aecaus
432 2082 632 2125 arreptum
660 2077 841 2113 vexillum
867 2082 976 2113 trans
1001 2077 1146 2112 vallum
1171 2076 1345 2113 hostium
1370 2075 1537 2113 traiecit.
1586 2075 1664 2112 Ex-

248 2151 426 2182 secratus
455 2146 551 2182 inde
582 2159 705 2195 seque
734 2152 773 2183 et
800 2147 1023 2191 cohortem,
1058 2147 1089 2183 si
1118 2148 1203 2184 eius
1227 2146 1355 2183 vexilli
1379 2146 1518 2183 hostes
1546 2146 1662 2195 potiti

248 2222 396 2260 essent,
425 2217 614 2265 princeps
643 2217 729 2265 ipse
759 2230 830 2265 per
858 2217 1011 2254 fossam
1035 2218 1260 2266 vallumque
1284 2217 1325 2253 in
1350 2221 1480 2254 eastra
1509 2215 1663 2265 irrupit.

207 2285 413 2334 Glamque
445 2287 548 2323 intra
580 2287 722 2323 vallum
752 2287 906 2336 Peligni
938 2288 1188 2336 pugnabant,
1223 2299 1343 2336 quum
1377 2287 1502 2323 altera
1534 2290 1661 2335 parte,

248 2356 412 2394 Valerio
431 2357 578 2393 Flacco
598 2357 756 2393 tribuno
775 2358 940 2394 militum
959 2358 1084 2394 tertiae
1102 2358 1274 2406 legionis
1291 2357 1561 2406 exprobrante
1579 2357 1662 2393 Ro-

247 2427 377 2464 manis
406 2427 622 2476 ignaviam,
652 2427 717 2475 qui
748 2427 867 2465 sociis
896 2433 1106 2476 captorum
1135 2431 1356 2464 castrorum
1386 2428 1662 2464 concederent

209 2495 230 2535 7
249 2498 387 2541 decus,
412 2498 460 2534 T.
486 2497 688 2534 Pedanius
713 2498 901 2546 princeps
926 2498 1074 2546 primus
1100 2498 1294 2541 centurio,
1320 2509 1442 2546 quum
1467 2497 1659 2546 signifero

248 2567 405 2616 signum
434 2568 666 2612 ademisset,
705 2567 812 2604 «Iam
842 2568 920 2604 hoc
950 2568 1107 2616 signum
1136 2573 1176 2604 et
1203 2567 1266 2604 hic
1295 2567 1500 2604 centurio»
1531 2567 1660 2615 inquit

252 2637 379 2674 «intra
411 2638 555 2674 vallum
588 2637 761 2674 hostium
795 2638 886 2681 erit;
931 2642 1162 2685 sequantur,
1195 2637 1262 2685 qui
1294 2637 1384 2686 capi
1417 2637 1574 2686 signum
1607 2637 1659 2673 ab
