1789 2955
505 106 610 136 Liber
635 106 743 136 xxv.
791 105 845 147 (A.
874 106 935 138 Ch.
963 105 1175 148 213-212.)
1304 96 1307 99 ’
1461 108 1546 149 225

130 238 244 281 mius,
276 237 342 284 qui
373 237 504 273 multis
535 238 653 274 annis
672 250 815 286 ,parem
842 238 984 274 fraude
1007 238 1253 286 avaritiaque
1278 238 1481 274 neminem
1506 239 1547 274 in

128 308 286 345 civitate
318 307 514 344 habuerat
545 314 688 356 praeter
720 308 768 344 T.
802 309 1073 357 Pomponium
1106 308 1392 352 Veientanum,
1428 321 1546 356 quem

127 379 392 427 populantem
424 383 575 413 temere
608 390 729 426 agros
761 379 801 414 in
824 378 1000 415 Lucanis
1029 380 1152 415 ductu
1174 378 1391 415 Hannonis
1414 379 1546 426 priore

127 461 239 485 anno
265 453 458 496 ceperant
475 447 848 496 Carthaginienses.
897 449 963 493 Hi,
990 450 1083 497 quia
1108 449 1310 498 publicum
1328 449 1547 496 periculum
1567 445 1619 485 10

126 524 213 555 erat
240 532 264 555 a
293 519 328 554 vi
355 519 607 566 tempestatis
634 519 674 554 in
702 519 762 562 iis,
795 531 883 566 quae
909 525 1164 567 portarentur
1189 519 1243 554 ad
1268 518 1478 562 exercitus,
1509 527 1548 554 et

125 589 306 626 ementiti
334 594 449 625 erant
477 588 577 624 falsa
606 588 829 637 naufragia,
864 594 903 624 et
932 602 980 625 ea
1004 590 1105 637 ipsa,
1141 601 1228 636 quae
1253 600 1347 624 vera
1371 589 1547 624 renunti—

125 664 303 703 averant,
339 658 481 694 fraude
514 659 694 706 ipsorum
728 658 835 695 facta
867 665 994 703 erant,
1028 672 1113 695 non
1146 671 1256 695 casu.
1319 659 1363 694 In
1390 664 1547 695 veteres
1566 657 1609 695 1]

124 741 375 777 quassasque
399 740 523 764 naves
551 729 690 777 paucis
714 735 754 765 et
777 730 887 777 parvi
911 730 1025 778 pretii
1050 731 1169 765 rebus
1186 729 1399 777 impositis,
1425 740 1547 776 quum

124 799 359 835 mersissent
381 810 451 835 eas
474 799 516 834 in
542 800 638 843 alto,
667 800 846 848 exceptis
870 801 912 836 in
937 805 1183 848 praeparatas
1209 800 1382 847 scaphas
1401 800 1545 843 nautis,

124 870 362 918 multiplices
396 868 518 905 fuisse
551 881 707 906 merces
740 871 1076 906 ementiebantur.
1139 870 1200 905 Ea
1234 869 1340 904 fraus
1368 870 1547 906 indicata
1566 868 1619 907 12

126 940 182 976 Μ.
211 940 376 976 AEmilio
403 940 564 988 praetori
593 940 726 988 priore
757 953 866 977 anno
899 941 1027 976 fuerat
1054 952 1102 976 ac
1130 952 1201 988 per
1230 952 1320 975 eum
1350 941 1403 976 ad
1431 952 1547 976 sena-

125 1016 209 1047 tum
248 1011 396 1054 delata,
440 1022 516 1046 nec
558 1015 695 1046 tamen
727 1012 807 1047 ullo
841 1016 1005 1048 senatus
1037 1011 1223 1047 consulto
1256 1016 1412 1054 notata,
1455 1011 1549 1058 quia

125 1080 260 1129 patres
289 1080 475 1116 ordinem
503 1080 812 1128 publicanorum
839 1082 879 1117 in
909 1082 976 1117 tali
1001 1087 1184 1129 tempore
1209 1080 1410 1117 offensum
1435 1082 1548 1117 nole-

125 1152 235 1188 bant.
299 1150 476 1200 Populus
503 1150 681 1186 severior
705 1153 853 1188 vindex
880 1152 1031 1188 fraudis
1057 1158 1160 1195 erat;
1193 1151 1434 1199 excitatique
1461 1157 1548 1187 tan·
1566 1149 1618 1188 13

125 1222 221 1257 dem
261 1222 344 1257 duo
386 1220 533 1256 tribuni
567 1221 709 1268 plebis,
751 1223 819 1270 Sp.
853 1228 894 1258 et
924 1223 970 1259 L.
1006 1222 1177 1266 Carvilii,
1218 1234 1340 1270 quum
1372 1234 1455 1257 rem
1489 1223 1548 1258 in-

123 1292 249 1334 visam
276 1291 551 1339 infamemque
580 1298 804 1337 cernerent,
834 1294 1056 1329 ducentum
1081 1293 1244 1328 millium
1270 1293 1357 1328 aeris
1383 1293 1547 1328 multam

123 1362 179 1398 M.
208 1362 417 1398 Postumio
449 1362 648 1398 dixerunt.
698 1362 771 1399 Cui
800 1365 1005 1400 certandae
1032 1375 1153 1411 quum
1183 1363 1271 1399 dies
1299 1363 1546 1406 advenisset,
1566 1360 1620 1400 14

126 1433 419 1481 conciliumque
439 1438 519 1469 tam
540 1433 729 1481 frequens
747 1434 876 1482 plebis
892 1435 1069 1478 adesset,
1089 1440 1130 1469 ut
1142 1434 1440 1469 multitudinem
1453 1446 1548 1469 area

125 1503 314 1552 Capitolii
339 1504 401 1539 vix
426 1509 602 1551 caperet,
627 1509 816 1552 perorata
840 1515 976 1547 causa,
1003 1517 1083 1540 una
1101 1516 1195 1552 spes
1213 1505 1424 1540 videbatur
1442 1516 1545 1548 esse,
1565 1501 1617 1541 15

126 1574 158 1610 si
187 1573 232 1610 C.
262 1574 447 1610 Servilius
477 1573 611 1610 Casca
638 1574 818 1610 tribunus
847 1575 988 1622 plebis,
1019 1575 1085 1622 qui
1113 1575 1364 1623 propinquus
1395 1587 1547 1623 cogna-

126 1649 270 1691 tusque
298 1644 506 1680 Postumio
536 1650 633 1689 erat,
670 1645 902 1693 priusquam
930 1646 983 1680 ad
1013 1645 1246 1693 suffragium
1274 1646 1398 1681 tribus
1427 1657 1547 1681 voca—

124 1719 273 1758 rentur,
292 1714 598 1751 intercessisset.
648 1715 839 1751 Testibus
858 1715 976 1758 datis,
996 1715 1142 1751 tribuni
1159 1716 1354 1763 populum
1371 1728 1547 1752 summo·
1566 1713 1616 1753 16

124 1790 278 1829 verunt,
313 1785 522 1832 sitellaque
555 1786 635 1820 lata
668 1791 741 1829 est,
785 1791 827 1820 ut
860 1786 1106 1829 sortirentur,
1140 1786 1207 1821 ubi
1240 1786 1373 1832 Latini
1407 1786 1545 1822 suffra-

123 1856 232 1904 gium
265 1855 427 1892 ferrent.
491 1855 653 1891 Interim
687 1856 891 1904 publicani
925 1855 1065 1892 Cascae
1098 1857 1260 1900 instare,
1295 1862 1337 1892 ut
1370 1856 1546 1892 concilio
1564 1854 1614 1893 17

125 1926 234 1962 diem
261 1926 472 1968 eximeret;
507 1927 680 1974 populus
706 1926 946 1969 reclamare;
977 1932 1017 1961 et
1044 1925 1147 1961 forte
1174 1927 1215 1962 in
1243 1938 1368 1963 cornu
1397 1927 1547 1975 primus

125 1997 298 2032 sedebat
323 1995 467 2041 Casca,
502 1997 565 2033 cui
598 1997 713 2033 simul
744 2002 875 2033 metus
907 1996 1121 2044 pudorque
1145 1997 1323 2032 animum
1346 1998 1546 2033 versabat.

127 2066 262 2112 Quum
284 2067 326 2103 in
351 2078 402 2102 eo
427 2079 569 2115 parum
594 2067 769 2115 praesidii
795 2073 916 2111 esset,
952 2067 1163 2103 turbandae
1187 2068 1244 2103 rei
1269 2080 1392 2104 causa
1420 2069 1547 2117 publi·
1566 2065 1617 2105 18

125 2137 216 2174 cani
240 2149 311 2185 per
335 2149 505 2174 vacuum
530 2143 732 2189 summoto
759 2137 891 2173 locum
918 2149 1049 2173 cuneo
1074 2137 1312 2185 irruperunt,
1341 2139 1547 2187 iurgantes

127 2208 242 2244 simul
275 2219 365 2244 cum
398 2208 551 2256 populo
585 2208 846 2255 tribunisque.
910 2207 997 2243 Nec
1029 2208 1169 2255 procul
1195 2209 1458 2244 dimicatione
1484 2221 1546 2244 res
1564 2206 1616 2245 19

125 2283 224 2322 erat,
266 2290 388 2326 quum
420 2278 580 2314 Fulvius
612 2278 755 2314 consul
787 2278 954 2313 tribunis
992 2277 1166 2314 «Nonne
1198 2279 1366 2315 videtis»
1404 2279 1545 2326 inquit,

131 2360 228 2385 «vos
251 2349 292 2384 in
317 2349 503 2384 ordinem
528 2354 695 2385 coactos
720 2360 809 2384 esse
833 2354 873 2384 et
895 2360 979 2384 rem
1004 2349 1058 2384 ad
1084 2349 1329 2385 seditionem
1347 2355 1544 2397 spectare,

126 2418 167 2454 ni
192 2430 364 2467 propere
390 2419 585 2455 dimittitis
604 2419 732 2467 plebis
751 2417 1017 2455 conciliumP»
1054 2419 1178 2456 Plebe
1197 2420 1363 2455 dimissa
1382 2423 1546 2454 senatus
1610 2415 1643 2458 4

127 2495 305 2533 vocatur,
347 2496 387 2525 et
426 2490 615 2526 consules
653 2489 832 2525 referunt
864 2490 917 2524 de
949 2489 1122 2526 concilio
1156 2490 1284 2537 plebis
1317 2489 1476 2524 turbato
1510 2489 1545 2523 vi

129 2564 250 2607 atque
288 2560 461 2596 audacia
501 2560 826 2608 publicanorum:
875 2559 932 2596 M.
966 2559 1126 2595 Furium
1168 2558 1391 2602 Camillum,
1435 2557 1586 2596 cuius?

129 2629 309 2665 exsilium
333 2631 447 2666 ruina
470 2631 577 2666 urbis
602 2636 787 2666 secutura
814 2630 942 2674 fuerit,
968 2629 1151 2665 damnari
1177 2641 1219 2664 se
1245 2630 1295 2664 ab
1321 2628 1429 2665 iratis
1455 2629 1545 2665 civi-

203 2693 301 2719 Livius
323 2704 356 2720 ex
378 2704 433 2721 rec.
454 2695 607 2728 Madvigii.
648 2695 696 2721 [ll.
1220 2696 1263 2728 11')
