1768 2943
523 97 628 128 Liber
655 97 747 128 xx1.
798 96 852 139 (A.
880 97 943 128 ch.
971 96 1066 140 218.)
1443 100 1499 140 35

79 228 199 272 iuvat,
233 232 361 264 utrum
394 226 496 264 alios
527 233 695 276 repente
720 227 1078 276 Carthaginienses
1110 241 1181 277 per
1203 229 1342 277 viginti
1366 243 1497 267 annos

78 304 183 335 terra
222 297 408 342 ediderit,
448 310 501 334 an
539 298 663 334 iidem
696 298 788 342 sint,
829 298 895 346 qui
928 299 983 334 ad
1014 298 1184 346 AEgates
1217 306 1499 348 pugnaverunt

78 368 228 405 insulas
267 373 307 404 et
344 380 447 416 quos
486 369 537 404 ab
569 368 699 416 Eryce
740 369 1033 406 duodevicenis
1066 369 1245 405 denariis
1278 370 1498 407 aestimatos

79 438 278 483 emisistis,
311 443 352 474 et
382 443 512 474 utrum
537 438 743 475 Hannibal
776 439 838 476 hic
872 439 921 476 sit
946 439 1110 475 aemulus
1135 438 1320 475 itinerum
1346 440 1498 477 Hercu·
1514 440 1536 479 7

77 509 137 554 lis,
162 513 205 544 ut
227 508 315 557 ipse
339 507 426 553 fert,
452 521 505 545 an
529 509 736 558 vectigalis
760 509 1127 558 stipendiariusque
1145 514 1185 545 et
1202 521 1339 547 servus
1356 512 1496 560 populi

77 579 252 615 Romani
285 591 309 615 a
333 585 446 627 patre
470 580 645 617 relictus.
710 579 842 625 Quem
866 579 942 616 nisi
966 580 1232 628 Saguntinum
1259 581 1388 618 scelus
1413 582 1496 630 agi·
1513 579 1537 620 8

77 655 191 694 taret,
216 649 435 697 respiceret
452 650 652 698 profecto,
677 649 709 686 si
726 662 811 686 non
829 650 1000 698 patriam
1018 650 1177 695 victam,
1203 651 1372 688 domum
1390 657 1498 688 certe

76 724 313 768 patremque
345 725 386 756 et
409 719 566 756 foedera
591 720 833 758 Hamilcaris
856 721 1005 769 scripta
1028 733 1165 766 manu,
1200 722 1267 769 qui
1289 721 1420 759 iussus
1444 723 1495 759 ab
1511 720 1536 761 9

77 790 244 826 consule
274 795 415 827 nostro
448 791 680 839 praesidium
711 791 881 827 deduxit
913 792 964 827 ab
992 791 1135 840 Eryce,
1169 792 1235 840 qui
1257 805 1401 841 graves
1425 794 1497 830 im-

75 861 231 909 positas
275 859 388 898 victis
428 860 830 910 Carthaginiensibus
876 862 987 910 leges
1028 861 1203 899 fremens
1243 876 1495 912 maerensque

76 931 246 979 accepit,
290 931 356 978 qui
402 932 612 968 decedens
651 931 784 968 Sicilia
823 932 1069 981 stipendium
1111 934 1265 982 populo
1306 935 1494 971 Romano

76 1002 174 1038 dare
211 1007 354 1050 pactus
396 1007 470 1039 est.
545 1001 688 1050 Itaque
720 1014 792 1038 vos
825 1014 917 1050 ego,
961 1003 1119 1048 milites,
1162 1015 1248 1040 non
1281 1016 1332 1040 eo
1366 1005 1495 1042 solum
1514 1002 1567 1043 10

75 1071 225 1116 animo,
255 1084 337 1120 quo
365 1072 558 1108 adversus
587 1072 689 1108 alios
716 1073 854 1109 hostes
879 1073 1030 1116 soletis,
1059 1086 1242 1123 pugnare
1266 1075 1397 1120 velim,
1422 1076 1496 1112 sed

76 1154 164 1179 cum
191 1142 476 1191 indignatione
505 1143 684 1191 quadam
713 1148 833 1191 atque
862 1143 932 1187 ira,
967 1144 1074 1180 velut
1101 1145 1133 1181 si
1161 1156 1298 1181 servos
1326 1146 1496 1183 videatis

74 1218 229 1250 vestros
252 1225 363 1250 arma
386 1218 555 1262 repente
583 1217 725 1250 contra
749 1225 820 1250 vos
846 1213 1036 1251 ferentes.
1092 1215 1222 1252 Licuit
1247 1217 1302 1252 ad
1325 1215 1495 1265 Erycem
1515 1214 1563 1253 11

75 1284 235 1321 clausos
266 1284 406 1320 ultimo
438 1283 635 1332 supplicio
663 1283 945 1329 humanorum,
980 1285 1087 1321 fame
1109 1286 1335 1323 interficere
1346 1298 1354 1331 ;
1388 1287 1497 1324 licuit

72 1354 275 1391 victricem
315 1355 485 1391 classem
523 1354 565 1391 in
597 1353 773 1390 Africam
815 1354 997 1392 traiicere
1037 1360 1159 1404 atque
1198 1356 1302 1393 intra
1340 1370 1496 1406 paucos

73 1425 161 1462 dies
187 1425 273 1462 sine
296 1426 376 1462 ullo
403 1424 621 1461 certamine
640 1423 928 1474 Carthaginem
947 1427 1104 1470 delere;
1129 1426 1287 1464 veniam
1307 1428 1494 1465 dedimus
1516 1425 1566 1465 12

72 1495 344 1544 precantibus,
378 1495 595 1532 emisimus·
615 1507 664 1531 ex
697 1495 928 1540 obsidione,
962 1509 1106 1545 pacem
1140 1510 1229 1534 cum
1258 1498 1371 1535 victis
1400 1498 1494 1535 feci-

71 1578 173 1611 mus,
202 1566 338 1603 tutelae
364 1567 515 1602 deinde
541 1571 689 1602 nostrae
714 1566 914 1611 duximus,
945 1579 1067 1615 quum
1084 1568 1221 1606 Africo
1248 1569 1354 1604 bello
1380 1581 1494 1618 urge-

72 1642 220 1673 rentur.
267 1637 345 1674 Pro
371 1637 431 1673 his
455 1636 667 1685 impertitis
686 1636 879 1673 furiosum
897 1637 1084 1674 iuvenem
1102 1643 1320 1686 sequentes
1339 1651 1495 1688 oppug-
1514 1636 1565 1677 13

71 1712 210 1744 natum
242 1707 415 1756 patriam
446 1713 628 1743 nostram
662 1707 839 1744 veniunt.
904 1709 1036 1755 Atque
1065 1709 1219 1746 utinam
1243 1721 1317 1758 pro
1343 1711 1494 1747 decore

71 1783 227 1814 tantum
259 1778 338 1814 hoc
369 1777 484 1814 vobis
509 1783 548 1813 et
570 1789 656 1814 non
680 1789 753 1826 pro
779 1779 906 1814 salute
930 1784 1039 1815 esset
1062 1778 1286 1817 certamen!
1321 1780 1415 1817 Non
1440 1782 1492 1817 de
1512 1778 1564 1817 14

70 1848 334 1897 possessione
351 1847 493 1885 Siciliae
518 1859 565 1885 ac
584 1848 792 1893 Sardiniae,
820 1849 872 1885 de
890 1849 1035 1897 quibus
1053 1851 1263 1897 quondam
1282 1851 1491 1899 agebatur,

72 1920 145 1955 sed
176 1930 250 1967 pro
267 1918 381 1954 Italia
412 1918 528 1955 vobis
552 1923 613 1955 est
635 1920 916 1967 pugnandum.
980 1919 1066 1956 Nec
1091 1925 1152 1956 est
1176 1920 1277 1957 alius
1302 1921 1353 1957 ab
1378 1927 1491 1970 tergo
1512 1919 1564 1959 15

71 1989 280 2034 exercitus,
306 1989 386 2038 qui,
411 1989 487 2026 nisi
504 2001 581 2026 nos
598 1988 806 2033 vincimus,
834 1990 939 2026 hosti
958 1990 1141 2035 obsistat,
1167 2003 1243 2028 nec
1262 1992 1386 2040 Alpes
1403 1992 1491 2028 aliae

71 2065 174 2104 sunt,
209 2072 309 2108 quas
342 2060 437 2096 dum
471 2065 676 2108 superant,
711 2060 936 2110 comparari
968 2072 1077 2097 nova
1099 2061 1258 2109 possint
1280 2062 1488 2111 praesidia;

70 2130 133 2167 hic
176 2135 237 2166 est
276 2131 537 2175 obstandum,
580 2130 738 2175 milites,
782 2131 888 2167 velut
926 2131 958 2168 si
991 2137 1087 2168 ante
1119 2132 1307 2168 Romana
1339 2133 1491 2169 moenia

69 2212 310 2249 pugnemus.
359 2200 647 2249 Unusquisque
672 2213 715 2237 se
739 2212 824 2237 non
849 2213 996 2251 corpus
1020 2214 1149 2247 suum,
1179 2204 1255 2239 sed
1272 2204 1489 2251 coniugem
1508 2201 1558 2241 16

70 2283 118 2308 ac
140 2271 289 2308 liberos
306 2283 453 2320 parvos
472 2271 592 2308 armis
610 2276 825 2320 protegere
842 2278 973 2321 putet;
998 2285 1076 2309 nec
1093 2273 1341 2309 domesticas
1360 2274 1489 2310 solum

70 2342 196 2390 agitet
219 2353 347 2386 curas,
382 2343 457 2378 sed
480 2342 706 2378 identidem
731 2342 809 2379 hoc
834 2342 972 2379 animo
990 2349 1161 2392 reputet,
1194 2349 1356 2380 nostras
1380 2355 1488 2379 nunc

69 2411 213 2448 intueri
237 2424 380 2449 manus
409 2418 593 2449 senatum
619 2413 895 2461 populumque
912 2413 1162 2451 Romanum:
1197 2414 1326 2462 qualis
1349 2418 1489 2449 nostra
1507 2412 1555 2452 17

70 2482 127 2518 vis
166 2481 367 2530 virtusque
407 2482 536 2528 fuerit,
582 2483 702 2520 talem
741 2483 892 2521 deinde
931 2484 1133 2521 fortunam
1165 2484 1268 2521 illius
1301 2484 1407 2519 urbis
1440 2495 1486 2519 ac

71 2552 244 2589 Romani
276 2553 430 2601 imperii
463 2553 588 2590 fore.»

188 2622 288 2660 Haec
311 2624 421 2672 apud
439 2624 650 2661 Romanos
674 2625 828 2661 consul.
878 2624 1084 2661 Hannibal
1101 2625 1219 2660 rebus
1238 2625 1346 2672 prius
1364 2636 1484 2672 quam
1548 2621 1613 2665 42

1161 2690 1203 2725 3*
