1768 2943
566 115 672 146 Liber
698 116 791 146 XXI.
841 115 895 158 (A.
924 116 986 147 Ch.
1013 115 1108 158 218.)
1488 117 1539 158 21

124 254 164 284 et
199 259 301 298 gens
339 248 394 284 ad
434 248 801 298 oppugnandarum
834 248 989 284 urbium
1023 253 1129 284 artes
1161 249 1284 293 rudis,
1328 250 1542 299 pigerrima

124 319 268 355 eadem
294 319 349 355 ad
372 319 556 355 militaria
583 331 722 368 opera,
757 318 893 367 segnis
917 319 1077 355 intactis
1103 319 1301 356 assideret
1325 321 1458 365 muris,
1494 322 1543 358 si-

123 390 262 426 mulari
286 394 463 438 coeptum
489 390 542 425 de
566 402 668 438 pace
687 390 772 438 agi;
802 390 1041 438 evocatique
1059 390 1110 425 ab
1129 389 1338 426 Gallorum
1355 391 1543 440 principi·
1561 389 1581 429 Ῑ

123 463 196 498 bus
228 461 349 510 legati
377 461 433 497 ad
457 460 702 508 colloquium
728 473 813 497 non
837 466 978 497 contra
1002 461 1063 497 ius
1088 461 1215 497 modo
1239 462 1435 510 gentium,
1470 464 1544 498 sed

121 533 270 569 violata
302 532 437 576 etiam,
472 543 560 579 quae
594 531 691 567 data
722 532 763 568 in
787 532 831 568 id
855 537 1012 580 tempus
1041 537 1138 576 erat,
1173 532 1253 568 fide
1277 533 1544 581 comprehen-

122 604 282 648 duntur,
315 602 560 652 negantibus
584 601 724 647 Gallis,
758 603 834 639 nisi
865 602 1031 639 obsides
1057 603 1132 638 sibi
1155 603 1436 648 redderentur,
1471 616 1544 639 eos

121 673 371 710 dimissuros.
436 673 569 719 Quum
599 674 684 710 haec
709 674 761 709 de
785 672 928 722 legatis
952 673 1137 709 nuntiata
1162 680 1300 710 essent
1323 680 1362 710 et
1387 674 1542 711 Mutina
1560 677 1583 704 Η

120 744 432 793 praesidiumque
454 745 495 781 in
520 745 699 793 periculo
724 749 844 788 esset,
878 743 924 780 L.
949 743 1123 780 Manlius
1148 750 1296 793 praetor
1319 745 1377 781 ira
1402 758 1543 782 accen-

121 827 186 851 sus
211 814 381 852 effusum
405 828 554 864 agmen
579 816 634 851 ad
654 815 853 851 Mutinam
877 815 1002 851 ducit.
1051 815 1165 852 Silvae
1191 821 1284 853 tunc
1310 817 1416 854 circa
1439 817 1543 852 viam
1559 818 1583 853 Η

120 890 247 927 erant,
273 886 473 935 plerisque
499 886 672 923 incultis.
719 886 778 922 Ibi
803 886 1057 934 inexplorato
1084 886 1290 934 profectus
1316 887 1356 923 in
1374 887 1543 924 insidias

118 956 354 1005 praecipitat,
381 957 586 1005 multaque
612 969 701 994 cum
729 957 843 993 caede
867 968 1030 992 suorum
1057 968 1162 1005 aegre
1186 957 1227 993 in
1253 964 1417 1006 apertos
1437 971 1543 994 cam-

119 1038 195 1075 pos
220 1027 394 1064 emersit.
438 1027 497 1064 Ibi
522 1033 652 1064 castra
671 1027 919 1064 communita
937 1032 989 1071 et,
1016 1028 1109 1076 quia
1127 1027 1254 1064 Gallis
1272 1029 1326 1065 ad
1344 1031 1542 1067 tentanda
1562 1028 1614 1068 lO

119 1110 168 1134 ea
193 1097 322 1134 defuit
346 1110 452 1147 spes,
479 1098 618 1135 refecti
644 1103 736 1135 sunt
753 1097 920 1134 militum
939 1098 1075 1143 animi,
1103 1111 1335 1147 quanquam
1353 1102 1408 1137 ad
1425 1102 1541 1148 quin—

116 1173 250 1216 gentos
264 1168 462 1206 cecidisse
477 1169 573 1205 satis
589 1169 817 1206 constabat.
851 1168 929 1204 Iter
942 1169 1096 1205 deinde
1111 1170 1163 1206 de
1176 1170 1334 1219 integro
1351 1178 1540 1221 coeptum,
1563 1170 1609 1209 11

117 1251 207 1283 nec,
234 1240 330 1276 dum
354 1251 426 1289 per
449 1240 631 1288 patentia
648 1240 739 1277 loca
757 1240 982 1276 ducebatur
999 1253 1160 1288 agmen,
1190 1242 1376 1290 apparuit
1394 1243 1540 1288 hostis;

117 1310 185 1346 ubi
217 1323 350 1347 rursus
383 1311 490 1348 silvae
521 1311 691 1355 intratae,
726 1316 808 1347 tum
841 1316 1072 1359 postremos
1106 1313 1239 1349 adorti
1273 1325 1361 1349 cum
1393 1327 1543 1363 magna
1562 1311 1614 1351 12

117 1381 390 1430 trepidatione
407 1394 454 1418 ac
473 1394 624 1431 pavore
643 1382 822 1419 omnium
836 1381 1119 1430 septingentos
1132 1384 1276 1420 milites
1291 1384 1541 1430 occiderunt,

122 1464 192 1488 sex
231 1452 348 1501 signa
386 1453 591 1490 ademere.
665 1454 773 1490 Finis
812 1459 853 1489 et
885 1453 1011 1490 Gallis
1054 1455 1264 1491 territandi
1296 1459 1336 1491 et
1367 1453 1614 1504 pavendilss

123 1522 195 1559 fuit
217 1523 426 1568 Romanis,
460 1529 502 1560 ut
526 1537 548 1560 e
573 1525 674 1561 saltu
699 1524 807 1561 invio
833 1530 954 1572 atque
978 1524 1177 1573 impedito
1203 1537 1382 1563 evasere.
1440 1527 1542 1563 Inde

121 1594 270 1642 apertis
294 1594 394 1631 locis
420 1595 537 1631 facile
560 1600 737 1632 tutantes
765 1608 913 1643 agmen
938 1596 1113 1632 Romani
1139 1596 1385 1642 Tannetum,
1413 1598 1540 1635 vicum

121 1665 392 1713 propinquum
411 1666 540 1710 Pado,
567 1667 831 1702 contendere.
881 1666 939 1701 Ibi
965 1679 1008 1702 se
1033 1667 1285 1704 munimento
1310 1669 1364 1704 ad
1383 1675 1542 1718 tempus
1562 1665 1614 1705 14

121 1736 495 1784 commeatibusque
523 1737 696 1773 fluminis
714 1742 754 1773 et
771 1736 1048 1773 Brixianorum
1067 1738 1188 1773 etiam
1207 1737 1415 1775 Gallorum
1434 1740 1543 1776 auxi-

119 1807 173 1843 lio
206 1808 400 1844 adversus
433 1813 682 1844 crescentem
714 1808 755 1844 in
789 1808 877 1844 dies
910 1808 1207 1844 multitudinem
1239 1809 1416 1846 hostium
1440 1816 1542 1847 tuta-

119 1878 278 1914 bantur.
337 1878 417 1924 Qui
441 1879 631 1915 tumultus
654 1891 802 1927 repens
826 1884 1044 1928 postquam
1070 1884 1131 1915 est
1154 1879 1326 1916 Romam
1352 1882 1541 1929 perlatus,
1607 1876 1668 1921 26

119 1954 159 1984 et
175 1948 369 1985 Punicum
397 1949 562 1998 insuper
579 1949 738 1986 Gallico
763 1949 909 1985 bellum
937 1954 1097 1986 auctum
1121 1954 1256 1998 patres
1282 1959 1540 2000 acceperunt,

120 2018 166 2055 C..
199 2019 361 2056 Atilium
393 2025 607 2069 praetorem
642 2032 731 2057 cum
765 2032 846 2056 una
877 2020 1040 2069 legione
1072 2021 1260 2057 Romana
1292 2028 1332 2058 et
1364 2022 1582 2071 quinque?

118 2090 290 2127 millibus
308 2091 525 2136 sociorum,
553 2091 702 2128 dilectu
719 2103 828 2128 novo
846 2104 870 2127 a
888 2091 1055 2128 consule
1074 2092 1325 2141 conscriptis,
1352 2093 1539 2130 auxilium

119 2161 222 2197 serre
254 2161 408 2198 Manlio
447 2161 606 2206 iubent;
651 2162 717 2210 qui
757 2162 843 2198 sine
876 2162 956 2198 ullo
990 2162 1209 2199 certamine
1243 2161 1541 2213 (abscesserant

119 2231 225 2268 enim
257 2238 367 2269 metu
399 2231 553 2283 hostes)
586 2233 818 2270 Tannetum
852 2232 1047 2282 pervenit.

236 2303 289 2339 Et
311 2303 356 2340 P.
382 2302 608 2348 Cornelius,
636 2304 677 2340 in
704 2304 838 2340 locum
863 2304 961 2348 eius,
991 2315 1080 2351 quae
1104 2304 1226 2341 missa
1251 2317 1341 2341 cum
1368 2311 1539 2354 praetore
1556 2305 1581 2343 3

119 2380 216 2418 erat,
246 2374 394 2423 scripta
420 2374 583 2422 legione
607 2387 727 2419 nova,
759 2375 965 2423 profectus
989 2375 1039 2410 ab
1064 2375 1162 2410 urbe
1181 2376 1391 2424 sexaginta
1409 2376 1540 2424 longis

118 2444 286 2481 navibus
325 2449 469 2494 praeter
509 2456 621 2481 oram
660 2445 826 2482 Etruriae
858 2445 1133 2494 Ligurumque
1172 2451 1212 2482 et
1248 2446 1346 2482 inde
1379 2447 1539 2495 Salyum

118 2518 278 2550 montes
305 2515 487 2562 pervenit
510 2514 746 2559 Massiliam,
776 2522 816 2552 et
843 2517 897 2552 ad
925 2516 1150 2565 proximum
1176 2517 1321 2553 ostium
1347 2517 1581 2556 Rhodani—l

119 2580 310 2632 (pluribus
343 2584 449 2621 enim
483 2585 634 2622 divisus
667 2586 797 2623 amnis
824 2587 865 2623 in
893 2599 1003 2623 mare
1031 2584 1220 2637 decurrit)
1253 2592 1384 2623 castra
1417 2588 1538 2632 locat,

118 2653 278 2690 vixdum
302 2655 397 2691 satis
416 2656 588 2692 credens
606 2656 878 2693 Hannibalem
898 2669 1111 2706 superasse
1129 2657 1345 2706 Pyrenaeos
1364 2665 1538 2696 montes.
