1768 2943
520 144 624 176 Liber
650 144 759 175 xxn.
813 143 867 185 (A.
896 144 957 175 Ch.
984 142 1080 186 ⁶216.)
1423 146 1505 187 115

82 282 375 329 pugnaverunt,
406 277 534 314 civem
562 274 756 313 haberet?
790 276 849 312 Ex
874 276 1046 313 millibus
1075 282 1231 325 septem
1259 283 1504 313 armatorum
1523 275 1574 316 19

85 347 263 386 sexcenti
295 346 544 391 exstiterunt,
579 347 644 394 qui
678 358 889 395 erumpere
922 348 1134 391 auderent,
1169 348 1235 395 qui
1268 347 1308 383 in
1334 348 1503 395 patriam

84 418 195 455 liberi
228 423 349 466 atque
382 417 524 453 armati
555 417 747 461 redirent,
780 429 913 465 neque
947 418 1007 454 his
1041 418 1241 454 sexcentis
1267 418 1405 454 hostes
1435 419 1506 453 ob·-

84 489 240 533 stitere;
285 500 406 536 quam
448 493 576 525 tutum
618 488 692 524 iter
731 488 901 524 duarum
940 500 1068 537 prope
1108 488 1314 536 legionum
1354 489 1504 536 agmini
1520 488 1575 527 20

84 559 258 596 futurum
284 559 459 596 censetis
488 557 638 596 fuisse}>
671 557 887 594 Haberetis
917 559 1041 595 hodie
1068 558 1205 607 viginti
1230 557 1352 593 millia
1378 570 1506 593 arma—

83 635 215 666 torum
240 628 405 666 Canusii
431 629 563 674 fortia,
598 629 746 674 fidelia,
771 634 906 677 patres
933 630 1164 678 conscripti.
1227 628 1344 665 Nunc
1371 633 1506 664 autem

84 701 433 749 quemadmodum
451 700 489 736 hi
507 701 606 737 boni
624 700 846 749 fidelesque
865 698 975 751 (nam
993 700 1169 737 «fortes»
1186 713 1237 737 ne
1250 699 1326 748 ipsi
1340 698 1505 748 quidem

85 767 271 821 dixerint)
305 771 411 807 cives
445 783 534 808 esse
568 770 766 819 possunt?
807 770 893 808 Nisi
926 771 1014 819 quis
1048 772 1214 807 credere
1247 775 1396 819 potest,
1438 776 1506 806 aut
1521 769 1573 809 21

85 841 230 878 favisse
263 841 579 890 erumpentibus,
621 842 701 890 qui,
742 855 793 878 ne
827 847 1096 890 erumperent,
1142 842 1339 878 obsistere
1372 842 1508 878 conati

85 918 189 957 sunt,
217 917 285 948 aut
307 924 391 949 non
416 912 598 949 invidere
623 925 695 950 eos
721 925 843 961 quum
860 913 1139 957 incolumitati,
1165 918 1248 948 tum
1265 912 1403 961 gloriae
1421 912 1507 948 illo-

84 995 171 1020 rum
208 995 280 1032 per
319 984 503 1019 virtutem
542 988 679 1032 partae,
721 996 843 1032 quum
885 984 959 1020 sibi
998 984 1183 1020 timorem
1223 983 1507 1032 ignaviamque

85 1054 282 1091 servitutis
306 1054 592 1102 ignominiosae
617 1066 782 1091 causam
807 1067 898 1091 esse
921 1054 1063 1092 sciant.
1113 1054 1343 1090 Maluerunt
1360 1054 1401 1090 in
1418 1059 1504 1089 ten·
1521 1052 1576 1093 22

85 1125 196 1162 toriis
229 1125 401 1162 latentes
434 1125 549 1161 simul
583 1126 713 1162 lucem
746 1130 867 1173 atque
901 1126 1060 1162 hostem
1094 1130 1343 1174 exspectare,
1385 1137 1505 1172 quum

86 1195 246 1233 silentio
272 1196 404 1233 noctis
430 1196 669 1245 erumpendi
697 1196 861 1233 occasio
888 1201 1008 1233 esset.
1057 1197 1112 1232 At
1133 1197 1187 1232 ad
1212 1196 1507 1244 erumpendum

85 1279 108 1303 e
141 1266 281 1304 castris
313 1266 443 1303 defuit
475 1267 645 1311 animus,
687 1267 741 1303 ad
774 1268 945 1304 tutanda
980 1267 1133 1303 fortiter
1166 1272 1297 1304 castra
1331 1266 1508 1302 animum

85 1338 331 1382 habuerunt;
365 1338 454 1375 dies
485 1343 712 1386 noctesque
745 1338 899 1386 aliquot
932 1338 1089 1375 obsessi
1121 1338 1268 1374 vallum
1296 1337 1427 1383 armis,
1464 1349 1505 1372 se
1522 1334 1576 1376 23

85 1407 160 1457 ipsi
198 1409 314 1445 tutati
353 1409 458 1445 vallo
499 1414 609 1453 sunt;
651 1410 819 1445 tandem
851 1409 989 1445 ultima
1022 1409 1108 1445 ausi
1141 1409 1344 1457 passique,
1387 1420 1508 1456 quum

86 1479 223 1516 omnia
256 1480 438 1516 subsidia
469 1480 558 1516 vitae
592 1480 785 1516 deessent
818 1479 1054 1528 affectisque
1088 1479 1194 1516 fame
1228 1479 1374 1515 viribus
1398 1490 1509 1514 arma

84 1550 165 1586 iam
198 1550 395 1587 sustinere
427 1551 654 1599 nequirent,
688 1551 999 1587 necessitatibus
1027 1551 1156 1599 magis
1179 1550 1364 1586 humanis
1388 1561 1509 1597 quam

86 1621 206 1657 armis
238 1621 329 1658 victi
362 1626 468 1658 sunt.
532 1620 633 1658 Orto
668 1622 754 1658 sole
787 1621 914 1658 hostis
940 1622 993 1658 ad
1017 1622 1162 1657 vallum
1187 1621 1377 1664 accessit;
1412 1625 1506 1656 ante
1522 1617 1579 1658 24

86 1692 310 1729 secundam
328 1692 483 1737 horam,
507 1692 657 1728 nullam
676 1691 880 1728 fortunam
898 1691 1128 1728 certaminis
1147 1691 1312 1740 experti,
1332 1691 1510 1727 tradide-

84 1768 176 1799 runt
215 1775 326 1799 arma
365 1774 415 1798 ac
452 1774 495 1799 se
535 1762 661 1810 ipsos.
741 1762 840 1799 Haec
879 1763 994 1799 vobis
1036 1762 1202 1799 istorum
1237 1774 1308 1810 per
1339 1762 1507 1797 biduum
1523 1759 1578 1800 25

83 1832 224 1869 militia
252 1833 337 1869 fuit.
400 1832 534 1878 Quum
561 1833 602 1868 z'n
628 1833 715 1869 acie
741 1838 846 1869 stare
870 1845 919 1870 ac
942 1845 1124 1882 pugnare
1150 1833 1357 1877 decuerat,
1389 1830 1506 1883 [tum]

84 1903 126 1940 in
149 1909 282 1940 castra
306 1903 560 1952 refugerunt;
587 1915 710 1952 quum
733 1916 807 1952 pro
832 1904 936 1940 vallo
962 1904 1230 1952 pugnandum
1255 1908 1352 1947 erat,
1378 1908 1509 1939 castra

85 1973 351 2018 tradiderunt,
385 1986 519 2022 neque
551 1974 592 2011 in
625 1974 711 2011 acie
744 1986 878 2022 neque
910 1974 952 2010 in
985 1974 1126 2011 castris
1158 1974 1288 2011 utiles,
1352 1974 1404 2010 Et
1435 1986 1507 2010 vos
1522 1972 1576 2013 26

85 2043 312 2082 redimam?
345 2044 481 2091 Quum
513 2057 723 2094 erumpere
757 2059 774 2080 e
807 2045 947 2082 castris
980 2050 1155 2093 oportet,
1190 2045 1436 2082 cunctamini
1461 2057 1510 2082 ac

85 2114 278 2159 manetis;
312 2127 436 2163 quum
463 2128 629 2152 manere
658 2119 695 2152 et
723 2121 854 2152 castra
882 2116 1000 2152 tutari
1029 2116 1149 2153 armis
1173 2128 1343 2153 necesse
1368 2121 1440 2159 est,
1471 2122 1510 2152 et

86 2190 218 2222 castra
250 2190 290 2222 et
322 2198 433 2222 arma
466 2191 506 2222 et
536 2198 610 2223 vos
642 2186 754 2235 ipsos
788 2187 945 2223 traditis
969 2187 1088 2223 hosti.
1153 2187 1243 2236 Ego
1268 2199 1354 2223 non
1379 2187 1508 2235 magis
1524 2185 1576 2225 27

85 2255 185 2293 istos
194 2256 472 2301 redimendos,
492 2261 627 2305 patres
638 2257 869 2305 conscripti,
882 2269 1046 2302 censeo,
1059 2269 1180 2305 quam
1190 2257 1279 2294 illos
1290 2258 1509 2293 dedendos

86 2325 319 2372 Hannibali,
354 2328 420 2375 qui
453 2339 525 2376 per
557 2327 717 2364 medios
745 2328 885 2364 hostes
911 2340 932 2364 e
959 2328 1098 2364 castris
1125 2333 1342 2376 eruperunt
1367 2340 1414 2364 ac
1439 2340 1510 2376 per

87 2408 284 2434 summam
315 2397 500 2434 virtutem
534 2410 577 2435 se
609 2398 750 2446 patriae
782 2398 1081 2435 restituerunt.»

203 2468 425 2516 Postquam
473 2467 650 2505 Manlius
699 2468 810 2513 dixit,
859 2481 1092 2517 quanquam
1140 2474 1297 2518 patrum
1345 2480 1508 2516 quoque
1572 2465 1619 2510 61

85 2538 302 2586 plerosque
335 2539 481 2587 captivi
514 2539 763 2588 cognatione
796 2539 1064 2588 attingebant,
1105 2545 1248 2588 praeter
1281 2539 1508 2587 exemplum

87 2607 256 2646 civitatis
288 2609 452 2646 minime
484 2610 525 2646 in
558 2609 740 2658 captivos
774 2610 853 2646 iam
879 2610 976 2646 inde
1001 2610 1220 2657 antiquitus
1244 2609 1506 2657 indulgentis,

87 2679 271 2727 pecuniae
310 2691 473 2728 quoque
507 2692 662 2717 summa
695 2681 881 2718 homines
913 2680 1051 2724 movit,
1092 2680 1185 2727 quia
1218 2691 1294 2717 nec
1328 2679 1550 2719 aerarium2

1183 2745 1226 2780 8*
