1789 2955
259 75 313 112 64
652 69 769 105 Liber
792 69 957 106 XXVII.
1006 72 1067 115 (A.
1093 83 1128 106 u.
1154 83 1183 108 c.
1208 72 1304 117 544.)

261 200 359 237 iussi
390 199 521 246 adire3
552 199 601 236 iis
632 211 790 248 quoque
823 212 910 249 quae
942 198 1145 246 darentur,
1170 203 1340 250 portata,
1362 204 1466 250 togae
1489 204 1693 251 praetextae

188 273 237 309 10
256 277 294 310 et
334 275 449 309 terna
485 271 618 321 pondo
657 275 807 320 paterae
848 284 992 311 aureae.
1053 271 1107 308 Et
1137 271 1435 309 Alexandream
1472 273 1523 310 ad
1554 273 1694 311 Ptolo-

259 358 399 381 maeum
431 348 471 381 et
501 343 756 393 Cleopatram
786 356 899 392 reges
929 343 985 380 M.
1019 343 1175 381 Atilius
1207 347 1246 381 et
1275 344 1342 382 M!
1367 344 1538 391 Acilius,
1569 345 1696 394 legati

259 416 308 453 ad
355 415 739 454 commemorandam
777 415 1125 465 renovandamque
1165 416 1381 454 amicitiam
1420 417 1544 464 missi,
1590 416 1695 455 dona

257 489 397 536 tulere,
428 489 515 538 regi
545 492 680 537 togam
712 492 751 525 et
779 488 957 525 tunicam
989 501 1230 538 purpuream
1261 501 1349 525 cum
1380 489 1479 526 sella
1509 489 1695 536 eburnea,

258 561 407 610 reginae
438 561 588 610 pallam
619 560 768 610 pictam
801 573 888 597 cum
919 561 1089 597 amiculo
1120 574 1334 610 purpureo.

188 635 233 669 11
370 633 502 670 Multa
533 646 579 670 ea
611 636 758 679 aestate,
789 646 868 682 qua
899 633 982 669 haec
1013 633 1119 669 facta
1150 637 1255 683 sunt,
1288 647 1336 670 ex
1362 633 1604 683 propinquis
1629 646 1695 670 ur-

258 704 378 742 bibus
409 705 596 754 agrisque
626 705 810 743 nuntiata
841 709 932 742 sunt
961 705 1163 754 prodigia:
1224 704 1390 742 Tusculi
1428 718 1576 754 agnum
1607 718 1696 742 cum

258 777 381 814 ubere
422 777 588 814 lactenti
625 780 774 824 natum,
821 777 931 815 Iovis
972 777 1069 814 aedis
1110 777 1265 814 culmen
1297 777 1464 815 fulmine
1494 778 1619 815 ictum
1650 791 1696 815 ac

187 851 235 886 112
255 862 379 899 prope
421 850 529 886 omni
566 853 673 887 tecto
712 850 923 896 nudatum3
970 849 1112 886 iisdem
1151 850 1272 886 ferme
1310 849 1454 886 diebus
1493 849 1696 898 Anagniae

257 926 408 959 terram
450 926 541 958 ante
581 926 737 971 portam
776 922 895 958 ictam
937 921 1044 958 diem
1085 934 1129 958 ac
1171 925 1327 959 noctem
1359 923 1445 959 sine
1475 922 1560 960 ullo
1591 922 1696 970 ignis

258 994 449 1031 alimento
480 994 636 1040 arsisse,
668 997 707 1030 et
745 1007 837 1031 aves
878 993 928 1031 ad
970 994 1188 1043 compitum
1218 994 1481 1043 Anagninum
1522 994 1564 1031 in
1604 994 1696 1032 luco

187 1065 238 1101 13
257 1064 401 1103 Dianae
432 1065 547 1103 nidos
576 1067 617 1104 in
650 1066 862 1104 arboribus
887 1066 1115 1115 reliquisse3
1149 1065 1377 1103 Tarracinae
1401 1067 1442 1103 in
1466 1066 1567 1104 mari
1589 1065 1697 1103 haud

258 1138 399 1187 procul
429 1143 549 1188 portu
579 1152 728 1188 angues
757 1138 1045 1187 magnitudinis
1072 1139 1182 1175 mirae
1206 1139 1502 1176 lascivientium
1525 1138 1697 1188 piscium

186 1211 236 1247 14
255 1210 371 1247 modo
404 1211 642 1257 exsultasse3
688 1210 922 1260 Tarquiniis
965 1224 1131 1260 porcum
1164 1225 1250 1248 cum
1284 1225 1351 1249 ore
1380 1211 1552 1249 humano
1584 1210 1697 1260 geni-

258 1285 355 1328 tum,
389 1286 429 1320 et
458 1283 499 1319 in
531 1297 626 1332 agro
660 1283 861 1333 Capenate
894 1283 944 1320 ad
976 1284 1108 1321 lucum
1139 1283 1322 1321 Feroniae
1355 1287 1545 1333 quattuor
1582 1283 1699 1332 signa

188 1355 237 1392 15
256 1355 451 1403 sanguine
483 1356 608 1393 multo
642 1356 747 1392 diem
778 1369 823 1392 ac
855 1359 1009 1392 noctem
1042 1355 1217 1393 sudasse.
1280 1356 1377 1392 Haec
1414 1354 1600 1404 prodigia
1629 1354 1698 1392 ho-

259 1427 350 1464 stiis
381 1427 600 1465 maioribus
632 1431 846 1478 procurata
884 1427 1043 1465 decreto
1081 1428 1330 1477 pontificum3
1377 1431 1417 1464 et
1454 1426 1697 1477 supplicatio

259 1499 365 1536 diem
396 1513 518 1537 unum
535 1501 675 1537 Romae
707 1500 758 1537 ad
790 1500 922 1537 omnia
952 1500 1191 1549 pulvinaria,
1224 1501 1396 1538 alterum
1427 1499 1469 1536 in
1502 1498 1697 1549 Capenati

259 1584 356 1620 agro
388 1572 438 1610 ad
468 1572 651 1609 Feroniae
682 1573 813 1609 lucum
844 1573 1008 1610 indicta.

368 1644 422 1681 M.
442 1645 630 1682 Valerius
661 1646 801 1682 consul
832 1645 981 1682 litteris
1013 1644 1177 1691 excitus,
1208 1644 1415 1693 provincia
1441 1644 1698 1693 exercituque

260 1716 448 1754 mandato
465 1717 510 1754 L.
530 1716 668 1754 Cincio
685 1718 863 1766 praetori,
885 1717 941 1755 M.
962 1716 1126 1754 Valerio
1143 1716 1335 1754 Messalla
1351 1717 1540 1766 praefecto
1557 1715 1698 1754 classis

260 1801 349 1825 cum
371 1792 485 1838 parte
507 1789 668 1826 navium
694 1789 737 1826 in
761 1789 945 1826 Africam
969 1789 1192 1839 praedatum
1216 1789 1333 1826 simul
1360 1789 1698 1838 speculatumque,

215 1861 236 1896 2
257 1874 345 1910 quae
376 1861 547 1911 populus
580 1860 923 1910 Carthaginiensis
965 1865 1103 1909 ageret
1140 1864 1392 1910 pararetque,
1437 1861 1567 1907 misso,
1613 1861 1698 1910 ipse

261 1932 397 1970 decem
428 1934 599 1971 navibus
622 1933 790 1971 Romam
820 1934 1034 1983 profectus,
1066 1946 1187 1982 quum
1218 1945 1408 1983 prospere
1439 1932 1699 1982 pervenisset,

261 2009 441 2042 senatum
479 2006 678 2055 extemplo
718 2005 870 2043 habuit.
930 2005 997 2043 Ibi
1037 2006 1085 2042 de
1117 2005 1198 2042 suis
1228 2006 1346 2042 rebus
1377 2005 1500 2054 gestis
1532 2017 1697 2042 comme-

219 2077 441 2114 3moravit.
502 2077 633 2124 Quum
665 2091 789 2115 annos
820 2091 945 2127 prope
976 2077 1183 2126 sexaginta
1213 2077 1253 2114 in
1277 2076 1420 2114 Sicilia
1448 2080 1557 2114 terra
1580 2076 1697 2114 mari-

262 2162 339 2198 que
370 2150 523 2198 magnis
556 2162 659 2199 saepe
692 2149 874 2187 cladibus
906 2150 1099 2188 bellatum
1131 2153 1245 2196 esset,
1277 2163 1316 2186 se
1340 2163 1426 2187 eam
1450 2149 1698 2199 provinciam

219 2222 243 2258 4
262 2221 489 2259 confecisse.
546 2221 757 2259 Neminem
784 2222 1160 2271 Carthaginiensem
1190 2222 1232 2258 in
1263 2220 1407 2259 Sicilia
1439 2234 1544 2267 esse;
1574 2221 1697 2258 nemi-

261 2307 350 2330 nem
382 2292 562 2331 Siculum
594 2307 674 2330 non
705 2307 804 2340 esse3
838 2295 907 2344 qui
940 2295 1068 2343 fugati
1098 2298 1205 2332 metu
1229 2294 1323 2331 inde
1346 2293 1530 2339 afuerint,
1563 2306 1698 2331 omnes

220 2366 243 2402 5
262 2366 303 2402 in
332 2365 464 2413 urbes,
498 2366 538 2402 in
570 2378 686 2414 agros
718 2379 809 2403 suos
840 2366 1026 2403 reductos
1057 2379 1184 2413 arare,
1215 2379 1363 2411 serere;
1409 2365 1605 2402 desertam
1636 2378 1697 2402 re-

265 2439 345 2475 coli
382 2442 543 2484 terram,
587 2437 748 2475 tandem
786 2438 1021 2486 frugiferam
1062 2438 1159 2487 ipsis
1206 2437 1425 2474 cultoribus
1469 2436 1700 2486 populoque

220 2511 242 2545 6
262 2510 445 2548 Romano
461 2523 558 2560 pace
576 2523 621 2547 ac
637 2510 744 2548 bello
761 2510 996 2547 fidissimum
1013 2523 1179 2547 annonae
1196 2509 1430 2547 subsidium.
1471 2508 1579 2545 Exin
1589 2508 1698 2545 Mut-

262 2583 357 2629 tine,
374 2586 413 2619 et
429 2582 463 2619 si
479 2596 647 2632 quorum
665 2582 833 2620 aliorum
852 2582 993 2619 merita
1011 2594 1107 2630 erga
1122 2582 1316 2631 populum
1331 2580 1557 2618 Romanum
1573 2582 1700 2627 erant,

264 2654 304 2691 in
329 2658 510 2692 senatum
535 2654 787 2700 introductis,
813 2653 983 2692 honores
1007 2653 1190 2691 omnibus
1213 2653 1263 2690 ad
1283 2652 1564 2692 exsolvendam
1579 2651 1698 2690 fidem
