1789 2955
502 106 617 140 Liber
638 105 806 141 XXVII.
845 107 903 148 (A.
929 105 993 140 Oh.
1015 106 1107 148 210.)
1475 109 1526 147 65

94 233 268 272 consulis
325 232 469 271 habiti.
558 232 753 269 Muttines
807 232 926 269 etiam
983 233 1082 270 civis
1135 232 1339 270 Romanus
1391 234 1530 280 factus,
1553 234 1570 268 7

92 305 301 354 rogatione
341 304 390 342 ab
429 304 592 341 tribuno
639 303 769 353 plebis
808 317 854 340 ex
885 304 1126 341 auctoritate
1164 307 1322 353 patrum
1363 305 1412 342 ad
1444 305 1525 354 ple-

92 377 177 414 bem
209 377 301 414 lata.

206 447 315 485 Dum
356 447 440 484 haec
478 447 616 484 Romae
661 450 876 496 geruntur,
918 447 971 484 M.
1006 447 1192 485 Valerius
1233 447 1567 497 quinquagintass

92 519 262 557 navibus
293 532 413 568 quum
445 522 537 556 ante
568 519 693 555 lucem
733 517 783 555 ad
822 518 1003 556 Africam
1035 519 1277 565 accessisset,
1310 519 1525 568 improviso

93 591 134 629 in
171 604 310 640 agrum
338 590 570 628 Uticensem
603 591 871 627 escensionem
896 590 1010 636 feeit3
1042 604 1208 639 eumque
1238 591 1317 628 late
1350 590 1525 640 depopu-
1544 589 1565 626 9

97 664 214 709 latus,
247 663 383 700 multis
407 662 645 700 mortalibus
671 675 756 699 cum
784 662 864 699 alia
890 662 1016 698 omnis
1045 662 1201 710 generis
1228 662 1363 711 praeda
1388 663 1526 711 captis.

94 734 145 772 ad
177 747 297 772 naves
328 734 453 772 rediit
484 737 523 770 et
553 734 603 771 ad
637 732 817 770 Siciliam
844 733 1081 782 transmisit,
1114 734 1233 770 tertio
1266 733 1416 770 decimo
1449 733 1524 779 die,

93 818 212 855 quam
243 805 444 855 profectus
478 804 570 842 inde
602 808 705 851 erat,
735 805 958 853 Lilybaeum
999 808 1191 842 revectus.
1252 805 1313 842 Ex
1344 805 1524 854 captivis,
1547 805 1595 842 lO

91 877 311 927 quaestione
350 876 508 922 habita,
549 876 632 912 haec
679 880 880 926 comperta
919 877 1150 925 consulique
1189 876 1352 914 Laevino
1393 878 1524 915 omnia

91 948 233 986 ordine
264 948 501 998 perscripta,
532 952 576 984 ut
607 948 739 994 sciret,
771 962 847 997 quo
880 949 921 985 in
954 951 1061 985 statu
1095 948 1246 985 Africae
1279 962 1340 985 res
1373 952 1521 986 essent:

90 1020 265 1069 quinque
287 1020 415 1056 millia
439 1019 702 1057 Numidarum
728 1033 813 1057 cum
832 1020 1056 1065 Masinissa,
1076 1018 1190 1056 Gralae
1207 1019 1301 1065 filio,
1327 1021 1519 1058 acerrimo
1539 1022 1586 1058 11

90 1092 246 1138 iuvene,
279 1091 521 1139 Carthagine
553 1103 657 1141 esse,
696 1094 734 1128 et
765 1092 865 1128 alios
896 1105 967 1141 per
1008 1095 1131 1129 totam
1163 1090 1344 1129 Africam
1376 1092 1523 1129 milites

91 1162 272 1200 mercede
305 1162 485 1209 conduci,
519 1163 586 1211 qui
617 1163 657 1199 in
688 1162 927 1212 Hispaniam
959 1164 1008 1200 ad
1041 1163 1333 1200 Hasdrubalem
1364 1164 1521 1200 traiice-

87 1239 239 1281 rentur,
270 1238 315 1272 ut
351 1234 385 1271 is
424 1247 540 1283 quam
572 1234 744 1271 maximo
784 1236 958 1272 exercitu
998 1235 1127 1284 primo
1160 1249 1318 1284 quoque
1347 1238 1526 1284 tempore
1548 1236 1596 1272 12

88 1307 130 1344 in
154 1307 315 1344 Italiam
345 1309 618 1354 transgressus
644 1306 830 1354 iungeret
862 1320 902 1343 se
928 1306 1167 1353 Hannibali,
1202 1307 1241 1343 in
1275 1320 1319 1343 eo
1350 1307 1521 1356 positam

84 1378 294 1416 victoriam
312 1378 474 1415 credere
496 1377 866 1427 Carthaginienses,
898 1378 1062 1415 classem
1093 1382 1286 1428 praeterea
1317 1378 1517 1426 ingentem
1540 1379 1588 1415 13

87 1450 275 1500 apparari
307 1450 356 1487 ad
399 1448 580 1486 Siciliam
614 1450 890 1499 repetendam,
933 1464 1098 1500 eamque
1133 1464 1173 1487 se
1206 1450 1368 1487 credere
1408 1450 1521 1487 brevi

84 1522 355 1559 traiecturam.
401 1522 501 1559 Haec
532 1522 699 1558 recitata
730 1535 752 1558 a
783 1522 944 1559 consule
980 1523 1037 1559 ita
1062 1536 1218 1560 movere
1250 1525 1443 1567 senatum,
1475 1526 1519 1559 ut
1541 1522 1588 1558 14

84 1606 165 1631 non
196 1593 466 1643 exspectanda
497 1592 657 1629 comitia
703 1594 854 1630 consuli
901 1597 1125 1640 censerent,
1172 1594 1239 1631 sed
1285 1594 1520 1631 dictatorem

85 1665 335 1702 comitiorum
352 1665 627 1702 habendorum
653 1678 770 1702 causa
791 1665 884 1712 dici,
910 1669 948 1701 et
975 1666 1174 1714 extemplo
1208 1666 1248 1702 in
1273 1666 1519 1714 provinciam

81 1736 338 1774 redeundum.
397 1737 476 1774 Illa
509 1736 747 1785 disceptatio
786 1737 959 1783 tenebat,
999 1737 1105 1786 quod
1136 1738 1273 1774 consul
1305 1738 1345 1773 in
1377 1735 1518 1774 Sicilia
1540 1738 1587 1774 15

82 1822 124 1846 se
140 1808 195 1846 M.
214 1809 423 1847 Valerium
440 1809 682 1854 Messallam,
710 1809 778 1857 qui
802 1811 885 1845 tum
915 1809 1030 1845 classi
1056 1812 1253 1858 praeesset,
1280 1809 1517 1846 dictatorem

85 1880 288 1918 dicturum
328 1894 411 1918 esse
443 1880 595 1925 aiebat,
643 1883 777 1929 patres
820 1883 931 1916 extra
963 1880 1186 1917 Romanuin
1229 1894 1367 1929 agrum
1414 1880 1518 1929 (eum

82 1955 216 1989 autem
247 1952 371 1990 Italia
401 1950 629 2003 terminari)
661 1952 862 2000 negabant
893 1952 1129 1989 dictatorem
1162 1952 1242 1989 dici
1275 1966 1403 2002 posse.
1463 1951 1519 1989 M.
1539 1953 1588 1990 16

84 2023 297 2061 Lucretius
327 2025 513 2062 tribunus
531 2024 661 2073 plebis
679 2037 796 2072 quum
817 2023 865 2060 de
882 2037 926 2060 ea
952 2037 994 2061 re
1013 2024 1248 2071 consuleret,
1266 2024 1323 2061 ita
1341 2024 1517 2061 decrevit

80 2099 259 2142 senatus,
291 2099 336 2133 ut
367 2097 527 2143 consul,
559 2096 790 2145 priusquam
823 2095 872 2132 ab
919 2096 1018 2132 urbe
1059 2095 1295 2142 discederet,
1323 2095 1515 2145 populum

80 2171 254 2216 rogaret,
293 2180 410 2217 quem
429 2168 664 2205 dictatorem
689 2167 767 2204 dici
794 2168 981 2216 placeret,
1000 2181 1179 2217 eumque,
1211 2181 1327 2217 quem
1345 2168 1515 2217 populus

79 2239 272 2286 iussisset,
285 2239 435 2277 diceret
452 2239 706 2285 dictatorem;
726 2239 760 2275 si
778 2239 915 2276 consul
932 2240 1138 2286 noluisset,
1158 2242 1306 2289 praetor
1322 2239 1514 2289 populum

77 2315 263 2360 rogaret3
296 2312 330 2348 si
353 2325 401 2349 ne
430 2313 463 2348 is
491 2312 649 2361 quidem
676 2312 811 2358 vellet,
836 2314 919 2347 tum
937 2312 1091 2349 tribuni
1109 2312 1159 2349 ad
1177 2312 1334 2361 plebem
1352 2312 1512 2348 ferrent.

78 2382 208 2430 Quum
251 2384 388 2421 consul
427 2397 467 2421 se
513 2384 703 2433 populum
750 2387 981 2432 rogaturum
1028 2387 1232 2432 negasset,
1281 2383 1388 2431 quod
1433 2395 1512 2419 suae
1534 2383 1580 2418 17

76 2457 285 2505 potestatis
317 2458 430 2502 esset,
461 2459 752 2505 praetoremque
784 2456 974 2492 vetuisset
1015 2469 1168 2503 rogare,
1195 2454 1350 2491 tribuni
1382 2453 1512 2503 plebis

75 2531 279 2576 rogarunt,
311 2527 526 2578 plebesque
558 2527 684 2577 scivit,
713 2530 757 2564 ut
787 2526 833 2573 Q.
851 2527 1029 2574 Fulvius,
1061 2528 1129 2576 qui
1152 2530 1235 2563 tum
1268 2525 1318 2562 ad
1337 2524 1510 2575 Capuam

76 2602 171 2645 erat,
203 2599 379 2637 dictator
417 2600 627 2636 diceretur.
682 2597 761 2636 Sed
793 2612 870 2647 quo
918 2598 982 2635 die
1030 2599 1070 2634 id
1116 2597 1246 2647 plebis
1294 2597 1504 2634 concilium
1526 2598 1574 2634 18

74 2670 252 2708 futurum
280 2674 375 2717 erat,
402 2671 538 2707 consul
565 2671 664 2707 olam
683 2673 796 2707 nocte
814 2671 854 2707 iu
881 2669 1060 2706 Siciliam
1088 2670 1208 2716 abiit3
1241 2668 1506 2719 destitutique

142 2741 248 2766 Livius
269 2747 306 2766 ex
324 2747 380 2766 rec.
402 2740 555 2772 Madvigii.
599 2740 652 2766 IV.
1215 2738 1235 2771 5
