1789 2955
515 88 632 124 Liber
655 87 802 123 xxvi.
850 88 910 133 (A.
938 88 1002 124 Ch.
1028 91 1122 134 210.)
1468 95 1529 133 ·59

101 218 312 269 impositis,
342 217 527 255 nuntium
550 217 730 255 victoriae
746 216 914 254 Romam
939 217 1075 256 mittit.
1134 218 1228 268 Ipse
1257 233 1406 269 paucos
1439 221 1536 259 dies.
1554 222 1576 258 3

101 291 246 342 quibus
268 291 416 328 morari
433 289 677 338 Carthagine
703 292 910 336 statuerat,
938 290 1169 328 exercendis
1186 291 1397 330 navalibus
1414 293 1532 342 pede-

99 363 329 413 stribusque
369 363 495 412 copiis
534 362 767 411 absumpsit.
827 361 965 398 Primo
1007 362 1071 400 die
1112 363 1289 412 legiones
1329 364 1371 401 in
1413 366 1578 404 armis—L

99 439 291 486 quattuor
314 435 488 473 millium
513 434 642 485 spatio
668 434 949 481 decurrerunt3
976 436 1149 472 secundo
1175 435 1240 473 die
1267 449 1378 473 arma
1394 450 1533 475 curare

100 512 142 547 et
170 511 328 557 tergere
359 511 449 545 ante
479 507 653 545 tentoria
682 506 796 552 iussi;
833 506 956 544 tertio
990 507 1054 544 die
1085 508 1253 546 rudibus
1284 508 1390 545 inter
1420 523 1461 546 se
1492 509 1532 546 111

100 581 262 619 modum
300 575 415 617 fustae
456 592 601 630 pugnae
641 581 931 616 concurrerunt
967 580 1271 630 praepilatisque
1311 581 1532 619 missilibus

100 653 263 691 iaculati
294 656 402 698 sunt;
435 654 577 701 quarto
609 651 674 688 die
705 651 819 700 quies
851 651 962 696 data;
995 652 1133 700 quinto
1165 653 1309 690 iterum
1340 653 1381 690 in
1413 654 1533 691 armis

97 726 309 764 decursum
343 727 412 762 est.
474 724 593 761 Hunc
625 723 807 760 ordinem
839 723 991 761 laboris
1023 724 1261 774 quietisque,
1285 726 1418 775 quoad
1443 725 1537 763 Car·
1559 726 1580 763 5

97 799 260 848 thagine
286 797 431 834 morati
457 800 561 842 sunt,
587 799 809 834 servarunt.
870 796 1101 844 Remigium
1121 797 1356 847 classicique
1374 798 1536 846 milites,
1555 800 1577 836 6

97 869 319 919 tranquillo
343 869 384 906 in
409 869 535 905 altum
552 868 690 915 evecti,
716 868 941 917 agilitatem
958 868 1119 905 navium
1137 869 1363 907 simulacris
1379 870 1534 908 navalis

97 955 243 992 pugnae
268 941 587 991 experiebantur.
633 941 731 978 Haec
758 944 869 978 extra
891 941 1030 978 urbem
1047 943 1155 978 terra
1172 942 1354 992 marique
1372 956 1539 992 corpora
1559 944 1578 978 7

97 1015 217 1052 simul
258 1014 492 1063 animosque
530 1013 581 1050 ad
611 1013 763 1050 bellum
804 1014 1016 1059 acuebant;
1061 1014 1155 1050 urbs
1202 1014 1288 1063 ipsa
1334 1015 1535 1064 strepebat

97 1090 295 1137 apparatu
324 1086 437 1132 belli,
469 1085 593 1122 fabris
624 1086 800 1122 omnium
825 1099 1014 1134 generum
1040 1085 1082 1122 in
1106 1086 1271 1135 publica
1293 1087 1453 1124 officina
1476 1087 1535 1124 in-

95 1159 231 1198 clusis.
276 1159 373 1197 Dux
400 1161 543 1196 cuncta
568 1158 658 1207 pari
682 1171 777 1194 cura
801 1157 961 1204 obibat3
988 1171 1093 1195 nunc
1117 1159 1156 1195 in
1181 1159 1307 1197 classe
1333 1173 1377 1196 ac
1403 1159 1537 1197 navali
1555 1161 1578 1196 8

99 1235 196 1279 erat,
208 1245 313 1269 nunc
326 1245 413 1268 cum
426 1230 656 1280 legionibus
669 1230 907 1267 decurrebat
920 1244 926 1276 3
945 1243 1049 1268 nunc
1063 1232 1252 1280 operibus
1264 1231 1536 1282 adspiciendis

97 1308 255 1354 tempus
287 1303 420 1350 dabat,
467 1316 634 1352 quaeque
673 1302 716 1338 in
747 1301 923 1340 officinis
955 1316 1122 1352 quaeque
1154 1304 1196 1341 in
1228 1304 1535 1341 armamentario

99 1390 143 1414 ac
183 1376 395 1414 navalibus
432 1376 635 1414 fabrorum
677 1375 895 1412 multitudo
935 1375 1111 1425 plurima
1151 1376 1192 1412 in
1234 1376 1412 1425 singulos
1453 1376 1536 1414 dies

99 1449 314 1486 certamine
340 1448 496 1498 ingenti
522 1448 705 1485 faciebat.
765 1447 842 1485 His
868 1448 926 1485 ita
948 1448 1146 1485 inchoatis
1170 1449 1423 1498 refectisque,
1451 1462 1539 1498 quae
1558 1450 1580 1486 9

97 1524 287 1570 quassata
327 1524 442 1559 erant
482 1520 598 1562 muri.
645 1519 934 1570 dispositisque
975 1520 1178 1570 praesidiis
1219 1521 1268 1558 ad
1314 1521 1534 1559 custodiam

97 1593 222 1640 urbis,
245 1593 512 1631 Tarraconem
537 1597 597 1630 est
619 1593 835 1642 profectus,
860 1606 881 1629 a
904 1593 1041 1630 multis
1064 1593 1336 1641 legationibus
1352 1593 1536 1643 protinus

99 1666 140 1703 in
170 1666 238 1704 via
269 1666 412 1712 aditus,
453 1678 550 1714 quas
590 1664 738 1714 partim
771 1664 864 1702 dato
895 1678 1086 1715 responso
1119 1678 1166 1701 ex
1198 1665 1341 1702 itinere
1373 1665 1538 1711 dimisit,
1559 1665 1608 1702 10

96 1738 245 1788 partim
277 1737 437 1775 distulit
467 1737 746 1784 Tarraconem,
784 1751 861 1786 quo
894 1737 1078 1774 omnibus
1108 1738 1221 1774 novis
1251 1738 1535 1787 veteribusque

97 1810 218 1848 sociis
250 1809 430 1847 edixerat
461 1812 710 1847 conventum.
771 1809 825 1846 Et
857 1810 990 1847 cuncti
1022 1810 1116 1856 fere,
1148 1810 1218 1859 qui
1250 1811 1304 1847 cis
1336 1809 1537 1847 Hiberum
1557 1810 1604 1847 11

99 1882 281 1920 incolunt
310 1881 462 1932 populi,
493 1881 610 1919 multi
636 1881 756 1919 etiam
780 1882 988 1919 ulterioris
1011 1882 1229 1931 provinciae
1254 1884 1535 1920 convenerunt.

99 1953 494 2003 Carthaginiensium
526 1954 643 1991 duces
675 1955 803 2004 primo
829 1968 876 1991 ex
901 1954 1101 1990 industria
1124 1954 1269 1992 famam
1295 1957 1420 2004 captae
1439 1953 1533 1991 Car-

98 2027 276 2077 thaginis
307 2029 643 2076 compresserunt3
681 2026 834 2073 deinde,
866 2029 911 2063 ut
943 2027 1090 2064 clarior
1120 2040 1181 2064 res
1214 2029 1310 2074 erat,
1341 2039 1461 2075 quam
1490 2029 1534 2063 ut

99 2099 183 2149 tegi
224 2113 268 2137 ac
300 2098 548 2136 dissimulari
578 2102 723 2148 posset,
756 2098 968 2136 elevabant
997 2098 1150 2136 verbis:
1196 2098 1434 2148 necopinato
1466 2097 1533 2136 ad·
1555 2098 1604 2134 12

98 2175 222 2210 ventu
253 2185 298 2209 ac
328 2184 454 2221 prope
484 2171 591 2208 furto
622 2171 741 2208 unius
766 2171 845 2208 diei
871 2172 1010 2209 urbem
1034 2184 1153 2207 unam
1179 2171 1388 2221 Hispaniae
1411 2171 1532 2208 inter-

99 2248 276 2294 ceptam3
309 2243 422 2280 cuius
453 2243 511 2280 rei
535 2246 616 2280 tam
641 2257 773 2293 parvae
798 2243 964 2293 praemio
990 2243 1138 2280 elatum
1163 2243 1399 2281 insolentem
1424 2243 1531 2279 iuve-

97 2329 186 2354 nem
227 2316 439 2353 immodico
478 2316 626 2365 gaudio
668 2316 843 2365 speciem
882 2328 1035 2364 magnae
1065 2316 1247 2353 victoriae
1277 2316 1533 2364 imposuisse3

98 2392 139 2426 at
168 2388 239 2426 ubi
270 2389 592 2438 appropinquare
622 2392 703 2425 tres
734 2388 866 2435 duces,
906 2392 987 2425 tres
1017 2388 1188 2425 victores
1219 2388 1391 2424 hostium
1424 2400 1532 2423 exer·
1555 2386 1603 2423 13

100 2461 201 2498 citus
232 2461 420 2507 audisset,
453 2474 704 2498 occursuram
729 2461 765 2497 ei
792 2461 992 2510 extemplo
1021 2460 1327 2497 domesticorum
1349 2459 1533 2496 funerum

98 2532 340 2571 memoriam.
386 2533 484 2570 Haec
504 2533 545 2570 in
561 2533 707 2581 vulgus
727 2533 942 2579 iactabant,
968 2532 1278 2581 haudquaquam
1295 2531 1372 2581 ipsi
1391 2530 1534 2579 ignari,
1557 2531 1605 2567 14

99 2607 292 2655 quantum
325 2604 402 2642 sibi
434 2605 483 2642 ad
514 2606 647 2643 omnia
676 2605 822 2642 virium
851 2604 1092 2653 Carthagine
1117 2603 1259 2641 amissa
1286 2603 1530 2641 decessisset.
