<?xml version="1.0" encoding="UTF-8"?>
<!DOCTYPE html PUBLIC "-//W3C//DTD XHTML 1.0 Transitional//EN"
    "http://www.w3.org/TR/xhtml1/DTD/xhtml1-transitional.dtd">
<html xmlns="http://www.w3.org/1999/xhtml" xml:lang="en" lang="en">
 <head>
  <title>
</title>
<meta http-equiv="Content-Type" content="text/html;charset=utf-8" />
  <meta name='ocr-system' content='tesseract 3.04.00' />
  <meta name='ocr-capabilities' content='ocr_page ocr_carea ocr_par ocr_line ocrx_word'/>
</head>
<body>
  <div class='ocr_page' id='page_1' title='image "./historiarumroman02livyuoft_0226.png"; bbox 0 0 1789 2955; ppageno 0'>
   <div class='ocr_carea' id='block_1_1' title="bbox 249 104 1236 148">
    <p class='ocr_par' dir='ltr' id='par_1_1' title="bbox 249 104 1236 148">
     <span class='ocr_line' id='line_1_1' title="bbox 249 104 1236 148; baseline 0.001 -12"><span class='ocrx_word' id='word_1_1' title='bbox 249 107 329 147; x_wconf 75' lang='lat'>186</span> <span class='ocrx_word' id='word_1_2' title='bbox 667 105 772 136; x_wconf 87' lang='lat' dir='ltr'>Liber</span> <span class='ocrx_word' id='word_1_3' title='bbox 798 105 923 136; x_wconf 81' lang='lat' dir='ltr'>XXIV.</span> <span class='ocrx_word' id='word_1_4' title='bbox 967 104 1022 147; x_wconf 86' lang='lat' dir='ltr'>(A.</span> <span class='ocrx_word' id='word_1_5' title='bbox 1044 116 1076 136; x_wconf 89' lang='lat' dir='ltr'>u.</span> <span class='ocrx_word' id='word_1_6' title='bbox 1095 116 1124 136; x_wconf 91' lang='lat' dir='ltr'>e.</span> <span class='ocrx_word' id='word_1_7' title='bbox 1143 105 1236 148; x_wconf 83' lang='lat'>540.)</span> 
     </span>
    </p>
   </div>
   <div class='ocr_carea' id='block_1_2' title="bbox 138 236 1663 2675">
    <p class='ocr_par' dir='ltr' id='par_1_2' title="bbox 204 236 1660 496">
     <span class='ocr_line' id='line_1_2' title="bbox 244 236 1658 286; baseline 0.001 -14"><span class='ocrx_word' id='word_1_8' title='bbox 244 248 318 284; x_wconf 92' lang='lat' dir='ltr'>pro</span> <span class='ocrx_word' id='word_1_9' title='bbox 350 236 496 284; x_wconf 87' lang='lat' dir='ltr'>gladiis</span> <span class='ocrx_word' id='word_1_10' title='bbox 529 236 705 272; x_wconf 89' lang='lat' dir='ltr'>humana</span> <span class='ocrx_word' id='word_1_11' title='bbox 737 236 871 284; x_wconf 89' lang='lat' dir='ltr'>capita</span> <span class='ocrx_word' id='word_1_12' title='bbox 896 249 998 280; x_wconf 88' lang='lat' dir='ltr'>esse,</span> <span class='ocrx_word' id='word_1_13' title='bbox 1033 237 1190 285; x_wconf 89' lang='lat' dir='ltr'>signum</span> <span class='ocrx_word' id='word_1_14' title='bbox 1219 238 1305 274; x_wconf 89' lang='lat' dir='ltr'>dari</span> <span class='ocrx_word' id='word_1_15' title='bbox 1332 250 1504 286; x_wconf 81' lang='lat' dir='ltr'>propere</span> <span class='ocrx_word' id='word_1_16' title='bbox 1534 237 1658 280; x_wconf 88' lang='lat' dir='ltr'>iussit,</span> 
     </span>
     <span class='ocr_line' id='line_1_3' title="bbox 204 306 1659 355; baseline -0.001 -10"><span class='ocrx_word' id='word_1_17' title='bbox 204 306 488 354; x_wconf 76' lang='lat' dir='ltr'>ssproiicerent</span> <span class='ocrx_word' id='word_1_18' title='bbox 515 306 649 355; x_wconf 87' lang='lat' dir='ltr'>capita</span> <span class='ocrx_word' id='word_1_19' title='bbox 677 307 996 355; x_wconf 87' lang='lat' dir='ltr'>invaderentque</span> <span class='ocrx_word' id='word_1_20' title='bbox 1026 307 1202 344; x_wconf 89' lang='lat' dir='ltr'>hostem:</span> <span class='ocrx_word' id='word_1_21' title='bbox 1238 308 1386 344; x_wconf 86' lang='lat' dir='ltr'>claram</span> <span class='ocrx_word' id='word_1_22' title='bbox 1414 308 1510 344; x_wconf 88' lang='lat' dir='ltr'>satis</span> <span class='ocrx_word' id='word_1_23' title='bbox 1538 313 1578 343; x_wconf 90' lang='lat' dir='ltr'>et</span> <span class='ocrx_word' id='word_1_24' title='bbox 1600 307 1659 344; x_wconf 91' lang='lat' dir='ltr'>in-</span> 
     </span>
     <span class='ocr_line' id='line_1_4' title="bbox 245 377 1660 425; baseline 0.001 -13"><span class='ocrx_word' id='word_1_25' title='bbox 245 377 401 425; x_wconf 83' lang='lat' dir='ltr'>signem</span> <span class='ocrx_word' id='word_1_26' title='bbox 425 377 609 412; x_wconf 91' lang='lat' dir='ltr'>virtutem</span> <span class='ocrx_word' id='word_1_27' title='bbox 629 388 732 420; x_wconf 90' lang='lat' dir='ltr'>esse,</span> <span class='ocrx_word' id='word_1_28' title='bbox 758 388 834 413; x_wconf 89' lang='lat' dir='ltr'>nec</span> <span class='ocrx_word' id='word_1_29' title='bbox 861 377 1027 413; x_wconf 89' lang='lat' dir='ltr'>dubiam</span> <span class='ocrx_word' id='word_1_30' title='bbox 1050 377 1274 413; x_wconf 88' lang='lat' dir='ltr'>libertatern</span> <span class='ocrx_word' id='word_1_31' title='bbox 1300 377 1472 413; x_wconf 85' lang='lat' dir='ltr'>futuram</span> <span class='ocrx_word' id='word_1_32' title='bbox 1489 378 1660 414; x_wconf 88' lang='lat' dir='ltr'><strong>strenuis</strong></span> 
     </span>
     <span class='ocr_line' id='line_1_5' title="bbox 244 447 1660 496; baseline 0.001 -14"><span class='ocrx_word' id='word_1_33' title='bbox 244 447 348 483; x_wconf 87' lang='lat' dir='ltr'>viris.</span> <span class='ocrx_word' id='word_1_34' title='bbox 411 447 515 482; x_wconf 91' lang='lat' dir='ltr'>Tum</span> <span class='ocrx_word' id='word_1_35' title='bbox 544 447 818 495; x_wconf 86' lang='lat' dir='ltr'>redintegrata</span> <span class='ocrx_word' id='word_1_36' title='bbox 845 460 983 496; x_wconf 91' lang='lat' dir='ltr'>pugna</span> <span class='ocrx_word' id='word_1_37' title='bbox 1011 453 1072 484; x_wconf 90' lang='lat' dir='ltr'>est</span> <span class='ocrx_word' id='word_1_38' title='bbox 1099 453 1139 483; x_wconf 88' lang='lat' dir='ltr'>et</span> <span class='ocrx_word' id='word_1_39' title='bbox 1163 459 1287 495; x_wconf 85' lang='lat' dir='ltr'>eques</span> <span class='ocrx_word' id='word_1_40' title='bbox 1313 447 1433 483; x_wconf 88' lang='lat' dir='ltr'>etiam</span> <span class='ocrx_word' id='word_1_41' title='bbox 1458 448 1498 484; x_wconf 92' lang='lat' dir='ltr'>in</span> <span class='ocrx_word' id='word_1_42' title='bbox 1522 448 1660 484; x_wconf 88' lang='lat' dir='ltr'>hostes</span> 
     </span>
    </p>

    <p class='ocr_par' dir='ltr' id='par_1_3' title="bbox 205 510 1661 846">
     <span class='ocr_line' id='line_1_6' title="bbox 205 510 1660 567; baseline 0.002 -16"><span class='ocrx_word' id='word_1_43' title='bbox 205 510 226 549; x_wconf 82' lang='grc'>7</span> <span class='ocrx_word' id='word_1_44' title='bbox 244 517 432 559; x_wconf 52' lang='lat' dir='ltr'>emissum</span> <span class='ocrx_word' id='word_1_45' title='bbox 459 518 602 564; x_wconf 87' lang='lat' dir='ltr'>quibus</span> <span class='ocrx_word' id='word_1_46' title='bbox 628 529 750 564; x_wconf 89' lang='lat' dir='ltr'>quum</span> <span class='ocrx_word' id='word_1_47' title='bbox 775 517 942 566; x_wconf 85' lang='lat' dir='ltr'>impigre</span> <span class='ocrx_word' id='word_1_48' title='bbox 960 517 1146 554; x_wconf 87' lang='lat' dir='ltr'>Numidae</span> <span class='ocrx_word' id='word_1_49' title='bbox 1171 517 1452 561; x_wconf 87' lang='lat' dir='ltr'>occurrissent,</span> <span class='ocrx_word' id='word_1_50' title='bbox 1479 529 1555 554; x_wconf 90' lang='lat' dir='ltr'>nec</span> <span class='ocrx_word' id='word_1_51' title='bbox 1572 530 1660 567; x_wconf 91' lang='lat' dir='ltr'>seg-</span> 
     </span>
     <span class='ocr_line' id='line_1_7' title="bbox 243 586 1661 636; baseline 0.001 -14"><span class='ocrx_word' id='word_1_52' title='bbox 243 586 333 622; x_wconf 85' lang='lat' dir='ltr'>nior</span> <span class='ocrx_word' id='word_1_53' title='bbox 351 587 528 634; x_wconf 88' lang='lat' dir='ltr'>equitum</span> <span class='ocrx_word' id='word_1_54' title='bbox 547 599 668 635; x_wconf 90' lang='lat' dir='ltr'>quam</span> <span class='ocrx_word' id='word_1_55' title='bbox 685 588 867 636; x_wconf 89' lang='lat' dir='ltr'>peditum</span> <span class='ocrx_word' id='word_1_56' title='bbox 885 600 1021 636; x_wconf 88' lang='lat' dir='ltr'>pugna</span> <span class='ocrx_word' id='word_1_57' title='bbox 1041 593 1160 631; x_wconf 82' lang='lat' dir='ltr'>esset,</span> <span class='ocrx_word' id='word_1_58' title='bbox 1186 588 1327 623; x_wconf 90' lang='lat' dir='ltr'>iterum</span> <span class='ocrx_word' id='word_1_59' title='bbox 1345 588 1386 623; x_wconf 90' lang='lat' dir='ltr'>in</span> <span class='ocrx_word' id='word_1_60' title='bbox 1404 588 1570 623; x_wconf 92' lang='lat' dir='ltr'>dubium</span> <span class='ocrx_word' id='word_1_61' title='bbox 1589 589 1661 624; x_wconf 88' lang='lat' dir='ltr'>ad-</span> 
     </span>
     <span class='ocr_line' id='line_1_8' title="bbox 245 657 1661 705; baseline 0.001 -13"><span class='ocrx_word' id='word_1_62' title='bbox 245 657 367 693; x_wconf 85' lang='lat' dir='ltr'>ducta</span> <span class='ocrx_word' id='word_1_63' title='bbox 391 669 468 693; x_wconf 91' lang='lat' dir='ltr'>res.</span> <span class='ocrx_word' id='word_1_64' title='bbox 534 657 668 703; x_wconf 86' lang='lat' dir='ltr'>Quum</span> <span class='ocrx_word' id='word_1_65' title='bbox 693 658 878 705; x_wconf 88' lang='lat' dir='ltr'>utrinque</span> <span class='ocrx_word' id='word_1_66' title='bbox 903 658 1042 702; x_wconf 83' lang='lat' dir='ltr'>duces,</span> <span class='ocrx_word' id='word_1_67' title='bbox 1078 659 1287 695; x_wconf 85' lang='lat' dir='ltr'>Romanus</span> <span class='ocrx_word' id='word_1_68' title='bbox 1312 658 1508 694; x_wconf 83' lang='lat' dir='ltr'>Bruttium</span> <span class='ocrx_word' id='word_1_69' title='bbox 1532 657 1661 695; x_wconf 89' lang='lat' dir='ltr'>Luca-</span> 
     </span>
     <span class='ocr_line' id='line_1_9' title="bbox 244 728 1660 776; baseline 0.001 -14"><span class='ocrx_word' id='word_1_70' title='bbox 244 739 420 775; x_wconf 89' lang='lat' dir='ltr'>numque</span> <span class='ocrx_word' id='word_1_71' title='bbox 453 728 573 763; x_wconf 90' lang='lat' dir='ltr'>toties</span> <span class='ocrx_word' id='word_1_72' title='bbox 606 740 630 763; x_wconf 91' lang='lat' dir='ltr'>a</span> <span class='ocrx_word' id='word_1_73' title='bbox 661 728 880 764; x_wconf 88' lang='lat' dir='ltr'>maioribus</span> <span class='ocrx_word' id='word_1_74' title='bbox 914 729 994 764; x_wconf 89' lang='lat' dir='ltr'>suis</span> <span class='ocrx_word' id='word_1_75' title='bbox 1026 728 1153 765; x_wconf 89' lang='lat' dir='ltr'>victos</span> <span class='ocrx_word' id='word_1_76' title='bbox 1186 729 1471 776; x_wconf 89' lang='lat' dir='ltr'>subactosque‚</span> <span class='ocrx_word' id='word_1_77' title='bbox 1511 729 1660 764; x_wconf 86' lang='lat' dir='ltr'>Poenus</span> 
     </span>
     <span class='ocr_line' id='line_1_10' title="bbox 243 784 1659 846; baseline 0.001 -13"><span class='ocrx_word' id='word_1_78' title='bbox 243 797 446 845; x_wconf 87' lang='lat' dir='ltr'>mancipia</span> <span class='ocrx_word' id='word_1_79' title='bbox 478 798 666 834; x_wconf 87' lang='lat' dir='ltr'>Romana</span> <span class='ocrx_word' id='word_1_80' title='bbox 699 805 739 833; x_wconf 91' lang='lat' dir='ltr'>et</span> <span class='ocrx_word' id='word_1_81' title='bbox 771 811 818 834; x_wconf 87' lang='lat' dir='ltr'>ex</span> <span class='ocrx_word' id='word_1_82' title='bbox 851 799 1053 846; x_wconf 89' lang='lat' dir='ltr'>ergastulo</span> <span class='ocrx_word' id='word_1_83' title='bbox 1085 799 1250 835; x_wconf 89' lang='lat' dir='ltr'>militem</span> <span class='ocrx_word' id='word_1_84' title='bbox 1282 784 1411 835; x_wconf 88' lang='lat' dir='ltr'>verbis</span> <span class='ocrx_word' id='word_1_85' title='bbox 1445 799 1659 841; x_wconf 83' lang='lat' dir='ltr'>obtereret,</span> 
     </span>
    </p>

    <p class='ocr_par' dir='ltr' id='par_1_4' title="bbox 203 862 1661 916">
     <span class='ocr_line' id='line_1_11' title="bbox 203 862 1661 916; baseline 0.001 -14"><span class='ocrx_word' id='word_1_86' title='bbox 203 862 450 915; x_wconf 78' lang='lat' dir='ltr'>Spostrerno</span> <span class='ocrx_word' id='word_1_87' title='bbox 484 868 718 916; x_wconf 76' lang='lat' dir='ltr'>pronuntiat</span> <span class='ocrx_word' id='word_1_88' title='bbox 741 867 962 912; x_wconf 82' lang='lat' dir='ltr'>Gracchus,</span> <span class='ocrx_word' id='word_1_89' title='bbox 998 881 1088 905; x_wconf 91' lang='lat' dir='ltr'>esse</span> <span class='ocrx_word' id='word_1_90' title='bbox 1120 869 1229 913; x_wconf 88' lang='lat' dir='ltr'><strong>nihil,</strong></span> <span class='ocrx_word' id='word_1_91' title='bbox 1263 870 1376 916; x_wconf 91' lang='lat' dir='ltr'>quod</span> <span class='ocrx_word' id='word_1_92' title='bbox 1405 869 1456 904; x_wconf 93' lang='lat' dir='ltr'>de</span> <span class='ocrx_word' id='word_1_93' title='bbox 1479 869 1661 904; x_wconf 90' lang='lat' dir='ltr'>libertate</span> 
     </span>
    </p>

    <p class='ocr_par' dir='ltr' id='par_1_5' title="bbox 138 929 1661 1123">
     <span class='ocr_line' id='line_1_12' title="bbox 138 929 1660 987; baseline 0.001 -15"><span class='ocrx_word' id='word_1_94' title='bbox 138 929 180 972; x_wconf 82' lang='grc'>16</span> <span class='ocrx_word' id='word_1_95' title='bbox 244 943 465 986; x_wconf 81' lang='lat' dir='ltr'>sperarent,</span> <span class='ocrx_word' id='word_1_96' title='bbox 495 939 571 975; x_wconf 88' lang='lat' dir='ltr'>nisi</span> <span class='ocrx_word' id='word_1_97' title='bbox 589 951 639 974; x_wconf 92' lang='lat' dir='ltr'>eo</span> <span class='ocrx_word' id='word_1_98' title='bbox 658 939 724 974; x_wconf 89' lang='lat' dir='ltr'>die</span> <span class='ocrx_word' id='word_1_99' title='bbox 744 938 818 974; x_wconf 88' lang='lat' dir='ltr'>fusi</span> <span class='ocrx_word' id='word_1_100' title='bbox 839 938 1045 987; x_wconf 84' lang='lat' dir='ltr'>fugatique</span> <span class='ocrx_word' id='word_1_101' title='bbox 1064 939 1202 975; x_wconf 88' lang='lat' dir='ltr'>hostes</span> <span class='ocrx_word' id='word_1_102' title='bbox 1221 944 1369 976; x_wconf 86' lang='lat' dir='ltr'>essent.</span> <span class='ocrx_word' id='word_1_103' title='bbox 1419 938 1480 975; x_wconf 87' lang='lat' dir='ltr'>Ea</span> <span class='ocrx_word' id='word_1_104' title='bbox 1498 939 1660 974; x_wconf 90' lang='lat' dir='ltr'>demum</span> 
     </span>
     <span class='ocr_line' id='line_1_13' title="bbox 243 1008 1661 1058; baseline 0.002 -15"><span class='ocrx_word' id='word_1_105' title='bbox 243 1020 319 1044; x_wconf 87' lang='lat' dir='ltr'>vox</span> <span class='ocrx_word' id='word_1_106' title='bbox 337 1008 391 1044; x_wconf 86' lang='lat' dir='ltr'>ita</span> <span class='ocrx_word' id='word_1_107' title='bbox 410 1009 568 1045; x_wconf 89' lang='lat' dir='ltr'>animos</span> <span class='ocrx_word' id='word_1_108' title='bbox 587 1009 787 1049; x_wconf 84' lang='lat' dir='ltr'>accendit,</span> <span class='ocrx_word' id='word_1_109' title='bbox 807 1014 849 1044; x_wconf 91' lang='lat' dir='ltr'>ut</span> <span class='ocrx_word' id='word_1_110' title='bbox 865 1014 1061 1045; x_wconf 89' lang='lat' dir='ltr'>renovato</span> <span class='ocrx_word' id='word_1_111' title='bbox 1081 1010 1270 1053; x_wconf 91' lang='lat' dir='ltr'>clamore,</span> <span class='ocrx_word' id='word_1_112' title='bbox 1289 1010 1396 1045; x_wconf 91' lang='lat' dir='ltr'>velut</span> <span class='ocrx_word' id='word_1_113' title='bbox 1413 1009 1477 1045; x_wconf 88' lang='lat' dir='ltr'>alii</span> <span class='ocrx_word' id='word_1_114' title='bbox 1494 1014 1661 1058; x_wconf 89' lang='lat' dir='ltr'>repente</span> 
     </span>
     <span class='ocr_line' id='line_1_14' title="bbox 244 1078 1661 1123; baseline 0.001 -9"><span class='ocrx_word' id='word_1_115' title='bbox 244 1078 351 1122; x_wconf 88' lang='lat' dir='ltr'>facti,</span> <span class='ocrx_word' id='word_1_116' title='bbox 386 1084 499 1114; x_wconf 84' lang='lat' dir='ltr'>tanta</span> <span class='ocrx_word' id='word_1_117' title='bbox 532 1079 567 1114; x_wconf 92' lang='lat' dir='ltr'>vi</span> <span class='ocrx_word' id='word_1_118' title='bbox 601 1091 644 1115; x_wconf 91' lang='lat' dir='ltr'>se</span> <span class='ocrx_word' id='word_1_119' title='bbox 676 1079 716 1115; x_wconf 87' lang='lat' dir='ltr'>in</span> <span class='ocrx_word' id='word_1_120' title='bbox 749 1079 908 1115; x_wconf 86' lang='lat' dir='ltr'>hostem</span> <span class='ocrx_word' id='word_1_121' title='bbox 932 1079 1148 1123; x_wconf 85' lang='lat' dir='ltr'>intulerint,</span> <span class='ocrx_word' id='word_1_122' title='bbox 1182 1085 1225 1115; x_wconf 89' lang='lat' dir='ltr'>ut</span> <span class='ocrx_word' id='word_1_123' title='bbox 1247 1079 1432 1116; x_wconf 86' lang='lat' dir='ltr'>sustineri</span> <span class='ocrx_word' id='word_1_124' title='bbox 1454 1080 1556 1115; x_wconf 91' lang='lat' dir='ltr'>ultra</span> <span class='ocrx_word' id='word_1_125' title='bbox 1576 1091 1661 1116; x_wconf 91' lang='lat' dir='ltr'>non</span> 
     </span>
    </p>

    <p class='ocr_par' dir='ltr' id='par_1_6' title="bbox 203 1143 1663 1479">
     <span class='ocr_line' id='line_1_15' title="bbox 203 1143 1662 1198; baseline 0.001 -14"><span class='ocrx_word' id='word_1_126' title='bbox 203 1143 425 1196; x_wconf 75' lang='lat' dir='ltr'>2possent.</span> <span class='ocrx_word' id='word_1_127' title='bbox 494 1149 628 1185; x_wconf 91' lang='lat' dir='ltr'>Primo</span> <span class='ocrx_word' id='word_1_128' title='bbox 668 1149 924 1197; x_wconf 82' lang='lat' dir='ltr'>antesignani</span> <span class='ocrx_word' id='word_1_129' title='bbox 956 1150 1188 1194; x_wconf 85' lang='lat' dir='ltr'>Poenorum,</span> <span class='ocrx_word' id='word_1_130' title='bbox 1233 1150 1329 1186; x_wconf 89' lang='lat' dir='ltr'>dein</span> <span class='ocrx_word' id='word_1_131' title='bbox 1357 1150 1478 1198; x_wconf 83' lang='lat' dir='ltr'>signa</span> <span class='ocrx_word' id='word_1_132' title='bbox 1510 1155 1662 1198; x_wconf 87' lang='lat' dir='ltr'>pertur-</span> 
     </span>
     <span class='ocr_line' id='line_1_16' title="bbox 244 1219 1663 1268; baseline 0.001 -14"><span class='ocrx_word' id='word_1_133' title='bbox 244 1219 351 1262; x_wconf 86' lang='lat' dir='ltr'>bata,</span> <span class='ocrx_word' id='word_1_134' title='bbox 391 1224 599 1266; x_wconf 88' lang='lat' dir='ltr'>postremo</span> <span class='ocrx_word' id='word_1_135' title='bbox 632 1224 719 1255; x_wconf 87' lang='lat' dir='ltr'>tota</span> <span class='ocrx_word' id='word_1_136' title='bbox 750 1220 922 1266; x_wconf 87' lang='lat' dir='ltr'>impulsa</span> <span class='ocrx_word' id='word_1_137' title='bbox 955 1220 1082 1261; x_wconf 77' lang='lat' dir='ltr'>acies:</span> <span class='ocrx_word' id='word_1_138' title='bbox 1123 1221 1219 1256; x_wconf 88' lang='lat' dir='ltr'>inde</span> <span class='ocrx_word' id='word_1_139' title='bbox 1251 1221 1362 1256; x_wconf 92' lang='lat' dir='ltr'>haud</span> <span class='ocrx_word' id='word_1_140' title='bbox 1395 1221 1517 1256; x_wconf 89' lang='lat' dir='ltr'>dubie</span> <span class='ocrx_word' id='word_1_141' title='bbox 1550 1225 1663 1268; x_wconf 87' lang='lat' dir='ltr'>terga</span> 
     </span>
     <span class='ocr_line' id='line_1_17' title="bbox 244 1289 1663 1339; baseline 0.001 -15"><span class='ocrx_word' id='word_1_142' title='bbox 244 1290 353 1332; x_wconf 86' lang='lat' dir='ltr'>data,</span> <span class='ocrx_word' id='word_1_143' title='bbox 380 1294 579 1337; x_wconf 89' lang='lat' dir='ltr'>ruuntque</span> <span class='ocrx_word' id='word_1_144' title='bbox 605 1289 805 1337; x_wconf 89' lang='lat' dir='ltr'>fugientes</span> <span class='ocrx_word' id='word_1_145' title='bbox 829 1290 869 1326; x_wconf 89' lang='lat' dir='ltr'>in</span> <span class='ocrx_word' id='word_1_146' title='bbox 895 1296 1038 1334; x_wconf 88' lang='lat' dir='ltr'>castra,</span> <span class='ocrx_word' id='word_1_147' title='bbox 1066 1291 1174 1326; x_wconf 91' lang='lat' dir='ltr'>adeo</span> <span class='ocrx_word' id='word_1_148' title='bbox 1200 1290 1335 1339; x_wconf 88' lang='lat' dir='ltr'>pavidi</span> <span class='ocrx_word' id='word_1_149' title='bbox 1354 1290 1595 1338; x_wconf 86' lang='lat' dir='ltr'>trepidique,</span> <span class='ocrx_word' id='word_1_150' title='bbox 1621 1295 1663 1325; x_wconf 91' lang='lat' dir='ltr'>ut</span> 
     </span>
     <span class='ocr_line' id='line_1_18' title="bbox 242 1359 1663 1408; baseline 0.001 -13"><span class='ocrx_word' id='word_1_151' title='bbox 242 1372 294 1395; x_wconf 89' lang='lat' dir='ltr'>ne</span> <span class='ocrx_word' id='word_1_152' title='bbox 326 1359 367 1395; x_wconf 90' lang='lat' dir='ltr'>in</span> <span class='ocrx_word' id='word_1_153' title='bbox 399 1360 525 1407; x_wconf 88' lang='lat' dir='ltr'>portis</span> <span class='ocrx_word' id='word_1_154' title='bbox 558 1360 723 1407; x_wconf 89' lang='lat' dir='ltr'>quidem</span> <span class='ocrx_word' id='word_1_155' title='bbox 755 1365 824 1396; x_wconf 87' lang='lat' dir='ltr'>aut</span> <span class='ocrx_word' id='word_1_156' title='bbox 856 1361 960 1396; x_wconf 91' lang='lat' dir='ltr'>vallo</span> <span class='ocrx_word' id='word_1_157' title='bbox 993 1360 1204 1408; x_wconf 89' lang='lat' dir='ltr'>quisquam</span> <span class='ocrx_word' id='word_1_158' title='bbox 1232 1360 1430 1404; x_wconf 86' lang='lat' dir='ltr'>restiterit,</span> <span class='ocrx_word' id='word_1_159' title='bbox 1465 1372 1511 1397; x_wconf 89' lang='lat' dir='ltr'>ac</span> <span class='ocrx_word' id='word_1_160' title='bbox 1533 1372 1663 1408; x_wconf 89' lang='lat' dir='ltr'>prope</span> 
     </span>
     <span class='ocr_line' id='line_1_19' title="bbox 244 1430 1661 1479; baseline 0.001 -15"><span class='ocrx_word' id='word_1_161' title='bbox 244 1430 467 1465; x_wconf 89' lang='lat' dir='ltr'>continenti</span> <span class='ocrx_word' id='word_1_162' title='bbox 493 1430 654 1477; x_wconf 85' lang='lat' dir='ltr'>agmine</span> <span class='ocrx_word' id='word_1_163' title='bbox 673 1431 847 1466; x_wconf 88' lang='lat' dir='ltr'>Romani</span> <span class='ocrx_word' id='word_1_164' title='bbox 870 1431 1041 1467; x_wconf 89' lang='lat' dir='ltr'>insecuti</span> <span class='ocrx_word' id='word_1_165' title='bbox 1064 1443 1214 1467; x_wconf 90' lang='lat' dir='ltr'>novum</span> <span class='ocrx_word' id='word_1_166' title='bbox 1233 1431 1285 1467; x_wconf 89' lang='lat' dir='ltr'>de</span> <span class='ocrx_word' id='word_1_167' title='bbox 1302 1431 1460 1479; x_wconf 88' lang='lat' dir='ltr'>integro</span> <span class='ocrx_word' id='word_1_168' title='bbox 1479 1430 1661 1479; x_wconf 86' lang='lat' dir='ltr'>proelium</span> 
     </span>
    </p>

    <p class='ocr_par' dir='ltr' id='par_1_7' title="bbox 202 1494 1662 1689">
     <span class='ocr_line' id='line_1_20' title="bbox 202 1494 1662 1549; baseline 0.003 -18"><span class='ocrx_word' id='word_1_169' title='bbox 202 1494 227 1533; x_wconf 69' lang='grc'><strong><em>3</em></strong></span> <span class='ocrx_word' id='word_1_170' title='bbox 242 1499 383 1536; x_wconf 90' lang='lat' dir='ltr'>inclusi</span> <span class='ocrx_word' id='word_1_171' title='bbox 408 1500 584 1536; x_wconf 89' lang='lat' dir='ltr'>hostium</span> <span class='ocrx_word' id='word_1_172' title='bbox 609 1501 713 1536; x_wconf 88' lang='lat' dir='ltr'>vallo</span> <span class='ocrx_word' id='word_1_173' title='bbox 739 1501 954 1537; x_wconf 89' lang='lat' dir='ltr'>ediderint.</span> <span class='ocrx_word' id='word_1_174' title='bbox 1003 1501 1061 1536; x_wconf 92' lang='lat' dir='ltr'>Ibi</span> <span class='ocrx_word' id='word_1_175' title='bbox 1088 1501 1189 1537; x_wconf 89' lang='lat' dir='ltr'>sicut</span> <span class='ocrx_word' id='word_1_176' title='bbox 1212 1513 1349 1549; x_wconf 86' lang='lat' dir='ltr'>pugna</span> <span class='ocrx_word' id='word_1_177' title='bbox 1373 1501 1605 1549; x_wconf 88' lang='lat' dir='ltr'>impeditior</span> <span class='ocrx_word' id='word_1_178' title='bbox 1621 1500 1662 1536; x_wconf 92' lang='lat' dir='ltr'>in</span> 
     </span>
     <span class='ocr_line' id='line_1_21' title="bbox 243 1570 1660 1619; baseline 0.001 -14"><span class='ocrx_word' id='word_1_179' title='bbox 243 1570 451 1618; x_wconf 87' lang='lat' dir='ltr'>angustiis,</span> <span class='ocrx_word' id='word_1_180' title='bbox 492 1570 547 1605; x_wconf 87' lang='lat' dir='ltr'>ita</span> <span class='ocrx_word' id='word_1_181' title='bbox 580 1571 714 1606; x_wconf 90' lang='lat' dir='ltr'>caedes</span> <span class='ocrx_word' id='word_1_182' title='bbox 747 1572 922 1607; x_wconf 87' lang='lat' dir='ltr'>atrocior</span> <span class='ocrx_word' id='word_1_183' title='bbox 956 1571 1045 1614; x_wconf 87' lang='lat' dir='ltr'>fuit;</span> <span class='ocrx_word' id='word_1_184' title='bbox 1086 1577 1126 1607; x_wconf 89' lang='lat' dir='ltr'>et</span> <span class='ocrx_word' id='word_1_185' title='bbox 1157 1572 1347 1607; x_wconf 87' lang='lat' dir='ltr'>adiuvere</span> <span class='ocrx_word' id='word_1_186' title='bbox 1381 1571 1539 1619; x_wconf 88' lang='lat' dir='ltr'>captivi,</span> <span class='ocrx_word' id='word_1_187' title='bbox 1582 1570 1660 1619; x_wconf 87' lang='lat' dir='ltr'>qui,</span> 
     </span>
     <span class='ocr_line' id='line_1_22' title="bbox 242 1640 1662 1689; baseline 0.001 -14"><span class='ocrx_word' id='word_1_188' title='bbox 242 1645 358 1688; x_wconf 89' lang='lat' dir='ltr'>rapto</span> <span class='ocrx_word' id='word_1_189' title='bbox 383 1640 486 1676; x_wconf 89' lang='lat' dir='ltr'>inter</span> <span class='ocrx_word' id='word_1_190' title='bbox 508 1641 718 1676; x_wconf 89' lang='lat' dir='ltr'>tumultum</span> <span class='ocrx_word' id='word_1_191' title='bbox 745 1640 863 1684; x_wconf 90' lang='lat' dir='ltr'>ferro,</span> <span class='ocrx_word' id='word_1_192' title='bbox 890 1641 1125 1689; x_wconf 90' lang='lat' dir='ltr'>conglobati</span> <span class='ocrx_word' id='word_1_193' title='bbox 1152 1646 1191 1677; x_wconf 91' lang='lat' dir='ltr'>et</span> <span class='ocrx_word' id='word_1_194' title='bbox 1215 1642 1265 1676; x_wconf 89' lang='lat' dir='ltr'>ab</span> <span class='ocrx_word' id='word_1_195' title='bbox 1289 1646 1404 1689; x_wconf 87' lang='lat' dir='ltr'>tergo</span> <span class='ocrx_word' id='word_1_196' title='bbox 1429 1641 1662 1677; x_wconf 87' lang='lat' dir='ltr'>ceciderunt</span> 
     </span>
    </p>

    <p class='ocr_par' dir='ltr' id='par_1_8' title="bbox 201 1706 1661 1900">
     <span class='ocr_line' id='line_1_23' title="bbox 201 1706 1661 1759; baseline 0.002 -14"><span class='ocrx_word' id='word_1_197' title='bbox 201 1706 391 1746; x_wconf 66' lang='lat' dir='ltr'>4Poenos</span> <span class='ocrx_word' id='word_1_198' title='bbox 425 1715 465 1746; x_wconf 89' lang='lat' dir='ltr'>et</span> <span class='ocrx_word' id='word_1_199' title='bbox 498 1710 633 1758; x_wconf 88' lang='lat' dir='ltr'>fugam</span> <span class='ocrx_word' id='word_1_200' title='bbox 666 1711 951 1759; x_wconf 88' lang='lat' dir='ltr'>impedierunt.</span> <span class='ocrx_word' id='word_1_201' title='bbox 1014 1711 1155 1759; x_wconf 88' lang='lat' dir='ltr'>Itaque</span> <span class='ocrx_word' id='word_1_202' title='bbox 1184 1711 1316 1747; x_wconf 87' lang='lat' dir='ltr'>minus</span> <span class='ocrx_word' id='word_1_203' title='bbox 1339 1712 1422 1747; x_wconf 89' lang='lat' dir='ltr'>duo</span> <span class='ocrx_word' id='word_1_204' title='bbox 1445 1711 1567 1747; x_wconf 89' lang='lat' dir='ltr'>millia</span> <span class='ocrx_word' id='word_1_205' title='bbox 1590 1712 1661 1748; x_wconf 89' lang='lat' dir='ltr'>ho-</span> 
     </span>
     <span class='ocr_line' id='line_1_24' title="bbox 243 1781 1659 1829; baseline 0.001 -13"><span class='ocrx_word' id='word_1_206' title='bbox 243 1781 393 1816; x_wconf 86' lang='lat' dir='ltr'>minum</span> <span class='ocrx_word' id='word_1_207' title='bbox 433 1793 480 1816; x_wconf 83' lang='lat' dir='ltr'>ex</span> <span class='ocrx_word' id='word_1_208' title='bbox 521 1786 634 1817; x_wconf 88' lang='lat' dir='ltr'>tanto</span> <span class='ocrx_word' id='word_1_209' title='bbox 668 1782 857 1826; x_wconf 85' lang='lat' dir='ltr'>exercitu,</span> <span class='ocrx_word' id='word_1_210' title='bbox 899 1787 939 1818; x_wconf 90' lang='lat' dir='ltr'>et</span> <span class='ocrx_word' id='word_1_211' title='bbox 971 1794 1020 1818; x_wconf 89' lang='lat' dir='ltr'>ea</span> <span class='ocrx_word' id='word_1_212' title='bbox 1053 1782 1181 1817; x_wconf 91' lang='lat' dir='ltr'>maior</span> <span class='ocrx_word' id='word_1_213' title='bbox 1212 1793 1305 1829; x_wconf 88' lang='lat' dir='ltr'>pars</span> <span class='ocrx_word' id='word_1_214' title='bbox 1339 1782 1529 1829; x_wconf 89' lang='lat' dir='ltr'>equitum,</span> <span class='ocrx_word' id='word_1_215' title='bbox 1571 1793 1659 1817; x_wconf 91' lang='lat' dir='ltr'>curn</span> 
     </span>
     <span class='ocr_line' id='line_1_25' title="bbox 243 1851 1661 1900; baseline 0.001 -14"><span class='ocrx_word' id='word_1_216' title='bbox 243 1852 331 1899; x_wconf 88' lang='lat' dir='ltr'>ipso</span> <span class='ocrx_word' id='word_1_217' title='bbox 372 1852 476 1887; x_wconf 91' lang='lat' dir='ltr'>duce</span> <span class='ocrx_word' id='word_1_218' title='bbox 516 1851 759 1899; x_wconf 87' lang='lat' dir='ltr'>effugerunt;</span> <span class='ocrx_word' id='word_1_219' title='bbox 801 1852 865 1887; x_wconf 86' lang='lat' dir='ltr'>alii</span> <span class='ocrx_word' id='word_1_220' title='bbox 899 1864 1042 1889; x_wconf 88' lang='lat' dir='ltr'>omnes</span> <span class='ocrx_word' id='word_1_221' title='bbox 1076 1852 1167 1888; x_wconf 90' lang='lat' dir='ltr'>caesi</span> <span class='ocrx_word' id='word_1_222' title='bbox 1201 1856 1269 1887; x_wconf 88' lang='lat' dir='ltr'>aut</span> <span class='ocrx_word' id='word_1_223' title='bbox 1301 1852 1428 1899; x_wconf 86' lang='lat' dir='ltr'>capti;</span> <span class='ocrx_word' id='word_1_224' title='bbox 1471 1857 1589 1900; x_wconf 86' lang='lat' dir='ltr'>capta</span> <span class='ocrx_word' id='word_1_225' title='bbox 1622 1857 1661 1887; x_wconf 91' lang='lat' dir='ltr'>et</span> 
     </span>
    </p>

    <p class='ocr_par' dir='ltr' id='par_1_9' title="bbox 201 1921 1660 2181">
     <span class='ocr_line' id='line_1_26' title="bbox 201 1921 1660 1970; baseline -0.001 -12"><span class='ocrx_word' id='word_1_226' title='bbox 201 1922 357 1969; x_wconf 52' lang='lat' dir='ltr'>nsigna</span> <span class='ocrx_word' id='word_1_227' title='bbox 395 1923 821 1970; x_wconf 79' lang='lat' dir='ltr'>duodequadraginta.</span> <span class='ocrx_word' id='word_1_228' title='bbox 900 1922 960 1958; x_wconf 84' lang='lat' dir='ltr'>Ex</span> <span class='ocrx_word' id='word_1_229' title='bbox 999 1922 1215 1958; x_wconf 87' lang='lat' dir='ltr'>victoribus</span> <span class='ocrx_word' id='word_1_230' title='bbox 1254 1922 1338 1957; x_wconf 89' lang='lat' dir='ltr'>duo</span> <span class='ocrx_word' id='word_1_231' title='bbox 1382 1921 1503 1957; x_wconf 89' lang='lat' dir='ltr'>millia</span> <span class='ocrx_word' id='word_1_232' title='bbox 1536 1921 1660 1957; x_wconf 86' lang='lat' dir='ltr'>ferme</span> 
     </span>
     <span class='ocr_line' id='line_1_27' title="bbox 242 1992 1658 2040; baseline -0.001 -12"><span class='ocrx_word' id='word_1_233' title='bbox 242 1992 441 2029; x_wconf 82' lang='lat' dir='ltr'>cecidere.</span> <span class='ocrx_word' id='word_1_234' title='bbox 520 1993 661 2028; x_wconf 77' lang='lat' dir='ltr'>Praeda</span> <span class='ocrx_word' id='word_1_235' title='bbox 702 1993 846 2036; x_wconf 89' lang='lat' dir='ltr'>omnis,</span> <span class='ocrx_word' id='word_1_236' title='bbox 888 1998 1153 2040; x_wconf 88' lang='lat' dir='ltr'>praeterquam</span> <span class='ocrx_word' id='word_1_237' title='bbox 1194 1992 1402 2027; x_wconf 85' lang='lat' dir='ltr'>hominum</span> <span class='ocrx_word' id='word_1_238' title='bbox 1435 1997 1658 2040; x_wconf 89' lang='lat' dir='ltr'>captorum,</span> 
     </span>
     <span class='ocr_line' id='line_1_28' title="bbox 243 2061 1660 2111; baseline 0 -13"><span class='ocrx_word' id='word_1_239' title='bbox 243 2063 352 2098; x_wconf 86' lang='lat' dir='ltr'>militi</span> <span class='ocrx_word' id='word_1_240' title='bbox 386 2074 583 2100; x_wconf 85' lang='lat' dir='ltr'>concessa</span> <span class='ocrx_word' id='word_1_241' title='bbox 616 2068 695 2105; x_wconf 89' lang='lat' dir='ltr'>est;</span> <span class='ocrx_word' id='word_1_242' title='bbox 730 2068 769 2098; x_wconf 87' lang='lat' dir='ltr'>et</span> <span class='ocrx_word' id='word_1_243' title='bbox 801 2075 925 2111; x_wconf 90' lang='lat' dir='ltr'>pecus</span> <span class='ocrx_word' id='word_1_244' title='bbox 959 2068 1171 2111; x_wconf 81' lang='lat' dir='ltr'>exceptum</span> <span class='ocrx_word' id='word_1_245' title='bbox 1204 2067 1276 2106; x_wconf 88' lang='lat' dir='ltr'>est,</span> <span class='ocrx_word' id='word_1_246' title='bbox 1312 2063 1424 2110; x_wconf 92' lang='lat' dir='ltr'>quod</span> <span class='ocrx_word' id='word_1_247' title='bbox 1446 2062 1550 2098; x_wconf 89' lang='lat' dir='ltr'>intra</span> <span class='ocrx_word' id='word_1_248' title='bbox 1573 2061 1660 2098; x_wconf 89' lang='lat' dir='ltr'>dies</span> 
     </span>
     <span class='ocr_line' id='line_1_29' title="bbox 242 2133 924 2181; baseline 0 -12"><span class='ocrx_word' id='word_1_249' title='bbox 242 2133 401 2181; x_wconf 85' lang='lat' dir='ltr'>triginta</span> <span class='ocrx_word' id='word_1_250' title='bbox 435 2133 589 2169; x_wconf 89' lang='lat' dir='ltr'>domini</span> <span class='ocrx_word' id='word_1_251' title='bbox 623 2133 924 2181; x_wconf 86' lang='lat' dir='ltr'>cognovissent.</span> 
     </span>
    </p>

    <p class='ocr_par' dir='ltr' id='par_1_10' title="bbox 201 2201 1659 2393">
     <span class='ocr_line' id='line_1_30' title="bbox 201 2201 1659 2251; baseline -0.001 -12"><span class='ocrx_word' id='word_1_252' title='bbox 201 2207 225 2240; x_wconf 72' lang='lat'>‹⁴›</span> <span class='ocrx_word' id='word_1_253' title='bbox 361 2203 494 2249; x_wconf 84' lang='lat' dir='ltr'>Quum</span> <span class='ocrx_word' id='word_1_254' title='bbox 523 2204 661 2251; x_wconf 87' lang='lat' dir='ltr'>praeda</span> <span class='ocrx_word' id='word_1_255' title='bbox 689 2204 823 2239; x_wconf 85' lang='lat' dir='ltr'>onusti</span> <span class='ocrx_word' id='word_1_256' title='bbox 847 2204 887 2239; x_wconf 85' lang='lat' dir='ltr'>in</span> <span class='ocrx_word' id='word_1_257' title='bbox 914 2209 1045 2240; x_wconf 87' lang='lat' dir='ltr'>castra</span> <span class='ocrx_word' id='word_1_258' title='bbox 1071 2204 1286 2247; x_wconf 86' lang='lat' dir='ltr'>redissent,</span> <span class='ocrx_word' id='word_1_259' title='bbox 1321 2208 1510 2251; x_wconf 88' lang='lat' dir='ltr'>quattuor</span> <span class='ocrx_word' id='word_1_260' title='bbox 1539 2201 1659 2238; x_wconf 90' lang='lat' dir='ltr'>millia</span> 
     </span>
     <span class='ocr_line' id='line_1_31' title="bbox 243 2273 1659 2323; baseline -0.001 -14"><span class='ocrx_word' id='word_1_261' title='bbox 243 2274 365 2310; x_wconf 87' lang='lat' dir='ltr'>ferme</span> <span class='ocrx_word' id='word_1_262' title='bbox 383 2274 575 2309; x_wconf 89' lang='lat' dir='ltr'>volonum</span> <span class='ocrx_word' id='word_1_263' title='bbox 594 2273 772 2317; x_wconf 83' lang='lat' dir='ltr'>militum,</span> <span class='ocrx_word' id='word_1_264' title='bbox 793 2285 881 2321; x_wconf 87' lang='lat' dir='ltr'>quae</span> <span class='ocrx_word' id='word_1_265' title='bbox 898 2279 1178 2323; x_wconf 87' lang='lat' dir='ltr'>pugnaverant</span> <span class='ocrx_word' id='word_1_266' title='bbox 1196 2275 1358 2322; x_wconf 86' lang='lat' dir='ltr'>segnius</span> <span class='ocrx_word' id='word_1_267' title='bbox 1377 2285 1451 2309; x_wconf 89' lang='lat' dir='ltr'>nec</span> <span class='ocrx_word' id='word_1_268' title='bbox 1469 2273 1509 2308; x_wconf 90' lang='lat' dir='ltr'>in</span> <span class='ocrx_word' id='word_1_269' title='bbox 1529 2277 1659 2309; x_wconf 87' lang='lat' dir='ltr'>castra</span> 
     </span>
     <span class='ocr_line' id='line_1_32' title="bbox 240 2329 1659 2393; baseline -0.001 -13"><span class='ocrx_word' id='word_1_270' title='bbox 240 2346 464 2393; x_wconf 87' lang='lat' dir='ltr'>irruperant</span> <span class='ocrx_word' id='word_1_271' title='bbox 497 2344 624 2384; x_wconf 83' lang='lat' dir='ltr'>simul,</span> <span class='ocrx_word' id='word_1_272' title='bbox 658 2349 766 2379; x_wconf 90' lang='lat' dir='ltr'>metu</span> <span class='ocrx_word' id='word_1_273' title='bbox 800 2356 932 2392; x_wconf 88' lang='lat' dir='ltr'>poenae</span> <span class='ocrx_word' id='word_1_274' title='bbox 961 2346 1105 2381; x_wconf 90' lang='lat' dir='ltr'>collem</span> <span class='ocrx_word' id='word_1_275' title='bbox 1134 2329 1246 2380; x_wconf 81' lang='lat' dir='ltr'>haud</span> <span class='ocrx_word' id='word_1_276' title='bbox 1266 2344 1406 2392; x_wconf 91' lang='lat' dir='ltr'>procul</span> <span class='ocrx_word' id='word_1_277' title='bbox 1430 2343 1568 2380; x_wconf 86' lang='lat' dir='ltr'>castris</span> <span class='ocrx_word' id='word_1_278' title='bbox 1595 2354 1659 2379; x_wconf 91' lang='lat' dir='ltr'>ce-</span> 
     </span>
    </p>

    <p class='ocr_par' dir='ltr' id='par_1_11' title="bbox 204 2413 1659 2463">
     <span class='ocr_line' id='line_1_33' title="bbox 204 2413 1659 2463; baseline -0.001 -13"><span class='ocrx_word' id='word_1_279' title='bbox 204 2415 225 2454; x_wconf 75' lang='grc' dir='ltr'>ῖ</span> <span class='ocrx_word' id='word_1_280' title='bbox 241 2421 397 2463; x_wconf 84' lang='lat' dir='ltr'>perunt.</span> <span class='ocrx_word' id='word_1_281' title='bbox 460 2415 630 2450; x_wconf 90' lang='lat' dir='ltr'>Postero</span> <span class='ocrx_word' id='word_1_282' title='bbox 656 2415 722 2450; x_wconf 91' lang='lat' dir='ltr'>die</span> <span class='ocrx_word' id='word_1_283' title='bbox 748 2426 819 2462; x_wconf 89' lang='lat' dir='ltr'>per</span> <span class='ocrx_word' id='word_1_284' title='bbox 843 2415 1025 2451; x_wconf 89' lang='lat' dir='ltr'>tribunos</span> <span class='ocrx_word' id='word_1_285' title='bbox 1049 2415 1215 2451; x_wconf 89' lang='lat' dir='ltr'>militum</span> <span class='ocrx_word' id='word_1_286' title='bbox 1239 2415 1335 2450; x_wconf 91' lang='lat' dir='ltr'>inde</span> <span class='ocrx_word' id='word_1_287' title='bbox 1355 2413 1534 2456; x_wconf 87' lang='lat' dir='ltr'>deducti,</span> <span class='ocrx_word' id='word_1_288' title='bbox 1562 2424 1659 2449; x_wconf 88' lang='lat' dir='ltr'>con-</span> 
     </span>
    </p>

    <p class='ocr_par' dir='ltr' id='par_1_12' title="bbox 200 2482 1657 2604">
     <span class='ocr_line' id='line_1_34' title="bbox 200 2482 1657 2533; baseline -0.003 -12"><span class='ocrx_word' id='word_1_289' title='bbox 200 2486 224 2525; x_wconf 77' lang='lat'>8</span> <span class='ocrx_word' id='word_1_290' title='bbox 242 2486 351 2521; x_wconf 86' lang='lat' dir='ltr'>tione</span> <span class='ocrx_word' id='word_1_291' title='bbox 378 2485 543 2520; x_wconf 89' lang='lat' dir='ltr'>militum</span> <span class='ocrx_word' id='word_1_292' title='bbox 567 2485 769 2520; x_wconf 86' lang='lat' dir='ltr'>advocata</span> <span class='ocrx_word' id='word_1_293' title='bbox 793 2497 816 2520; x_wconf 90' lang='lat' dir='ltr'>a</span> <span class='ocrx_word' id='word_1_294' title='bbox 841 2484 1043 2528; x_wconf 89' lang='lat' dir='ltr'>Graccho,</span> <span class='ocrx_word' id='word_1_295' title='bbox 1078 2485 1375 2533; x_wconf 87' lang='lat' dir='ltr'>superveniunt.</span> <span class='ocrx_word' id='word_1_296' title='bbox 1431 2482 1511 2520; x_wconf 91' lang='lat' dir='ltr'>Ubi</span> <span class='ocrx_word' id='word_1_297' title='bbox 1537 2494 1657 2530; x_wconf 91' lang='lat' dir='ltr'>quum</span> 
     </span>
     <span class='ocr_line' id='line_1_35' title="bbox 241 2553 1657 2604; baseline -0.003 -12"><span class='ocrx_word' id='word_1_298' title='bbox 241 2556 458 2604; x_wconf 90' lang='lat' dir='ltr'>proconsul</span> <span class='ocrx_word' id='word_1_299' title='bbox 482 2560 638 2591; x_wconf 87' lang='lat' dir='ltr'>veteres</span> <span class='ocrx_word' id='word_1_300' title='bbox 662 2555 805 2591; x_wconf 87' lang='lat' dir='ltr'>milites</span> <span class='ocrx_word' id='word_1_301' title='bbox 831 2555 1014 2602; x_wconf 89' lang='lat' dir='ltr'>primum,</span> <span class='ocrx_word' id='word_1_302' title='bbox 1039 2561 1159 2603; x_wconf 90' lang='lat' dir='ltr'>prout</span> <span class='ocrx_word' id='word_1_303' title='bbox 1182 2554 1375 2601; x_wconf 90' lang='lat' dir='ltr'>cuiusque</span> <span class='ocrx_word' id='word_1_304' title='bbox 1399 2553 1519 2589; x_wconf 87' lang='lat' dir='ltr'>virtus</span> <span class='ocrx_word' id='word_1_305' title='bbox 1537 2558 1657 2600; x_wconf 91' lang='lat' dir='ltr'>atque</span> 
     </span>
    </p>

    <p class='ocr_par' dir='ltr' id='par_1_13' title="bbox 199 2624 1656 2675">
     <span class='ocr_line' id='line_1_36' title="bbox 199 2624 1656 2675; baseline -0.005 -10"><span class='ocrx_word' id='word_1_306' title='bbox 199 2628 366 2675; x_wconf 74' lang='lat' dir='ltr'>9opera</span> <span class='ocrx_word' id='word_1_307' title='bbox 398 2627 438 2662; x_wconf 88' lang='lat' dir='ltr'>in</span> <span class='ocrx_word' id='word_1_308' title='bbox 471 2638 520 2662; x_wconf 90' lang='lat' dir='ltr'>ea</span> <span class='ocrx_word' id='word_1_309' title='bbox 552 2637 690 2674; x_wconf 88' lang='lat' dir='ltr'>pugna</span> <span class='ocrx_word' id='word_1_310' title='bbox 723 2625 863 2667; x_wconf 87' lang='lat' dir='ltr'>fuerat,</span> <span class='ocrx_word' id='word_1_311' title='bbox 897 2625 1131 2661; x_wconf 87' lang='lat' dir='ltr'>militaribus</span> <span class='ocrx_word' id='word_1_312' title='bbox 1160 2624 1280 2660; x_wconf 89' lang='lat' dir='ltr'>donis</span> <span class='ocrx_word' id='word_1_313' title='bbox 1305 2625 1514 2666; x_wconf 89' lang='lat' dir='ltr'>donasset,</span> <span class='ocrx_word' id='word_1_314' title='bbox 1549 2629 1656 2666; x_wconf 89' lang='lat' dir='ltr'>tunc,</span> 
     </span>
    </p>
   </div>
  </div>
 </body>
</html>
