1789 2955
218 55 298 92 264
618 50 732 85 Liber
757 49 882 85 XXX.
933 49 996 94 (A.
1023 63 1058 85 u.
1084 61 1114 85 c.
1141 51 1233 94 552.)

220 178 471 215 dimitterent
508 191 592 223 eos,
626 191 744 227 quam
774 177 999 215 Romanum
1046 177 1346 227 imperatorem,
1385 179 1455 228 qui
1489 182 1527 216 et
1561 192 1651 228 quae

174 251 198 287 4
216 252 395 299 petentes
426 249 642 295 venissent,
675 249 883 286 certiorem
915 249 1103 286 facerent.
1166 248 1264 286 Cum
1305 250 1450 299 legatis
1483 250 1652 288 Cartha·

218 321 466 370 giniensibus
498 320 664 357 Romam
711 320 820 357 missi
850 320 898 358 L.
931 320 1124 357 Veturius
1156 320 1277 358 Philo
1324 325 1362 359 et
1393 321 1448 360 M.
1477 321 1653 359 Marcius

178 392 340 431 5Ralla
373 396 410 429 et
441 393 486 430 L.
507 392 654 442 Scipio,
686 391 941 441 imperatoris
966 392 1097 429 frater.
1144 392 1224 430 Per
1252 406 1318 431 eos
1346 393 1429 430 dies
1462 406 1654 430 commea-

220 470 283 501 tus
316 478 363 501 ex
395 463 533 501 Sicilia
576 463 844 513 Sardiniaque
885 466 1036 500 tantam
1079 464 1275 502 vilitatem
1316 477 1483 502 annonae
1521 464 1656 502 effece-

220 540 325 583 runt,
357 540 401 573 ut
431 550 503 586 pro
535 539 698 574 vectura
728 536 968 572 frumentum
1002 536 1134 573 nautis
1167 539 1361 573 mercator
1392 537 1655 585 relinqueret.

181 609 202 642 6
337 607 477 645 Romae
511 608 561 645 ad
593 607 777 644 nuntium
801 607 973 657 primum
999 608 1236 645 rebellionis
1262 607 1656 656 Carthaginiensium

224 679 468 730 ‘trepidatum
499 680 650 726 fuerat,
683 679 889 728 iussusque
929 683 1013 716 erat
1043 679 1107 718 Ti.
1141 679 1334 717 Claudius
1373 683 1526 718 mature
1559 680 1658 717 clas-

225 764 306 789 sem
340 752 379 788 in
415 750 595 789 Siciliam
627 751 772 788 ducere
805 755 926 801 atque
958 751 1051 788 inde
1084 752 1124 788 in
1157 751 1342 794 Africam
1381 752 1586 798 traiicere,
1619 754 1658 789 et

226 823 328 860 alter
360 824 499 861 consul
525 823 582 862 M.
608 821 805 861 Servilius
837 824 887 861 ad
923 825 1059 861 urbem
1085 824 1242 869 morari,
1275 823 1409 870 donec,
1443 837 1519 873 quo
1552 827 1659 862 statu

182 896 202 931 7
224 908 286 932 res
312 895 354 932 in
372 895 514 932 Africa
541 899 684 942 essent,
716 896 896 933 sciretur.
943 895 1134 944 Segniter
1161 895 1295 933 omnia
1321 896 1360 932 in
1393 895 1662 945 comparanda

227 967 541 1016 deducendaque
568 968 692 1005 classe
718 967 767 1004 ab
793 967 854 1005 Ti.
881 968 1053 1005 Claudio
1087 968 1246 1005 consule
1271 968 1375 1005 facta
1399 971 1522 1014 erant,
1554 967 1662 1018 quod

227 1043 360 1089 patres
377 1039 424 1075 de
440 1053 538 1089 pace
555 1039 600 1076 P.
621 1038 821 1088 Scipionis
836 1041 970 1089 potius
996 1039 1208 1076 arbitrium
1226 1053 1320 1086 esse,
1343 1040 1488 1089 quibus
1505 1040 1661 1088 legibus

185 1111 209 1147 8
229 1111 402 1158 daretur,
434 1125 552 1160 quam
579 1111 754 1148 consulis
779 1114 1024 1149 censuerant.
1071 1111 1270 1161 Prodigia
1295 1125 1453 1161 quoque
1477 1111 1662 1149 nuntiata

228 1183 299 1219 sub
345 1184 468 1232 ipsam
515 1184 657 1220 famam
704 1183 936 1220 rebellionis
981 1186 1172 1221 terrorem
1219 1184 1449 1221 attulerant.
1525 1183 1662 1220 Cumis

229 1254 323 1292 solis
355 1255 463 1292 orbis
495 1255 621 1292 minui
661 1255 770 1292 visus
813 1259 852 1292 et
890 1256 995 1305 pluit
1032 1255 1191 1305 lapideo
1224 1255 1362 1301 imbri,
1403 1258 1442 1292 et
1481 1255 1520 1291 in
1553 1253 1663 1292 Veli—

229 1330 344 1363 terno
377 1340 472 1376 agro
503 1330 611 1364 terra
642 1327 872 1375 ingentibus
905 1327 1085 1365 cavernis
1117 1328 1313 1373 consedit,
1347 1328 1591 1376 arboresque
1623 1327 1664 1363 in

189 1399 211 1434 9
231 1398 472 1448 profundum
505 1399 675 1445 haustae,
707 1398 859 1436 Ariciae
884 1400 1012 1436 forum
1042 1403 1081 1436 et
1098 1400 1204 1437 circa
1229 1400 1416 1449 tabernae,
1436 1399 1661 1436 Frusinone

229 1483 363 1507 murus
403 1470 558 1520 aliquot
595 1471 694 1508 locis
735 1475 773 1509 et
802 1475 918 1521 porta
956 1471 1003 1509 de
1043 1472 1139 1509 caelo
1180 1475 1304 1517 tacta3
1352 1478 1390 1508 et
1432 1471 1472 1507 in
1504 1470 1663 1508 Palatio

230 1541 432 1591 lapidibus
463 1543 581 1592 pluit.
642 1543 692 1580 Id
724 1543 952 1592 prodigium
984 1557 1092 1581 more
1122 1544 1252 1593 patrio
1277 1543 1508 1580 novendiali
1540 1555 1666 1590 sacro,

161 1614 211 1651 10
231 1618 361 1651 cetera
393 1615 535 1652 hostiis
568 1615 788 1653 maioribus
821 1615 995 1664 expiata.
1055 1615 1168 1652 Inter
1199 1628 1287 1665 quae
1320 1616 1439 1652 etiam
1472 1627 1664 1663 aquarum

233 1686 396 1724 insolita
427 1687 662 1736 magnitudo
695 1687 733 1723 in
775 1687 1013 1735 religionem
1045 1701 1179 1733 versa;
1220 1701 1311 1724 nam
1352 1688 1407 1724 ita
1445 1686 1665 1724 abundavit

233 1756 408 1805 Tiberis,
440 1762 484 1795 ut
523 1758 611 1795 ludi
642 1757 924 1808 Apollinares,
964 1759 1071 1796 circo
1104 1759 1315 1808 inundato,
1364 1762 1479 1796 extra
1509 1763 1666 1808 portam

158 1830 205 1868 11
228 1829 426 1867 Collinam
467 1830 517 1867 ad
556 1830 680 1867 aedem
719 1830 902 1878 Erycinae
942 1829 1115 1868 Veneris
1153 1832 1284 1880 parati
1330 1832 1420 1869 sint.
1481 1830 1665 1868 Ceterum

230 1901 415 1939 ludorum
449 1903 534 1952 ipso
567 1902 630 1939 die
662 1902 796 1940 subita
827 1903 1040 1940 serenitate
1078 1906 1187 1952 orta,
1235 1916 1380 1953 pompa
1412 1902 1505 1940 duci
1536 1906 1665 1950 coepta

231 1973 279 2011 ad
329 1978 485 2023 portam
534 1973 734 2011 Collinam
780 1978 967 2012 revocata
1013 1974 1266 2024 deductaque
1313 1975 1354 2011 in
1403 1975 1550 2012 circum
1598 1977 1667 2022 est,

163 2043 213 2080 12
233 2058 351 2094 quum
372 2044 587 2082 decessisse
614 2045 705 2083 inde
731 2059 873 2095 aquam
899 2047 1124 2084 nuntiatum
1151 2050 1276 2093 esset3
1308 2046 1568 2096 laetitiamque
1596 2059 1665 2096 po-

230 2116 325 2166 pulo
358 2121 396 2154 et
428 2117 531 2154 ludis
563 2117 836 2154 celebritatem
869 2117 1024 2155 addidit
1050 2118 1162 2155 sedes
1200 2132 1269 2156 sua
1301 2118 1482 2156 sollemni
1514 2121 1666 2168 specta-

232 2187 321 2225 culo
354 2188 521 2226 reddita.

89 2252 142 2301 39
348 2258 558 2297 Claudium
593 2260 812 2305 consulem,
859 2262 1081 2310 profectum
1119 2262 1280 2300 tandem
1321 2263 1369 2299 ab
1408 2262 1530 2309 urbe,
1562 2261 1667 2298 inter

231 2334 368 2380 portus
400 2330 595 2369 Cosanum
628 2332 953 2382 Loretanumque
991 2337 1106 2371 atrox
1146 2334 1205 2370 vis
1244 2332 1494 2383 tempestatis
1525 2331 1669 2369 adorta

190 2401 213 2438 2
234 2402 273 2439 in
306 2406 454 2440 metum
485 2403 688 2452 ingentem
719 2403 899 2441 adduxit.
974 2404 1245 2455 Populonium
1284 2404 1376 2441 inde
1414 2417 1535 2453 quum
1577 2416 1666 2453 per-

176 2463 179 2465 *
230 2474 416 2521 venisset,
447 2475 698 2524 stetissetque
730 2475 797 2521 ibi,
830 2474 923 2511 dum
948 2475 1145 2524 reliquum
1172 2475 1423 2526 tempestatis
1447 2475 1669 2522 exsaeviret,

231 2544 359 2582 Ilvam
393 2545 563 2583 insulam
596 2550 633 2584 et
664 2546 713 2583 ab
744 2546 833 2584 Ilva
865 2545 1079 2590 Corsicam,
1112 2561 1135 2584 a
1166 2547 1330 2585 Corsica
1361 2548 1401 2584 in
1434 2545 1666 2584 Sardiniam

229 2616 399 2654 traiecit.
459 2617 525 2654 Ibi
557 2621 809 2667 superantem
842 2617 1012 2656 Insanos
1044 2622 1196 2656 montes
1229 2619 1354 2656 multo
1387 2621 1426 2656 et
1457 2619 1599 2657 saevior
1629 2621 1669 2656 et
