1768 2943
945 110 1023 139 XVI

280 226 329 269 in)
356 226 376 258 ‘2
403 230 437 256 et
460 225 482 259 3
508 227 687 257 Aufidius.
709 250 715 257 .
736 250 743 257 .
763 226 931 256 Aufidium
959 225 980 257 5
1006 224 1126 267 (Paulo
1152 227 1232 256 add.
1266 225 1553 269 Wesenbergius.)
1581 226 1599 259 7
1625 226 1688 257 lin-

279 296 346 326 gua
371 291 528 326 prompta
553 284 634 327 (tam
660 285 697 315 in
723 285 756 315 P
777 295 848 315 esse
877 285 985 314 Gron.
1012 286 1085 319 ait,·
1110 288 1162 315 est
1185 286 1221 314 z‘n
1239 284 1272 315 C.
1300 286 1402 315 Dure
1426 287 1570 316 verbum
1590 286 1687 316 audi·

281 342 365 385 tur.)
392 344 496 382 XLV,
521 343 543 376 4
570 342 670 386 (adeo
697 345 776 374 add.
813 343 975 385 Woelffl.,
1002 343 1070 373 cod.
1098 343 1174 373 Pal.
1202 342 1249 385 2.)
1282 343 1304 376 5
1335 340 1432 375 cuius
1461 354 1534 375 sors
1561 343 1685 386 (Codd.

274 406 407 443 praeter
438 404 524 433 duos
549 412 643 440 recc.,
683 400 812 443 Drak.)
839 400 859 434 6
884 399 1065 443 (instruunt
1091 401 1198 432 aciem
1232 402 1350 437 Weiss,
1376 413 1393 433 e
1419 404 1466 434 P.-
1503 403 1688 434 instruncta

279 461 361 495 acie.
388 462 501 492 Drak.
529 461 691 492 instructa
715 459 802 502 acie)
843 459 860 492 7
897 459 1114 502 (iaculatores
1145 470 1218 491 cum
1244 461 1364 492 ceteris
1391 462 1503 492 Drak.
1543 461 1577 492 Ρ
1597 461 1688 492 iacu-

279 519 403 550 latores
429 531 469 550 ex
496 520 626 550 ceteris.
665 519 736 549 Sed
749 519 913 560 fortasse
938 519 1029 550 nilzz'l
1042 520 1125 562 suit
1148 519 1235 550 nisi:
1261 525 1447 551 tenuerunt.
1487 520 1536 551 Ex
1565 520 1687 551 ceteris

279 579 400 610 levium
427 589 508 610 arm.
537 588 629 615 aux.;
655 578 733 608 Em.
760 576 855 620 306.)
881 579 1001 616 XLVI,
1027 578 1047 610 4
1081 577 1216 620 (magna
1241 588 1280 608 ex
1306 584 1400 619 parte
1428 583 1496 609 not.
1521 578 1688 622 Woelffl.)

280 637 302 670 5
326 636 418 679 (ante
443 637 528 668 alios
555 637 629 677 Mg.
658 637 734 667 Em.
761 639 839 670 306.
868 637 901 666 P
922 637 1099 668 antetalius
1124 637 1338 667 hannibatus.
1385 637 1585 668 Edebatur:
1610 642 1687 668 ante

279 697 435 738 ceteros.)
474 695 494 728 6
521 700 641 726 stetere
667 695 714 737 (P
730 694 904 737 steterent)
930 694 952 729 8
977 695 1114 737 (stetere
1133 697 1239 726 Gran.
1268 695 1302 726 P
1323 701 1456 733 statere,
1482 696 1597 726 Drak.
1624 701 1687 726 sta—

280 754 367 796 rent)
395 754 535 791 XLVII,
573 753 593 786 4
620 752 705 795 (par,
745 754 823 784 dum
849 755 924 795 Mg.
952 755 1029 785 Em.
1056 757 1136 788 307.
1164 754 1197 784 Ρ
1217 764 1344 795 parum,
1375 756 1486 786 Drak.
1517 753 1629 797 pares)
1667 754 1688 787 5

278 812 431 855 (obliqua
456 813 566 844 fronte
581 813 687 853 Lips.,
715 813 794 843 Em.
821 814 888 843 ibd.
916 814 950 843 P
971 824 1013 843 m.
1043 816 1061 846 1
1084 813 1302 854 consiliaequa
1315 814 1439 851 fronte,
1466 814 1579 844 Drak.
1607 823 1687 844 con-

279 872 354 909 nisi,
381 882 480 913 aequa
505 870 628 914 fronte)
655 872 674 904 6
698 871 863 913 (institere
883 873 1003 910 Gron„
1029 872 1108 902 Em.
1124 874 1202 905 308.
1234 871 1348 909 Codd.,
1375 873 1489 902 Drak.
1516 871 1686 910 insistere)

279 930 301 963 8
328 930 420 972 (dein
448 931 600 962 cedendo
623 932 736 962 Alsch.
764 931 798 961 P
819 930 1058 968 deindetendo,
1085 931 1199 960 Drak.
1227 930 1350 961 deinde
1374 928 1527 970 nitendo)
1554 931 1575 963 9
1601 930 1687 962 ceci-

279 989 407 1027 derant,
436 987 497 1032 [et]
525 990 684 1020 adversus
709 988 845 1031 (Crev.)
872 989 1028 1027 XLVIII,
1055 988 1076 1022 6
1101 988 1246 1030 (equites
1266 990 1373 1020 Gron.
1392 989 1426 1019 P
1447 993 1481 1019 et
1491 990 1604 1020 Drak.
1632 999 1688 1029 pe-

279 1046 380 1090 dites)
406 1048 530 1086 XLIX,
557 1047 578 1081 3
605 1048 814 1079 denuntianti
841 1047 984 1090 (Gron.)
1015 1047 1037 1080 8
1071 1046 1118 1089 (et
1145 1057 1260 1078 comes
1294 1048 1422 1078 Walch.
1456 1048 1490 1078 P
1516 1052 1550 1078 et
1572 1047 1686 1078 Drak.

279 1106 406 1148 comes)
434 1106 478 1139 10
503 1107 686 1145 AEmilium,
714 1118 776 1137 om.
805 1108 842 1137 L.
870 1105 950 1149 (Ed.
978 1105 1157 1148 Ailogunt.)
1186 1107 1188 1148 i
1218 1105 1354 1148 (vixisse
1381 1107 1492 1138 adhuc
1519 1112 1551 1138 et
1570 1107 1685 1138 Alsch.

279 1165 313 1195 P
332 1165 456 1196 vixisse
482 1171 514 1195 et
541 1166 650 1196 adhuc
678 1172 720 1203 et¹
759 1167 873 1196 Drak.
913 1165 1038 1196 vixisse
1065 1171 1097 1196 et
1123 1164 1248 1207 adhuc)
1282 1165 1323 1197 11
1359 1172 1482 1196 memet
1508 1166 1540 1196 in
1580 1164 1686 1207 (Edd.

279 1224 410 1255 vett.P
430 1222 568 1266 meetin)
596 1224 638 1256 12
664 1223 752 1266 (haec
779 1234 838 1254 eos
865 1229 1004 1265 agentes
1029 1225 1104 1265 Mg.
1131 1223 1209 1254 Em.
1236 1226 1314 1257 308.
1343 1224 1375 1254 P
1396 1224 1469 1255 haec
1502 1224 1686 1265 exagentis,

279 1284 393 1316 Drak.
419 1283 492 1313 haec
519 1282 707 1325 exigentes)
738 1295 739 1326 3
770 1281 853 1325 (tum
879 1282 1028 1323 undique
1055 1283 1169 1313 Alsch.
1198 1283 1232 1313 P
1252 1289 1321 1313 tum
1348 1283 1448 1320 unde,
1478 1283 1591 1313 Drak.
1618 1288 1686 1313 tum

278 1340 372 1384 inde)
399 1341 441 1374 14
469 1341 627 1384 (insertus
653 1342 784 1372 Bauer.
813 1341 846 1371 P
867 1345 901 1372 et
923 1341 1038 1372 Drak.
1067 1340 1224 1383 infestus)
1251 1341 1294 1373 15
1325 1341 1373 1383 (et
1400 1341 1570 1372 tantadem
1598 1342 1686 1382 Mg„

279 1403 311 1432 lz.
339 1413 366 1432 e.
393 1403 512 1432 eadem
532 1406 600 1441 pro
622 1401 795 1441 portione,
822 1401 918 1430 velut
944 1401 1048 1430 tertia
1074 1404 1137 1431 aut
1160 1404 1287 1442 quarta
1316 1405 1406 1440 pars
1416 1411 1428 1434 ,·
1460 1410 1567 1441 neque
1598 1399 1687 1430 enim

278 1471 369 1502 aeque
394 1461 499 1490 multi
521 1460 704 1500 utriusque
726 1460 870 1500 generis
894 1459 1096 1496 ceciderunt,
1130 1460 1192 1489 sed
1215 1460 1341 1499 plures
1372 1460 1472 1496 socii,
1507 1460 1541 1489 si
1565 1459 1688 1499 plures

278 1520 418 1550 omnino
445 1521 481 1550 z'n
507 1520 578 1549 acie
593 1518 762 1560 fuerunt.
819 1517 935 1555 Codd.,
962 1519 1076 1548 Drak.
1111 1522 1144 1548 et
1170 1523 1272 1549 tanta.
1318 1518 1506 1548 Tantadem
1540 1528 1609 1548 non
1635 1527 1687 1547 re-

271 1578 414 1618 peritur
439 1577 510 1607 nisi
534 1578 628 1618 apud
653 1578 742 1607 iuris
768 1578 950 1614 consultos,
978 1578 1070 1618 quoii
1095 1577 1168 1608 eius
1183 1579 1317 1620 formoe
1344 1577 1414 1608 nisi
1438 1577 1474 1607 in
1499 1577 1688 1617 diligenter

278 1637 522 1666 ratiocinando
561 1646 644 1666 usus
671 1635 759 1677 fere
796 1646 866 1666 non
904 1640 991 1666 erat.
1044 1637 1191 1667 Tantum
1217 1641 1286 1676 pro
1320 1636 1518 1666 tantundem
1546 1634 1690 1665 librarii

278 1695 535 1726 substituerunt
559 1695 653 1734 apud
682 1694 879 1725 Ciceronem
906 1695 952 1725 N.
980 1695 1026 1725 D.
1053 1696 1104 1731 ll.
1134 1698 1187 1732 18,
1215 1697 1270 1729 47.
1301 1695 1375 1737 Cfr.
1403 1695 1480 1725 Em.
1509 1691 1604 1735 308.)
1644 1692 1688 1725 16

278 1752 325 1795 (et
351 1753 580 1794 undetriginta
605 1754 728 1784 tribuni
759 1755 866 1784 Gron.
888 1754 920 1784 P
942 1759 974 1784 et
1000 1753 1334 1794 vigintiunudecetf„
1361 1754 1422 1783 hoc
1447 1756 1497 1782 est
1527 1752 1685 1782 XXXIX.

279 1813 392 1843 Drak.
420 1822 505 1842 unus
532 1818 565 1843 et
590 1812 709 1852 viginti
736 1810 875 1854 tribuni)
902 1812 945 1845 18
971 1811 1165 1854 (Numerus
1190 1812 1342 1853 equitum
1369 1812 1482 1841 maior
1508 1815 1559 1841 est
1583 1822 1686 1852 quam

274 1876 342 1911 pro
374 1872 563 1910 peditibus.
596 1870 700 1901 Codd.
728 1881 828 1908 recc.‚
863 1872 977 1901 Drak.
1011 1876 1044 1901 et
1069 1870 1200 1911 equites
1226 1870 1384 1911 trecenti)
1411 1870 1449 1906 L,
1477 1869 1497 1902 9
1523 1868 1687 1912 (disiicias

283 1931 390 1960 Gron.
418 1929 452 1959 Ρ
472 1929 629 1967 uisscias,
662 1929 775 1960 Drak.
802 1928 1036 1970 transibimus)
1068 1928 1112 1961 12
1144 1939 1229 1969 quos
1263 1929 1432 1969 ingenium
1467 1927 1586 1969 (Codd.
1620 1929 1686 1959 duo

278 1999 359 2018 reec.
388 1988 421 2018 Ρ
441 1988 534 2029 quod
560 1987 749 2029 ingenium)
774 1987 830 2025 LI,
858 1986 879 2020 5
905 1992 1049 2028 stragem
1072 1987 1227 2018 insistunt
1243 1986 1332 2028 (Mg.
1348 1988 1425 2018 Em.
1443 1990 1521 2021 308.
1538 1988 1571 2017 P
1592 1997 1686 2029 spec-

278 2046 705 2088 tandainstrageinsistunt)
732 2045 752 2079 6
777 2046 824 2087 (P
847 2056 931 2087 quos
957 2051 1071 2077 tracta.
1100 2046 1282 2076 Fortasse:
1307 2056 1392 2087 quos
1425 2052 1599 2078 contracta
1625 2051 1688 2077 aut

278 2115 362 2147 quos
389 2105 492 2148 tacta)
518 2105 538 2139 9
565 2105 757 2136 subtractus
785 2103 833 2146 (P
862 2109 896 2134 et
919 2105 964 2135 M
986 2113 1028 2135 m‘.
1063 2107 1085 2137 2
1111 2108 1144 2134 et
1168 2105 1261 2134 codd.
1289 2115 1382 2141 rece..
1409 2106 1524 2136 Drak.
1552 2105 1687 2136 Subtra-

279 2166 356 2197 here
375 2166 416 2195 de
434 2176 481 2202 eo,
509 2165 571 2206 qui
581 2163 812 2204 protrahitur
837 2167 871 2194 et
895 2174 998 2194 onere
1023 2164 1284 2205 superimposito
1309 2164 1492 2202 liberatur,
1519 2165 1581 2194 vix
1605 2164 1687 2203 dici-

280 2223 363 2266 tur.)
394 2244 395 2258 ι
427 2234 527 2264 quum
553 2223 613 2253 ille
638 2234 655 2253 e
679 2224 764 2253 coni.
795 2221 951 2263 (Durius
975 2232 1060 2252 sane
1085 2222 1256 2252 omittitur
1274 2228 1476 2263 pronomen,
1496 2233 1554 2252 nec
1571 2226 1687 2253 tamen

272 2289 424 2325 prorsus
449 2279 746 2323 intolerabiliter.)
772 2281 845 2318 LII,
870 2280 891 2313 4
919 2279 964 2322 (et
990 2280 1091 2311 animi
1120 2280 1234 2311 Weiss.
1263 2281 1297 2310 l'
1311 2286 1343 2311 ut
1362 2281 1471 2318 nimis,
1498 2280 1611 2311 Drak.
1631 2286 1687 2311 aut

279 2340 395 2379 animi)
422 2341 512 2379 LIII,
540 2340 620 2373 5M.
649 2339 821 2371 Caecilium
841 2339 1014 2370 Metellum
1043 2338 1086 2371 12
1105 2339 1154 2369 Μ.
1180 2339 1295 2370 Caecili
1323 2339 1396 2381 (Sic
1420 2349 1506 2370 sane
1536 2340 1686 2379 appella-

282 2404 340 2430 tur
354 2399 494 2436 XXIV,
523 2401 576 2436 18,
604 2400 625 2431 3
651 2401 685 2428 et
710 2399 746 2428 in
773 2398 873 2428 libris
887 2397 1040 2428 XXVII
1052 2401 1084 2427 et
1098 2397 1272 2428 XXVIII
1297 2402 1372 2432 ter:
1397 2398 1459 2428 sed
1476 2401 1590 2437 potest
1613 2398 1647 2428 Ιι.
1663 2399 1685 2428 Ζ.

280 2458 403 2488 Livius
434 2457 503 2499 ipse
529 2458 565 2487 in
584 2456 799 2497 praenomine
825 2455 991 2496 errasse.)
1015 2455 1037 2488 8
1061 2455 1169 2496 (nulla
1200 2456 1330 2493 Bauer,
1358 2456 1432 2496 Mg.
1461 2456 1494 2486 Ρ
1514 2460 1548 2487 et
1571 2457 1684 2487 Drak.

281 2515 389 2558 nullo)
416 2515 458 2548 11
488 2515 639 2556 Iuppiter
664 2515 811 2556 optimus
837 2515 1025 2545 maximus.
1047 2538 1053 2545 .
1075 2538 1081 2545 .
1101 2513 1236 2545 adficiat
1263 2526 1279 2544 e
1305 2515 1389 2545 coni.
1418 2515 1531 2545 Drak.
1560 2513 1683 2556 (Codd.

282 2576 441 2605 meliores
467 2584 583 2605 omnes
609 2573 735 2614 optime
762 2573 903 2604 maxime
923 2596 929 2603 .
949 2596 956 2603 .
977 2595 984 2603 .
1004 2572 1135 2603 afficiat.
1168 2573 1281 2612 Quum
1297 2574 1569 2604 alterumutrum
1594 2573 1686 2604 colli-

279 2633 432 2673 gendum
459 2632 513 2670 sit,
541 2636 648 2670 teneo,
675 2632 768 2673 quod
790 2632 986 2672 superiores
1018 2634 1051 2661 et
1075 2631 1144 2670 ipse
1170 2632 1282 2662 Drak.
1310 2629 1520 2672 ediderunt.)
1550 2631 1638 2668 LIV,
1664 2630 1685 2663 6
