1789 2955
502 68 617 104 Liber
642 67 809 104 XXVII.
859 69 917 112 (A.
945 67 1009 103 Oh.
1035 68 1129 112 210.)
1470 72 1529 116 ,61

99 202 360 248 occupassent
389 198 577 248 praesenti
601 198 820 235 certamine
843 198 977 235 oculos
1001 197 1245 246 animosque,
1276 195 1532 233 circumvecti

99 284 191 322 pars
219 273 349 308 castra
379 270 565 317 hostium,
596 283 688 319 pars
717 272 833 317 terga
857 269 1148 319 trepidantium
1173 268 1421 315 invaderent,
1454 268 1537 317 ipse
1555 269 1577 305 9

97 344 140 381 in
172 343 328 381 Fulviis
358 341 660 380 similitudinem
690 341 873 388 nominis,
903 342 999 391 quia
1023 342 1093 379 Cn.
1109 341 1299 380 Fulvium
1322 343 1533 390 praetorem

98 415 262 453 biennio
301 417 392 452 ante
431 414 473 451 in
514 413 656 451 iisdem
698 414 902 451 devicerat
942 414 1052 460 locis,
1098 415 1320 463 increpans,
1362 413 1532 449 similem

98 491 284 525 eventum
322 499 467 536 pugnae
505 487 591 524 fore
629 485 864 523 affirmabat.
925 485 1063 535 Neque
1102 500 1148 523 ea
1186 499 1273 535 spes
1311 498 1414 521 vana
1444 483 1533 520 fuit.
1556 484 1604 520 10

98 559 201 598 Nam
233 572 354 608 quum
385 558 565 595 cominus
596 558 681 595 acie
713 560 752 594 et
782 558 962 607 peditum
990 558 1203 594 certamine
1227 557 1345 594 multi
1371 555 1531 593 cecidis-

98 634 188 668 sent
217 630 502 677 Romanorum,
547 633 701 667 starent
730 633 862 667 tamen
895 629 1055 667 ordines
1087 630 1290 679 signaque,
1337 627 1534 678 equestris
1556 628 1602 664 11

97 703 292 740 tumultus
324 716 347 740 a
376 706 502 752 tergo,
533 703 653 740 simul
686 716 707 739 a
738 702 879 739 castris
911 702 1058 739 clamor
1081 702 1239 739 hostilis
1263 701 1425 739 auditus
1447 713 1531 737 sex-

97 778 179 812 tam
193 775 314 825 [ante]
327 775 536 823 legionem,
555 788 642 824 quae
660 775 701 812 in
719 774 892 812 secunda
908 775 990 811 acie
1008 774 1141 824 posita
1158 774 1268 823 prior
1285 774 1334 810 ab
1346 771 1533 811 Numidis

97 847 261 885 turbata
277 850 347 893 est,
371 847 550 897 quintam
569 846 712 884 deinde
730 849 850 896 atque
868 859 947 893 eos,
975 846 1044 895 qui
1062 846 1111 883 ad
1129 846 1258 895 prima
1274 845 1390 894 signa
1407 846 1532 891 erant,

98 919 269 965 avertit;
299 932 391 968 pars
417 920 458 956 in
481 919 615 967 fugam
642 919 767 965 effusi,
790 932 882 968 pars
910 919 950 955 in
983 919 1112 956 medio
1144 919 1247 965 caesi,
1277 917 1348 954 ubi
1381 920 1420 954 et
1448 918 1535 966 ipse
1558 917 1605 953 12

101 991 170 1029 Cn.
187 991 356 1030 Fulvius
373 1005 460 1028 cum
478 991 665 1028 undecim
682 991 859 1028 tribunis
876 991 1048 1027 militum
1067 990 1225 1029 cecidit.
1265 990 1535 1028 Romanorum
1557 989 1607 1027 13

98 1064 377 1113 sociorumque
419 1067 517 1113 quot
556 1076 656 1101 caesa
697 1064 736 1100 in
774 1077 819 1101 eo
858 1063 1002 1113 proelio
1041 1062 1171 1100 millia
1201 1063 1293 1110 sint,
1339 1063 1428 1112 quis
1458 1075 1531 1112 pro

99 1141 207 1174 certo
249 1135 432 1182 affirmet,
478 1149 598 1185 quum
637 1136 736 1173 alibi
765 1135 956 1173 tredecim
988 1135 1129 1181 millia,
1173 1135 1273 1172 alibi
1303 1135 1409 1172 haud
1441 1135 1530 1184 plus

98 1223 218 1259 quam
265 1212 414 1258 septem
460 1208 687 1245 inveniam?
748 1207 900 1245 Castris
939 1207 1156 1257 praedaque
1196 1208 1323 1245 victor
1367 1208 1533 1256 potitur.
1555 1205 1607 1242 14

97 1282 354 1319 Herdoneam
387 1280 482 1330 quia
514 1284 553 1317 et
584 1280 829 1317 defecturam
859 1280 980 1317 fuisse
1011 1279 1062 1316 ad
1092 1279 1294 1317 Romanos
1327 1279 1531 1328 comperit,

97 1366 170 1390 nec
201 1366 427 1390 mansuram
459 1353 499 1390 in
529 1352 621 1401 fide,
654 1352 688 1389 si
720 1353 812 1389 inde
838 1352 1106 1397 abscessisset,
1140 1351 1400 1389 multitudine
1424 1351 1531 1389 omni

98 1425 374 1475 Metapontum
406 1439 451 1463 ac
482 1425 654 1462 Thurios
684 1424 881 1471 traducta,
912 1425 1111 1471 incendit3
1143 1424 1292 1462 occidit
1316 1424 1532 1474 principes,

97 1498 167 1547 qui
213 1511 300 1535 cum
341 1498 486 1536 Fulvio
533 1497 734 1547 colloquia
779 1497 935 1534 occulta
979 1497 1165 1534 habuisse
1211 1497 1391 1546 conperti
1429 1500 1531 1533 sunt.

97 1570 282 1616 Romani,
328 1569 398 1619 qui
443 1583 491 1606 ex
537 1572 650 1607 tanta
690 1569 802 1606 clade
845 1573 1063 1615 evaserant,
1111 1569 1279 1606 diversis
1321 1569 1536 1606 itineribus
1558 1567 1606 1604 15

97 1655 310 1679 semermes
347 1642 399 1679 ad
438 1641 675 1679 Marcellum
716 1642 916 1678 consulem
949 1641 989 1678 in
1024 1640 1227 1678 Samnium
1258 1642 1532 1692 perfugerunt.

211 1714 428 1751 Marcellus
470 1714 570 1750 nihil
609 1713 820 1751 admodum
858 1718 971 1751 tanta
1010 1714 1123 1751 clade
1168 1714 1333 1751 territus
1378 1714 1537 1750 litteras
1625 1708 1651 1756 2

97 1786 268 1824 Romam
300 1786 350 1823 ad
376 1789 555 1824 senatum
581 1786 628 1823 de
653 1786 751 1823 duce
775 1790 814 1823 et
838 1788 1014 1824 exercitu
1039 1787 1088 1824 ad
1106 1786 1361 1824 Herdoneam
1386 1786 1530 1823 amisso

97 1859 256 1897 scribit:
290 1861 461 1896 ceterum
488 1858 655 1896 eundem
681 1872 732 1905 se,
765 1859 833 1908 qui
856 1863 947 1908 post
964 1858 1213 1896 Cannensem
1236 1872 1411 1909 pugnam
1435 1858 1534 1895 fero-
1554 1858 1576 1893 :2

96 1944 181 1969 cem
205 1931 376 1969 victoria
392 1931 663 1969 Hannibalem
689 1931 929 1979 contuderit,
945 1932 1002 1968 ire
1029 1932 1221 1969 adversus
1245 1945 1346 1977 eum,
1370 1931 1532 1967 brevem

98 2003 161 2040 illi
185 2004 378 2050 laetitiam,
403 2017 482 2053 qua
506 2004 692 2051 exsultet,
714 2005 923 2042 facturum.
984 2004 1038 2042 Et
1061 2004 1200 2042 Romae
1225 2005 1387 2054 quidem
1413 2016 1534 2053 quum
1554 2003 1577 2038 3

98 2076 230 2113 luctus
274 2076 414 2124 ingens
461 2089 509 2112 ex
555 2076 780 2125 praeterito,
825 2080 908 2114 tum
953 2077 1075 2114 timor
1121 2077 1161 2114 in
1207 2077 1385 2114 futurum
1431 2078 1529 2115 erat⁴

98 2147 250 2185 Consul
289 2161 336 2185 ex
367 2146 529 2185 Samnio
560 2148 601 2184 in
632 2148 817 2186 Lucanos
847 2152 1121 2198 transgressus
1152 2149 1202 2186 ad
1234 2146 1577 2187 Numistronem4

97 2219 139 2257 in
186 2222 399 2269 conspectu
439 2220 682 2258 Hannibalis
727 2221 814 2258 loco
859 2221 989 2270 plano,
1036 2235 1156 2271 quum
1197 2222 1344 2259 Poenus
1391 2221 1531 2258 collem

96 2294 262 2339 teneret,
307 2292 445 2342 posuit
489 2296 630 2330 castra.
691 2292 871 2330 Addidit
911 2296 950 2330 et
990 2294 1111 2331 aliam
1149 2294 1308 2332 fidentis
1349 2290 1577 2344 speciem,5

97 2363 205 2413 quod
246 2365 355 2414 prior
393 2365 435 2402 in
475 2365 599 2402 aciem
639 2364 799 2412 eduxit3
846 2379 916 2402 nec
957 2366 1194 2404 detrectavit
1223 2367 1442 2414 Hannibal,
1485 2369 1531 2404 ut

97 2437 211 2484 signa
240 2437 370 2486 portis
401 2437 532 2474 efferri
562 2437 675 2476 vidit.
736 2437 802 2474 Ita
832 2440 965 2475 tamen
997 2438 1122 2475 aciem
1156 2439 1441 2485 instruxerunt,
1486 2442 1532 2476 ut

98 2507 247 2546 Poenus
279 2508 465 2546 dextrum
496 2523 618 2547 cornu
649 2510 689 2547 in
722 2510 862 2547 collem
893 2511 1077 2559 erigeret,
1121 2512 1293 2549 Romani
1324 2512 1529 2549 sinistrum

99 2579 151 2617 ad
192 2580 381 2629 oppidum
422 2581 684 2631 applicarent.
746 2582 814 2619 Ab
852 2582 951 2620 hora
988 2584 1108 2620 tertia
1146 2597 1267 2633 quum
1298 2584 1349 2622 ad
1381 2586 1576 2622 noctemss

97 2664 274 2701 pugnam
304 2652 584 2700 extendissent,
616 2653 808 2703 fessaeque
840 2656 1056 2704 pugnando
1086 2656 1224 2706 primae
1255 2657 1359 2694 acies
1391 2660 1532 2703 essent,
