1789 2955
551 102 655 133 Liber
681 102 806 132 XXIV.
857 101 913 143 (A.
936 102 997 133 ch.
1019 101 1118 144 ⁴214.)
1459 104 1539 146 201

127 239 210 270 tum
242 234 296 269 ad
329 233 554 269 libertatem
586 232 813 281 relictisque
840 234 960 281 regiis
988 234 1159 270 ducibus
1189 235 1243 270 ad
1267 235 1545 282 Syracusanos

128 315 368 341 concursum
404 304 470 339 sit.
538 303 680 351 Itaque
713 308 782 339 aut
814 303 1074 340 eximendum
1106 305 1148 340 id
1181 305 1234 340 de
1268 304 1422 341 foedere
1455 303 1586 344 esse9

128 380 197 411 aut
221 375 353 423 legem
379 386 469 410 eam
496 373 661 410 foederis
687 385 770 409 non
797 373 1094 421 accipiendam.
1143 374 1277 411 Facile
1302 375 1545 412 multitudini
1564 373 1618 414 lO

127 455 384 494 persuasum;
423 443 647 492 legatisque
679 443 1025 491 Syracusanorum
1059 449 1098 480 et
1130 445 1182 480 de
1216 446 1329 482 caede
1362 445 1547 482 stationis

128 515 325 551 Romanae
357 514 617 562 querentibus
650 519 690 551 et
714 513 1007 562 Hippocratem
1040 520 1161 562 atque
1187 515 1413 564 Epicydem
1437 516 1548 552 abire

129 597 199 622 seu
223 584 379 621 Locros
407 596 479 621 seu
508 597 589 633 quo
615 586 694 621 alio
718 584 896 627 mallent,
931 585 1158 621 dummodo
1183 585 1316 622 Sicilia
1339 587 1546 629 cederent,

127 655 358 692 iubentibus
383 654 571 691 ferociter
593 666 835 703 responsum
864 660 937 698 est,
968 668 1100 703 neque
1125 657 1345 692 mandasse
1371 668 1460 692 sese
1479 656 1548 704 Sy·
1569 651 1615 690 11

128 726 348 770 racusanis,
377 730 420 761 ut
442 737 587 773 pacem
612 737 685 773 pro
713 737 756 761 se
781 737 870 762 cum
888 726 1085 762 Romanis
1111 726 1304 771 facerent,
1333 739 1466 775 neque
1492 732 1549 763 te-

128 797 214 834 neri
238 795 380 833 alienis
406 795 640 832 foederibus.
690 795 789 833 Haec
814 797 868 832 ad
890 797 1103 832 Romanos
1128 797 1369 844 Syracusani
1395 798 1549 833 detule-
1567 791 1619 831 12

128 873 232 912 runt,
258 868 486 903 abnuentes
503 865 730 903 Leontinos
756 867 797 902 in
823 879 895 903 sua
920 871 1123 915 potestate
1149 879 1259 904 esse:
1294 868 1430 915 itaque
1447 868 1549 903 inte-

128 950 202 987 gro
236 949 373 974 secum
406 936 561 973 foedere
584 937 732 973 bellum
758 937 969 973 Romanos
995 949 1086 973 cum
1110 937 1157 973 iis
1181 943 1381 985 gesturos,
1415 950 1549 985 neque

130 1021 220 1046 sese
260 1007 470 1044 defuturos
509 1006 544 1042 ei
584 1007 705 1050 bello,
748 1007 803 1043 ita
842 1012 884 1043 ut
922 1008 963 1043 in
1002 1012 1247 1055 potestatem
1280 1008 1434 1044 redacti
1468 1020 1549 1044 suae

129 1091 262 1116 rursus
295 1077 470 1114 dicionis
503 1082 651 1120 essent,
688 1077 789 1114 sicut
821 1090 899 1126 pax
933 1078 1204 1114 convenisset.

248 1148 462 1186 Marcellus
503 1159 592 1183 curn
633 1148 743 1184 omni
783 1148 958 1184 exercitu
998 1148 1204 1196 profectus
1237 1148 1277 1184 in
1309 1148 1549 1190 Leontinos,
1615 1140 1676 1184 30

130 1220 265 1269 Appio
290 1231 453 1268 quoque
477 1217 623 1261 accito,
657 1222 700 1253 ut
724 1219 849 1254 altera
874 1223 988 1267 parte
1014 1219 1316 1267 aggrederetur,
1350 1223 1464 1255 tanto
1491 1231 1550 1254 ar-

131 1291 233 1327 dore
257 1289 425 1326 militum
450 1294 512 1325 est
535 1300 630 1325 usus
649 1288 700 1324 ab
718 1288 776 1324 ira
793 1288 896 1324 inter
914 1288 1182 1325 condiciones
1201 1289 1312 1337 pacis
1330 1289 1551 1326 interfectae

133 1359 330 1403 stationis,
359 1364 402 1394 ut
428 1359 557 1407 primo
585 1359 738 1407 impetu
766 1360 906 1395 urbem
931 1365 1224 1408 expugnarent,
1280 1355 1593 1409 Hippocrates?

133 1436 253 1479 atque
266 1429 471 1479 Epicydes
489 1434 707 1478 postquam
725 1429 815 1478 capi
833 1442 969 1466 muros
986 1429 1232 1479 refringique
1250 1436 1388 1479 portas
1400 1430 1551 1474 videre,

132 1502 174 1538 in
201 1513 336 1538 arcem
365 1512 456 1537 sese
486 1512 577 1536 cum
600 1500 741 1548 paucis
766 1511 976 1548 recepere;
1006 1501 1103 1537 inde
1129 1502 1231 1538 clam
1256 1506 1379 1538 nocte
1397 1500 1552 1536 Herbe-

133 1584 221 1608 sum
245 1571 488 1620 perfugiunt.
537 1570 799 1619 Syracusanis
825 1576 919 1606 octo
944 1572 1109 1608 millium
1126 1578 1370 1608 armatorum
1390 1572 1551 1620 agmine
1567 1567 1593 1607 3

133 1641 326 1691 profectis
365 1641 491 1676 domo
530 1640 584 1676 ad
616 1640 755 1688 Mylan
788 1641 937 1677 flumen
969 1642 1132 1678 nuntius
1166 1642 1350 1685 occurrit,
1392 1647 1552 1690 captam

134 1713 274 1749 urbem
307 1723 411 1755 esse,
445 1716 579 1747 cetera
613 1710 714 1746 falsa
746 1711 869 1747 mixta
902 1712 1004 1748 veris
1038 1711 1190 1749 serens:
1225 1713 1380 1749 caedem
1404 1708 1594 1760 promi-4

135 1795 273 1819 seuam
314 1781 481 1817 militum
521 1786 641 1829 atque
681 1781 983 1829 oppidanorum
1023 1782 1184 1826 factam,
1228 1795 1305 1819 nec
1339 1782 1552 1830 quicquam

134 1853 331 1902 puberum
344 1852 524 1888 arbitrari
539 1862 771 1899 superesse3
786 1851 986 1900 direptam
998 1853 1152 1897 urbem,
1169 1853 1278 1889 bona
1294 1853 1553 1901 locupletium

135 1924 304 1960 donata.
352 1923 418 1959 Ad
435 1922 620 1959 nuntium
637 1927 719 1958 tarn
737 1926 917 1958 atrocem
935 1922 1115 1958 constitit
1132 1935 1294 1971 agmen,
1323 1922 1554 1959 concitatis-
1570 1920 1596 1960 5

135 2006 214 2042 que
239 1993 440 2037 omnibus,
474 1993 600 2029 duces
623 1990 754 2042 (erant
776 1997 909 2028 autern
933 1992 1045 2029 Sosis
1069 2005 1119 2030 ac
1141 1990 1423 2043 Dinomenes),
1458 1993 1555 2041 quid

136 2069 317 2113 agerent,
343 2063 642 2101 consultabant.
701 2061 884 2098 Terroris
903 2063 1079 2111 speciem
1099 2064 1208 2100 haud
1225 2063 1318 2099 vani
1335 2063 1554 2099 mendacio
1570 2061 1594 2101 6

136 2135 392 2183 praebuerant
422 2133 619 2169 verberati
652 2144 700 2169 ac
734 2133 862 2170 securi
895 2134 1074 2182 percussi
1107 2134 1339 2182 transfugae,
1384 2134 1438 2169 ad
1470 2134 1553 2169 duo

136 2204 258 2241 millia
295 2204 524 2247 hominum;
566 2208 745 2240 ceterum
777 2203 1072 2240 Leontinorum
1104 2205 1354 2252 militumque
1387 2202 1593 2241 aliorumT

136 2286 259 2311 nemo
291 2279 386 2323 post
417 2278 579 2322 captam
606 2275 745 2309 urbem
769 2274 940 2311 violatus
965 2274 1106 2317 fuerat,
1141 2287 1294 2323 suaque
1320 2274 1457 2311 omnia
1484 2275 1554 2316 eis,

136 2344 213 2380 nisi
245 2356 334 2392 quae
362 2344 512 2392 primus
539 2344 729 2380 tumultus
756 2349 886 2392 captae
913 2345 1020 2381 urbis
1049 2346 1341 2394 absumpserat,
1375 2345 1555 2380 restitue-

137 2415 295 2451 bantur.
358 2413 446 2451 Nec
477 2419 520 2450 ut
551 2414 778 2451 Leontinos
810 2414 926 2458 irent,
959 2416 1146 2463 proditos
1179 2417 1233 2452 ad
1266 2416 1420 2452 caedem
1446 2413 1595 2454 com-8

137 2484 340 2521 militones
365 2489 594 2533 querentes,
621 2485 787 2533 perpelli
813 2491 995 2534 potuere,
1020 2498 1096 2523 nec
1121 2492 1163 2523 ut
1186 2487 1335 2522 eodem
1360 2486 1453 2522 loco
1472 2497 1556 2521 cer-

139 2554 282 2591 tiorem
298 2555 482 2591 nuntium
496 2560 792 2603 exspectarent.
841 2556 975 2601 Quum
988 2557 1043 2592 ad
1054 2556 1329 2592 defectionem
1342 2555 1556 2592 inclinatos
1571 2555 1597 2594 9

139 2623 298 2662 animos
322 2630 535 2662 cernerent
557 2630 763 2673 praetores,
797 2627 871 2662 sed
896 2639 987 2662 eum
1012 2631 1166 2662 motum
1192 2627 1301 2662 haud
1327 2626 1557 2662 diuturnum
