1789 2955
524 73 638 109 Liber
664 73 786 109 XXX.
837 76 895 118 (A.
923 74 986 108 Oh.
1013 75 1105 112 202.)
1445 77 1526 115 257

96 202 145 251 si,
178 202 411 252 priusquam
437 202 477 238 in
495 201 678 239 Africam
705 202 962 249 traiecissem,
992 206 1031 239 te
1061 207 1131 240 tua
1156 203 1359 240 voluntate
1390 201 1528 238 ceden-

100 278 180 311 tem
206 273 329 311 Italia
354 276 404 319 et,
432 273 618 322 imposito
646 273 687 309 in
714 286 833 311 naves
860 274 1048 319 exercitu,
1075 273 1203 323 ipsum
1228 274 1454 311 venientem
1479 272 1529 309 ad

97 358 236 395 pacem
275 344 487 394 petendam
529 357 782 394 aspernarer,
820 345 878 382 sic
918 359 1040 392 nunc,
1081 358 1201 394 quum
1241 358 1364 394 prope
1411 345 1572 382 manuS

99 420 283 454 conserta
306 417 555 453 restitantem
584 429 629 453 ac
652 417 981 464 tergiversantem
1009 416 1049 453 in
1075 416 1256 453 Africam
1282 416 1529 460 attraxerim,

97 488 210 525 nulla
250 501 336 525 sum
376 487 454 525 tibi
494 487 734 525 verecundia
776 488 1001 525 obstrictus.
1063 487 1240 524 Proinde
1279 487 1313 524 si
1352 487 1447 536 quid
1480 487 1572 524 ad9

96 573 152 606 ea,
169 560 210 596 in
237 572 324 608 quae
352 562 435 596 tum
461 572 538 608 pax
564 562 807 597 conventura
832 559 1055 606 videbatur,
1080 559 1193 608 quasi
1221 560 1346 597 multa
1372 560 1530 597 navium

99 644 190 668 cum
240 634 462 668 commeatu
507 644 578 680 per
632 631 808 669 indutias
861 634 1175 681 expugnatarum
1229 631 1530 681 legatorumque

97 703 343 741 violatorum
372 702 575 748 adiicitur,
610 706 680 749 est,
711 702 818 751 quod
842 703 1009 740 referam
1035 703 1085 739 ad
1111 702 1342 749 consilium;
1374 704 1434 740 sin
1461 703 1532 741 illa

98 787 259 824 quoque
290 774 430 822 gravia
461 774 660 821 videntur,
692 773 838 811 bellum
882 778 1031 823 parate,
1062 774 1249 823 quoniam
1281 788 1416 824 pacem
1448 776 1532 825 pati

103 859 182 884 non
213 846 441 896 potuistis.“

218 917 283 955 Ita
314 918 461 955 infecta
493 931 589 967 pace
621 931 669 954 ex
702 917 902 967 colloquio
933 917 983 954 ad
1016 930 1107 955 suos
1139 931 1261 966 quum
1294 931 1333 955 se
1366 919 1537 968 recepis·
1557 918 1609 957 10

99 994 202 1037 sent,
228 990 378 1026 frustra
394 990 516 1026 verba
533 990 681 1026 iactata
705 989 958 1034 renuntiant,
984 990 1103 1026 armis
1132 989 1422 1027 decernendum
1451 1004 1534 1028 esse

102 1061 407 1110 habendamque
441 1074 525 1098 eam
558 1061 770 1110 fortunam,
805 1074 923 1110 quam
955 1062 1020 1098 dei
1045 1060 1260 1100 dedissent.
1324 1061 1373 1098 In
1406 1066 1536 1099 castra
1627 1057 1683 1106 32

99 1137 145 1170 ut
178 1136 239 1170 est
268 1136 442 1180 ventum,
475 1134 738 1182 pronuntiant
781 1133 916 1180 ambo,
961 1146 1069 1169 arma
1111 1132 1346 1182 expedirent
1386 1133 1534 1171 milites

100 1205 336 1255 animosque
369 1205 418 1241 ad
450 1218 676 1254 supremum
709 1209 925 1251 certamen,
956 1218 1036 1242 non
1068 1205 1109 1241 in
1141 1218 1262 1241 unum
1295 1205 1424 1252 diem,
1466 1207 1534 1243 sed

102 1277 141 1314 in
173 1279 430 1326 perpetuum,
462 1277 496 1313 si
528 1276 699 1314 felicitas
740 1276 914 1322 adesset,
945 1277 1128 1314 victores.
1188 1277 1318 1314 Roma
1359 1290 1407 1314 an
1440 1277 1535 1315 Car·
1556 1279 1579 1315 2

100 1348 222 1396 thago
254 1348 343 1385 iura
373 1347 560 1396 gentibus
594 1348 731 1395 daret,
772 1352 863 1385 ante
902 1348 1117 1385 crastinam
1159 1351 1314 1385 noctem
1347 1349 1536 1394 scituros;

101 1433 234 1469 neque
265 1420 368 1457 enim
401 1418 583 1457 Africam
616 1423 685 1456 aut
716 1420 897 1466 Italiam,
943 1420 1014 1456 sed
1055 1420 1191 1456 orbem
1228 1422 1426 1457 terrarum
1458 1421 1536 1457 vic-

100 1491 217 1529 toriae
250 1491 457 1541 praemium
489 1492 592 1538 fore;
623 1505 695 1540 par
727 1492 948 1541 periculum
980 1492 1162 1541 praemio,
1193 1491 1337 1540 quibus
1369 1492 1537 1529 adversa

108 1575 254 1613 pugnae
285 1563 447 1600 fortuna
478 1562 628 1600 fuisset.
673 1562 773 1600 Nam
806 1576 934 1612 neque
964 1563 1158 1600 Romanis
1190 1563 1381 1611 effugium
1414 1564 1537 1600 ullum
1557 1566 1582 1603 3

110 1634 276 1684 patebat
316 1634 355 1671 in
400 1634 533 1671 aliena
573 1634 791 1684 ignotaque
824 1638 951 1681 terra,
989 1637 1026 1671 et
1057 1633 1314 1683 Carthagini,
1355 1648 1537 1685 supremo

105 1706 258 1743 auxilio
291 1705 426 1754 effuso,
457 1706 595 1744 adesse
626 1705 840 1743 videbatur
871 1718 1046 1756 praesens
1078 1706 1292 1744 excidium.

221 1777 290 1816 Ad
320 1778 394 1814 hoc
427 1777 644 1815 discrimen
673 1777 896 1828 procedunt
935 1781 1094 1827 postero
1133 1778 1198 1815 die
1229 1777 1397 1815 duorum
1439 1781 1577 1829 opu-4

107 1848 419 1886 lentissimorum
460 1850 699 1899 populorum
748 1849 825 1887 duo
864 1850 981 1898 longe
1027 1849 1238 1887 clarissimi
1275 1850 1416 1897 duces,
1462 1851 1539 1888 duo

112 1920 325 1958 fortissimi
357 1921 564 1967 exercitus,
594 1922 721 1959 multa
761 1925 851 1959 ante
882 1925 999 1972 parta
1030 1922 1172 1960 decora
1203 1926 1270 1959 aut
1302 1923 1543 1960 cumulaturi

108 2006 154 2030 eo
188 1992 252 2029 die
285 1995 354 2029 aut
385 1993 575 2031 eversuri.
620 1992 784 2042 Anceps
818 1993 944 2042 igitur
974 2007 1063 2043 spes
1095 1997 1134 2032 et
1163 1997 1291 2032 metus
1322 1995 1544 2032 miscebant
1566 1994 1588 2033 5

109 2063 288 2110 animos;
320 2064 763 2114 contemplantibusque
790 2065 907 2103 modo
933 2078 1055 2112 suam,
1073 2065 1188 2104 modo
1215 2065 1389 2104 hostium
1407 2067 1542 2112 aciem,

114 2147 236 2184 quum
272 2146 355 2172 non
381 2135 509 2173 oculis
540 2137 666 2185 magis
698 2151 817 2186 quam
848 2138 1002 2175 ratione
1033 2141 1247 2187 pensarent
1277 2138 1394 2184 vires,
1427 2138 1544 2175 simul

112 2206 218 2254 laeta,
250 2207 369 2244 simul
399 2207 532 2245 tristia
563 2208 890 2246 obversabantur.
935 2209 1034 2256 Quae
1065 2210 1162 2260 ipsis
1193 2223 1263 2248 sua
1294 2213 1434 2259 sponte
1466 2223 1545 2247 non

114 2278 424 2325 succurrebant,
445 2293 502 2337 ‘ea
544 2280 664 2318 duces
695 2280 943 2319 admonendo
975 2286 1094 2331 atque
1124 2282 1322 2319 hortando
1361 2282 1544 2319 subiicie-

117 2350 229 2387 bant.
289 2349 439 2387 Poenus
476 2351 648 2388 sedecim
687 2366 880 2390 annorum
925 2354 966 2390 in
1005 2356 1112 2390 terra
1143 2353 1265 2390 Italia
1311 2367 1372 2391 res
1404 2355 1592 2403 gestas,6

113 2423 176 2457 tot
209 2420 328 2460 duces
358 2421 578 2469 Romanos,
615 2426 677 2460 tot
722 2424 920 2462 exercitus
959 2425 1164 2462 occidione
1195 2425 1347 2463 occisos
1393 2429 1431 2462 et
1476 2439 1547 2463 sua

112 2492 256 2541 cuique
299 2493 464 2540 decora,
508 2494 577 2531 ubi
616 2495 666 2532 ad
710 2496 906 2544 insignem
953 2496 1122 2534 alicuius
1168 2509 1311 2546 pugnae
1359 2497 1547 2535 memoria

113 2563 284 2601 militem
314 2568 499 2612 venerat,
545 2566 766 2613 referebat,
808 2566 948 2616 Scipio
981 2568 1199 2617 Hispanias
1232 2572 1270 2605 et
1301 2569 1477 2606 recentia
1509 2570 1548 2606 in
1568 2570 1593 2605 7

114 2633 260 2672 Africa
275 2636 420 2685 proelia
437 2640 476 2674 et
501 2638 789 2676 confessionem
816 2639 1000 2686 hostium,
1031 2639 1138 2688 quod
1156 2653 1283 2689 neque
1310 2652 1387 2676 non
1412 2643 1547 2690 petere

183 2705 288 2731 Livius
309 2713 346 2731 ex
366 2714 421 2732 ree.
443 2707 596 2739 Madvigii.
640 2708 692 2733 IV.
1234 2709 1274 2742 17
