1789 2955
273 99 352 137 178
646 93 762 129 Liber
786 92 976 128 XXVIII.
1014 94 1075 137 (A.
1100 105 1135 128 u.
1161 104 1190 128 ο.
1216 94 1310 138 549.)

270 223 458 274 publicus
483 221 625 272 populi
659 221 832 259 Romani
863 223 985 267 esset3
1024 220 1148 258 indici
1189 221 1398 271 praemium
1429 224 1704 270 constitutum,

230 296 252 332 6
272 299 430 346 quantae
446 293 626 344 pecuniae
659 306 753 341 ager
785 292 980 330 indicatus
1013 296 1134 339 esset,
1178 306 1270 343 pars
1303 293 1466 332 decima.
1541 295 1596 332 Et
1627 294 1698 334 Cn.

271 366 448 405 Servilio
479 365 642 416 praetori
673 365 826 402 urbano
857 365 1063 414 negotium
1096 365 1243 413 datum,
1281 368 1326 402 ut
1358 365 1552 416 Campani
1585 367 1705 413 cives,

271 440 340 477 ubi
372 439 516 488 cuique
549 451 596 475 ex
627 440 786 475 senatus
818 437 997 474 consulto
1029 437 1171 474 liceret
1200 436 1403 484 habitare,
1449 438 1506 475 ibi
1547 438 1703 476 habita-

270 515 371 559 rent,
404 510 817 559 animadverteretque
850 510 890 546 in
923 522 1000 555 eos,
1034 509 1103 559 qui
1133 509 1231 546 alibi
1261 508 1501 547 habitarent.

231 584 252 618 7
384 583 534 621 Eadem
566 584 703 619 aestate
734 581 853 631 Mago
884 580 1128 618 Hamilcaris
1159 580 1266 618 filius
1304 595 1353 618 ex
1385 582 1538 619 minore
1568 581 1703 620 Baliass

272 657 376 694 rium
395 655 539 701 insula,
556 653 626 691 ubi
642 653 888 699 hibernarat,
906 653 1111 690 iuventute
1137 653 1241 690 lecta
1265 654 1306 690 in
1325 654 1489 691 classem
1506 653 1707 703 imposita,

273 730 313 766 in
331 728 493 765 Italiam
516 726 688 775 triginta
719 726 841 762 ferme
872 725 1055 762 rostratis
1087 725 1256 762 navibus
1285 729 1324 762 et
1354 726 1489 763 multis
1514 726 1707 763 onerariis

230 799 254 835 8
274 800 482 838 duodecim
513 798 639 836 millia
669 796 859 847 peditum,
899 797 975 834 duo
1006 797 1129 834 ferme
1160 798 1339 847 equitum
1368 798 1540 844 traiecit,
1571 796 1704 835 Genu-

275 886 430 922 amque,
460 871 583 908 nullis
605 869 806 920 praesidiis
829 869 1069 906 maritimam
1097 882 1206 906 oram
1231 869 1467 917 tutantibus,
1497 870 1707 919 repentino

275 943 450 982 adventu
481 943 598 992 cepit.
658 941 760 979 Inde
792 941 842 978 ad
873 955 982 979 oram
1013 941 1209 990 Ligurum
1241 942 1504 991 Alpinorum,
1543 942 1577 979 si
1609 955 1708 992 quos

232 1018 254 1051 9
276 1016 333 1053 ibi
363 1019 492 1053 motus
524 1015 654 1052 facere
685 1017 830 1064 posset,
864 1014 1029 1052 classem
1061 1013 1232 1063 appulit.
1291 1014 1466 1063 Ingauni
1497 1013 1708 1064 (Ligurum

277 1102 322 1126 ea
354 1101 449 1137 gens
482 1088 556 1136 est)
589 1086 739 1124 bellum
785 1100 829 1123 ea
866 1089 1102 1136 tempestate
1134 1085 1327 1135 gerebant
1358 1100 1447 1123 cum
1477 1086 1711 1137 Epanteriis

208 1162 259 1197 10
276 1160 493 1197 Montanis.
560 1158 693 1209 Igitur
738 1158 906 1206 Poenus,
953 1157 1130 1205 Savone,
1176 1158 1324 1208 oppido
1355 1158 1528 1209 Alpino,
1572 1159 1711 1209 praeda

281 1232 461 1282 deposita
492 1234 531 1269 et
561 1230 694 1268 decem
736 1231 865 1279 longis
904 1230 1073 1268 navibus
1118 1230 1158 1267 in
1197 1230 1366 1268 statione
1398 1231 1447 1267 ad
1477 1231 1711 1281 praesidium

279 1304 444 1354 relictis,
478 1303 618 1341 ceteris
651 1302 933 1351 Carthaginem
964 1302 1096 1340 missis
1143 1302 1193 1340 ad
1237 1302 1425 1340 tuendam
1471 1303 1710 1341 maritimam

210 1377 255 1413 11
282 1390 401 1423 oram,
433 1376 527 1426 quia
557 1376 661 1413 fama
694 1377 779 1412 erat
811 1374 1040 1425 Scipionem
1071 1374 1350 1421 traiecturum,
1382 1375 1484 1424 ipse,
1518 1375 1712 1414 societate

282 1462 370 1486 cum
391 1448 596 1497 Ingaunis,
628 1460 793 1496 quorum
821 1448 991 1496 gratiam
1015 1447 1200 1496 malebat,
1235 1447 1463 1496 composita,
1493 1447 1710 1485 Montanos

284 1521 463 1558 instituit
489 1532 730 1570 oppugnare.
776 1519 830 1556 Et
859 1519 1061 1556 crescebat
1079 1519 1276 1556 exercitus
1303 1519 1345 1556 in
1363 1519 1461 1566 dies,
1491 1520 1543 1556 ad
1568 1520 1712 1557 famam

212 1594 261 1630 12
280 1593 450 1631 nominis
483 1592 567 1629 eius
600 1590 730 1629 Gallis
775 1591 955 1641 undique
987 1591 1289 1628 confluentibus.
1349 1590 1410 1628 Ea
1452 1603 1519 1629 res
1564 1591 1715 1629 litteris

286 1665 447 1714 cognita
473 1662 540 1714 Sp.
566 1663 759 1711 Lucretii,
790 1676 839 1700 ne
864 1664 1011 1701 frustra
1033 1663 1289 1701 Hasdrubale
1321 1677 1408 1700 cum
1440 1663 1616 1700 exercitu
1648 1663 1714 1700 de—

286 1739 366 1776 leto
398 1737 563 1774 biennio
596 1739 686 1773 ante
711 1737 842 1774 forent
858 1736 996 1783 laetati,
1026 1736 1059 1773 si
1082 1749 1154 1786 par
1177 1736 1286 1773 aliud
1311 1736 1403 1773 inde
1419 1736 1583 1783 bellum,
1614 1735 1715 1773 duce

288 1814 445 1848 tantum
475 1812 648 1856 mutato,
683 1811 874 1855 oreretur,
907 1821 1041 1845 curam
1073 1809 1273 1857 ingentem
1306 1808 1491 1846 accendit
1521 1808 1717 1858 patribus.

217 1881 267 1917 13
285 1884 429 1933 Itaque
462 1885 500 1920 et
529 1881 584 1918 M.
617 1881 778 1919 Livium
808 1881 1087 1930 proconsulem
1119 1894 1167 1917 ex
1197 1880 1362 1918 Etruria
1392 1881 1581 1919 volonum
1607 1893 1716 1918 exer-

284 1955 408 1992 citum
441 1954 650 1991 admovere
681 1952 908 1990 Ariminum
955 1953 1173 2000 iusserunt,
1220 1956 1259 1990 et
1298 1952 1367 1990 Cn.
1400 1951 1572 1991 Servilio
1617 1965 1719 2002 prae-

286 2027 366 2065 tori
410 2025 615 2075 negotium
661 2025 819 2072 datum,
862 2028 926 2072 ut,
973 2025 1006 2062 si
1052 2039 1071 2062 e
1101 2038 1144 2062 re
1189 2024 1354 2075 publica
1399 2027 1577 2062 censeret
1621 2038 1718 2071 esse,

287 2099 385 2136 duas
415 2099 587 2135 urbanas
618 2097 807 2146 legiones,
838 2097 1016 2147 imperio,
1062 2097 1125 2134 cui
1154 2097 1370 2144 videretur,
1401 2096 1508 2144 dato,
1538 2109 1586 2133 ex
1616 2095 1717 2133 urbe

287 2171 379 2209 duci
426 2170 593 2207 iuberet.
667 2169 722 2206 M.
755 2169 946 2208 Valerius
977 2169 1163 2207 Laevinus
1209 2168 1417 2206 Arretium
1474 2181 1539 2205 eas
1593 2168 1717 2217 legio—

287 2257 355 2281 nes
388 2243 514 2280 duxit.

215 2316 267 2353 14
399 2313 562 2351 Eisdem
594 2313 735 2351 diebus
774 2327 894 2351 naves
940 2313 1133 2351 onerariae
1165 2312 1380 2350 Poenorum
1421 2313 1472 2350 ad
1513 2312 1718 2361 octoginta

287 2387 393 2425 circa
438 2385 666 2423 Sardiniam
710 2386 759 2423 ab
806 2385 877 2424 Cn.
926 2384 1112 2432 Octavio,
1158 2386 1226 2435 qui
1278 2384 1491 2435 provinciae
1536 2386 1720 2434 praeerat,

288 2462 434 2509 captae3
469 2472 532 2495 eas
564 2456 710 2495 Caelius
740 2457 937 2495 frumento
969 2458 1088 2494 misso
1120 2457 1170 2494 ad
1187 2457 1456 2494 Hannibalem
1479 2458 1716 2494 commeatu-

289 2545 365 2580 que
382 2533 555 2577 onustas,
586 2529 774 2568 Valerius
798 2529 973 2579 praedam
995 2529 1207 2567 Etruscam
1232 2529 1510 2578 Ligurumque
1542 2531 1585 2565 et
1603 2528 1717 2565 Mon-

217 2603 268 2639 15
285 2606 470 2640 tanorum
489 2601 668 2652 captivos
686 2601 971 2650 Carthaginem
988 2603 1194 2651 portantes
1212 2604 1348 2650 captas
1365 2599 1500 2637 tradit.
1532 2599 1582 2636 In
1598 2599 1719 2636 Brut-
