1789 2955
496 69 613 104 Liber
636 68 826 104 XXVIII.
866 69 929 112 (A.
957 69 1023 105 Oh.
1048 68 1142 112 205.)
1466 69 1540 105 171

113 196 340 244 defendent,
365 210 486 247 quum
504 201 641 234 euntes
667 198 708 234 in
732 197 921 247 proelium
938 194 1085 246 pavida
1109 196 1376 244 prosequetur
1400 192 1545 229 coniux

113 273 152 306 et
182 269 299 319 parvi
316 269 439 306 liberi
463 269 740 307 occursabunt..
797 268 908 316 Quid
934 281 1066 318 porro,
1099 267 1133 303 si
1166 266 1262 303 satis
1290 264 1428 302 confisi
1456 263 1621 301 Car-12

111 340 386 390 thaginienses
418 354 611 379 consensu
628 341 791 388 Africae,
822 340 900 377 fide
932 340 1129 377 sociorum
1168 351 1319 387 regum,
1352 336 1548 373 moenibus

113 412 207 459 suis,
237 425 358 462 quum
405 415 474 450 tuo
513 414 793 463 exercitusque
837 413 899 450 tui
944 411 1134 461 praesidio
1167 409 1355 445 nudatam
1386 408 1547 445 Italiam

111 484 300 531 viderint,
331 485 439 522 ultro
470 485 548 535 ipsi
579 498 723 522 novum
756 484 973 522 exereitum
997 484 1037 520 in
1054 482 1217 520 Italiam
1243 483 1313 517 aut
1344 494 1391 517 ex
1407 479 1549 516 Africa

115 556 311 603 miserint,
343 559 413 594 aut
442 556 668 605 Magonem,
700 570 817 607 quem
849 570 872 593 a
894 554 1129 592 Baliaribus
1161 553 1287 590 classe
1317 551 1551 589 transmissa
1572 549 1621 586 13

113 629 192 666 iam
223 631 372 678 praeter
403 642 511 666 oram
529 629 726 677 Ligurum
743 628 987 678 Alpinorum
1018 625 1170 664 vectari
1196 627 1362 672 constat,
1396 623 1550 660 Hanni-

113 700 197 738 bali
227 714 268 738 se
299 701 543 750 coniungere
560 699 782 738 iusserint?
827 698 980 748 Nempe
1007 699 1047 734 in
1066 697 1204 736 eodem
1221 700 1376 733 terrore
1393 695 1552 739 erimus,
1575 693 1624 729 14

116 773 156 810 in
183 786 261 822 quo
287 786 417 822 nuper
443 773 601 820 fuimus,
634 786 755 822 quum
780 770 1014 809 Hasdrubal
1047 770 1087 806 in
1103 769 1266 806 Italiam
1290 767 1552 812 transcendit,

116 858 234 894 quem
263 847 330 892 tu,
376 845 445 895 qui
475 858 554 882 non
587 845 714 882 solum
747 843 1048 891 Carthaginem,
1080 841 1148 878 sed
1181 854 1337 877 omnem
1369 839 1550 876 Africam

117 911 297 953 exercitu
326 919 395 954 tuo
429 930 468 954 es
502 918 720 963 clausurus,
747 929 766 953 e
793 915 974 953 manibus
1004 914 1086 951 tuis
1118 914 1157 950 in
1175 912 1338 949 Italiam
1371 911 1552 949 emisisti.

118 987 285 1025 Victum
316 1002 339 1026 a
368 991 408 1026 te
440 988 569 1035 dices3
601 1003 645 1027 eo
678 988 841 1038 quidem
872 987 1002 1024 minus
1033 985 1188 1030 vellem,
1222 987 1261 1021 et
1292 984 1335 1020 id
1364 986 1444 1030 tua,
1476 996 1554 1019 non
1575 980 1625 1017 15

116 1059 177 1096 rei
208 1059 383 1109 publicae
415 1061 542 1098 solum
574 1074 716 1108 causa,
760 1060 837 1097 iter
869 1059 1006 1097 datum
1044 1057 1150 1094 victo
1190 1057 1230 1093 in
1261 1055 1425 1092 ltaliam
1458 1067 1553 1090 esse.

117 1130 276 1179 Patere,
324 1146 395 1170 nos
426 1133 575 1179 omnia,
615 1147 701 1183 quae
748 1145 940 1182 prospera
985 1130 1060 1167 tibi
1107 1142 1150 1166 ac
1198 1127 1339 1178 populi
1383 1126 1556 1163 Romani

118 1202 286 1252 imperio
333 1217 513 1256 evenere,
560 1209 628 1242 tuo
687 1204 852 1243 consilio
908 1203 1135 1251 assignare,
1185 1201 1353 1237 adversa
1401 1198 1556 1235 casibus

118 1274 284 1312 incertis
316 1276 414 1314 belli
446 1280 484 1314 et
514 1277 684 1314 fortunae
717 1276 917 1324 delegare3
968 1287 1046 1324 quo
1077 1273 1218 1310 melior
1249 1271 1471 1319 fortiorque
1505 1282 1557 1316 es,
1578 1269 1626 1306 16

119 1359 165 1384 eo
196 1348 322 1396 magis
353 1349 475 1386 talem
507 1349 720 1398 praesidem
762 1348 843 1385 sibi
880 1347 1013 1397 patria
1061 1349 1180 1394 atque
1220 1344 1406 1381 universa
1436 1341 1559 1378 Italia

119 1418 278 1457 retinet.
338 1419 430 1459 Non
460 1424 573 1471 potes
604 1435 652 1458 ne
684 1421 770 1470 ipse
803 1419 963 1469 quidem
995 1417 1256 1462 dissimulare,
1299 1414 1370 1451 ubi
1400 1413 1557 1450 Hanni-

120 1490 189 1529 bal
221 1491 284 1539 sit,
314 1492 373 1530 ibi
407 1496 526 1543 caput
557 1496 677 1543 atque
710 1505 841 1530 arcem
872 1491 990 1528 huius
1031 1489 1129 1526 belli
1161 1502 1264 1534 esse,
1311 1487 1460 1536 quippe
1492 1485 1560 1534 qui

121 1576 204 1612 prae
235 1567 274 1601 te
305 1565 422 1612 feras,
453 1578 540 1602 eam
571 1565 650 1602 tibi
684 1577 841 1602 eausam
857 1561 1091 1599 traiieiendi
1123 1561 1164 1598 in
1182 1560 1364 1598 Africam
1389 1572 1484 1604 esse,
1516 1560 1561 1593 ut

121 1634 396 1673 Hannibalem
428 1650 474 1674 eo
501 1637 653 1698 trahas.
700 1635 795 1673 Sive
826 1635 891 1672 hio
917 1635 1041 1683 igitur
1066 1634 1149 1671 sive
1174 1632 1269 1678 illic,
1299 1644 1387 1667 eum
1405 1629 1559 1667 Hanni·
1582 1630 1630 1666 17

123 1706 214 1744 bale
246 1711 306 1745 est
334 1708 412 1746 tibi
443 1709 580 1747 futura
609 1723 683 1747 res.
746 1708 892 1745 Utrum
937 1705 1099 1743 tandem
1145 1716 1239 1752 ergo
1284 1702 1438 1739 firmior
1484 1701 1560 1738 eris

123 1779 165 1816 in
182 1778 325 1818 Africa
355 1782 463 1819 solus
494 1795 544 1818 an
575 1781 652 1830 hio,
685 1785 752 1818 tuo
772 1780 1017 1828 oollegaeque
1042 1777 1102 1814 tui
1127 1776 1304 1813 exercitu
1322 1771 1562 1811 coniuncto?

124 1850 186 1888 Ne
219 1851 415 1890 Claudius
448 1853 609 1903 quidem
641 1857 679 1890 et
709 1852 851 1890 Livius
876 1850 1056 1888 consules
1081 1852 1161 1884 tam
1186 1847 1337 1885 recenti
1368 1844 1560 1893 exemplo,

126 1926 319 1972 quantum
352 1924 392 1961 id
423 1925 594 1972 intersit,
636 1924 873 1962 documento
913 1921 1031 1960 sunt?
1092 1919 1229 1967 Quid?
1289 1917 1562 1955 Hannibalem
1585 1917 1633 1953 18

125 1997 260 2032 utrum
290 1996 453 2034 tandem
486 2000 686 2034 extremus
718 1996 890 2044 angulus
915 1994 1003 2042 agri
1019 1992 1187 2039 Bruttii,
1218 1992 1366 2028 frustra
1397 1989 1475 2027 iam
1494 1987 1563 2024 diu

127 2070 355 2116 poscentem
401 2069 450 2106 ab
491 2069 606 2106 domo
640 2068 805 2114 auxilia,
837 2080 885 2104 an
918 2066 1144 2115 propinqua
1176 2063 1378 2110 Carthago
1411 2065 1449 2098 et
1478 2064 1563 2097 tota

127 2139 235 2176 socia
266 2139 408 2178 Africa
438 2140 707 2191 potentiorem
739 2140 857 2176 armis
896 2138 1074 2186 virisque
1105 2134 1250 2173 faciet?
1311 2133 1429 2181 Quod
1461 2132 1568 2169 istud
1590 2132 1638 2168 19

128 2211 345 2249 consilium
377 2216 445 2259 est,
476 2213 535 2250 ibi
568 2213 686 2250 malle
720 2213 944 2256 decernere,
976 2209 1045 2246 ubi
1075 2212 1153 2245 tuae
1187 2207 1358 2244 dimidio
1391 2206 1563 2242 minores

129 2283 254 2333 copiae
285 2284 379 2329 sint,
410 2284 586 2321 hostium
617 2285 742 2321 multo
783 2284 972 2329 maiores,
1015 2294 1133 2330 quam
1165 2280 1234 2316 ubi
1267 2278 1422 2315 duobus
1454 2290 1563 2313 exer-

130 2355 276 2394 citibus
308 2357 498 2395 adversus
531 2370 650 2394 unum
681 2359 742 2394 tot
772 2355 926 2405 proeliis
969 2357 1008 2390 et
1044 2357 1125 2389 tam
1158 2352 1347 2388 diuturna
1379 2353 1417 2386 et
1448 2347 1562 2397 gravi

130 2428 280 2466 militia
330 2429 476 2467 fessum
521 2429 781 2479 pugnandum
827 2426 907 2464 sit?
976 2426 1105 2473 Quam
1153 2436 1313 2473 compar
1359 2420 1569 2458 eonsilium
1589 2419 1640 2456 20

130 2503 242 2538 tuum
274 2502 452 2551 parentis
482 2501 543 2538 tui
573 2501 743 2538 consilio
777 2500 839 2545 sit,
872 2502 1024 2548 reputa.
1083 2496 1161 2533 Ille
1194 2495 1330 2532 consul
1363 2494 1565 2543 profectus

132 2573 174 2609 in
190 2572 442 2622 Hispaniam,
466 2576 511 2610 ut
529 2572 751 2610 Hannibali
777 2572 826 2608 ab
845 2570 1022 2619 Alpibus
1040 2566 1299 2605 descendenti
1328 2570 1566 2609 occurreret,

131 2646 173 2682 in
204 2645 367 2682 Italiam
401 2659 447 2682 ex
478 2645 684 2694 provincia
716 2643 858 2689 rediit3
889 2647 944 2688 tu,
977 2654 1097 2690 quum
1131 2638 1337 2676 Hannibal
1371 2638 1413 2674 in
1444 2637 1564 2674 Italia
