1789 2955
255 60 308 96 40
653 56 769 91 Liber
793 56 938 93 XXVI.
988 57 1050 101 (A.
1076 69 1110 92 u.
1136 69 1165 92 c.
1191 59 1284 102 544.)

254 187 365 220 trans
397 182 575 220 Tiberim
607 183 727 220 emoti
759 187 902 230 essent,
946 197 995 221 ne
1030 185 1107 234 ipsi
1138 185 1337 234 posterive
1368 199 1504 223 eorum
1534 187 1691 236 uspiam

256 258 448 304 pararent
470 255 724 300 haberentve,
751 255 829 292 nisi
857 255 898 291 in
924 254 1106 302 Veiente,
1135 255 1298 294 Sutrino
1316 256 1564 306 Nepesinove
1581 270 1689 306 agro,

257 325 351 362 dum
390 339 439 362 ne
479 326 543 362 cui
581 327 707 364 maior
745 340 863 376 quam
895 327 1189 376 quinquaginta
1219 329 1401 376 iugerum
1432 329 1520 376 agri
1551 328 1690 366 modus

189 397 237 433 11
260 401 371 434 esset.
420 396 655 434 Senatorum
682 398 870 446 omnium,
895 401 1043 448 quique
1068 400 1323 447 magistratus
1344 398 1502 448 Capuae,
1529 399 1689 445 Atellae,

263 467 429 505 Calatiae
447 469 675 516 gessissent,
691 470 796 507 bona
812 471 947 508 venire
965 470 1111 520 Capuae
1130 472 1346 518 iusserunt3
1370 472 1497 508 libera
1515 484 1692 520 corpora,

261 552 348 588 quae
394 540 616 577 venundari
662 541 880 589 placuerat,
926 542 1094 579 Romam
1136 543 1240 579 mitti
1287 556 1331 580 ac
1368 543 1506 580 Romae
1546 543 1694 580 venire.

192 610 243 646 12
261 608 397 658 Signa,
443 615 595 649 statuas
641 626 796 659 aeneas,
844 627 931 662 quae
978 618 1093 663 capta
1139 615 1187 651 de
1232 615 1413 651 hostibus
1455 615 1694 660 dicerentur,

264 695 353 731 quae
385 696 520 719 eorum
551 697 664 721 sacra
695 698 740 721 ac
771 685 938 734 profana
970 689 1111 732 essent,
1143 686 1192 723 ad
1215 686 1447 735 pontificum
1481 686 1696 733 collegium

192 753 242 790 13
260 754 497 791 reiecerunt.
559 754 619 792 Ob
651 755 733 792 haec
766 756 927 794 decreta
958 758 1174 795 maest-iores
1206 758 1422 807 aliquanto,
1466 770 1583 806 quam
1613 757 1695 794 Ro-

264 839 367 862 mam
397 829 598 870 venerant,
635 826 858 877 Campanos
891 829 1149 875 dimiserunt3
1181 843 1251 866 nec
1284 830 1360 866 iam
1393 829 1439 876 Q.
1458 829 1595 865 Fulvii
1627 840 1695 865 sae·

262 897 401 934 vitiam
434 898 475 934 in
507 912 603 945 sese,
635 900 702 936 sed
736 901 989 949 iniquitatem
1022 901 1137 938 deum
1162 906 1282 950 atque
1309 900 1594 938 exsecrabilem
1619 900 1699 936 for-

263 970 401 1005 tunam
434 983 541 1006 suam
575 971 821 1008 incusabant.

116 1035 171 1084 35
379 1040 570 1078 Dimissis
594 1041 741 1079 Siculis
768 1042 1072 1093 Campanisque,
1105 1044 1274 1081 dilectus
1307 1043 1478 1080 habitus.
1541 1041 1699 1092 Scripto

221 1110 411 1148 2deinde
453 1113 630 1150 exercitu
672 1113 719 1150 de
759 1115 955 1163 remigum
998 1117 1275 1165 supplemento
1317 1116 1381 1163 agi
1423 1118 1613 1164 coeptum3
1658 1114 1700 1150 in

265 1196 382 1231 quam
408 1198 492 1221 rem
517 1198 634 1233 quum
664 1199 792 1235 neque
817 1187 1020 1223 hominum
1048 1188 1144 1224 satis
1171 1200 1254 1232 nec,
1286 1200 1332 1223 ex
1359 1200 1437 1235 qua
1463 1189 1700 1235 pararentur

267 1255 591 1306 stipendiumque
632 1258 868 1306 acciperent,
913 1259 1092 1306 pecuniae
1134 1259 1347 1307 quicquam
1390 1271 1435 1294 ea
1464 1260 1702 1306 tempestate

220 1326 244 1363 3
263 1325 308 1363 in
337 1327 501 1375 publico
534 1332 646 1374 esset,
679 1329 890 1366 edixerunt
921 1330 1114 1375 consules,
1156 1336 1199 1366 ut
1231 1330 1380 1379 privati
1412 1342 1459 1365 ex
1490 1342 1609 1365 censu
1639 1341 1700 1365 or-

268 1397 634 1448 dinibusque,sicut
651 1403 778 1446 antea,
789 1401 960 1448 remiges
978 1402 1120 1438 darent
1137 1416 1224 1439 cum
1242 1400 1440 1450 stipendio
1457 1400 1702 1448 cibariisque

223 1471 249 1507 4
270 1468 424 1506 dierum
466 1471 645 1518 triginta.
708 1472 776 1508 Ad
816 1472 858 1508 id
898 1473 1073 1509 edictum
1104 1477 1238 1510 tantus
1270 1473 1452 1509 fremitus
1484 1472 1700 1517 hominum,

267 1545 379 1578 tanta
411 1541 638 1590 indignatio
672 1543 758 1589 fuit,
803 1548 849 1580 ut
889 1545 1016 1593 magis
1057 1544 1137 1581 dux
1167 1558 1286 1594 quam
1319 1544 1484 1580 materia
1515 1541 1704 1580 seditioni

272 1611 442 1649 deesset:
490 1613 718 1651 Secundum
759 1613 916 1653 Siculos
950 1616 1252 1666 Campanosque
1293 1616 1450 1665 plebem
1482 1615 1703 1652 Romanam

228 1684 512 1732 5perdendam
552 1686 884 1736 lacerandamque
924 1688 1001 1725 sibi
1033 1689 1215 1726 consules
1247 1687 1470 1736 sumpsisse.
1533 1686 1614 1723 Per
1643 1688 1703 1722 tot

272 1769 395 1792 annos
426 1757 578 1794 tributo
610 1759 821 1796 exhaustos
854 1759 954 1797 nihil
979 1760 1127 1809 reliqui
1149 1765 1295 1809 praeter
1317 1762 1465 1795 terram
1488 1758 1633 1794 nudam
1660 1769 1703 1793 ac

271 1830 425 1864 vastam
456 1828 616 1867 habere.
665 1829 788 1867 Tecta
819 1831 952 1869 hostes
984 1831 1221 1875 incendisse,
1254 1844 1387 1867 servos
1420 1830 1506 1879 agri
1531 1829 1703 1866 cultores

271 1911 353 1934 rem
385 1899 586 1948 publicam
613 1901 834 1948 abduxisse,
859 1916 963 1940 nunc
989 1904 1038 1940 ad
1063 1902 1251 1939 militiam
1274 1914 1397 1951 parvo
1423 1914 1499 1937 aere
1526 1900 1704 1944 emendo,

224 1972 247 2008 6
272 1982 377 2007 nunc
408 1972 578 2020 remiges
611 1973 865 2023 imperando;
913 1975 943 2011 si
983 1975 1080 2023 quid
1121 1974 1183 2010 cui
1215 1972 1371 2022 argenti
1404 1973 1543 2009 aerisve
1574 1972 1707 2018 fuerit,

275 2041 478 2090 stipendio
510 2045 705 2093 remigum
737 2049 777 2082 et
806 2045 971 2082 tributis
1003 2046 1143 2082 annuis
1175 2045 1364 2082 ablatum.
1426 2042 1488 2089 Se,
1528 2047 1572 2080 ut
1603 2042 1707 2089 dent,

276 2113 383 2162 quod
415 2127 493 2151 non
525 2116 709 2163 habeant,
740 2118 851 2154 nulla
882 2118 933 2163 vi,
965 2117 1074 2154 nullo
1108 2116 1272 2164 imperio
1306 2115 1394 2164 cogi
1419 2128 1544 2164 posse.
1591 2115 1706 2151 Bona

276 2197 347 2221 sua
378 2186 614 2233 venderent3
646 2188 686 2224 in
719 2202 898 2238 corpora,
932 2202 1019 2238 quae
1049 2189 1205 2237 reliqua
1236 2192 1377 2231 essent,
1408 2187 1613 2232 saevirent3
1658 2197 1708 2222 ne

231 2259 253 2294 7
275 2257 380 2294 unde
411 2259 658 2295 redimantur
690 2259 861 2308 quidem.
896 2261 1109 2309 quicquam
1141 2272 1357 2308 superesse.
1419 2258 1517 2294 Haec
1552 2271 1630 2294 non
1665 2256 1705 2293 in

277 2329 446 2376 occulto,
481 2330 548 2366 sed
582 2331 789 2380 propalam
825 2332 863 2367 in
897 2331 982 2368 soro
1007 2336 1128 2380 atque
1155 2330 1279 2367 oculis
1305 2330 1480 2378 ipsorum
1502 2328 1708 2365 consulum

277 2401 416 2450 ingens
454 2402 574 2439 turba
613 2402 841 2440 circumfusi
872 2402 1110 2447 fremebant;
1156 2414 1227 2437 nec
1259 2414 1324 2438 eos
1355 2399 1494 2437 sedare
1527 2399 1708 2436 consules

229 2474 378 2512 Snunc
410 2475 656 2522 castigando,
689 2487 791 2511 nunc
823 2473 1064 2510 consolando
1096 2476 1292 2521 poterant.
1353 2470 1536 2520 Spatium
1562 2469 1706 2506 deinde

280 2546 328 2582 iis
357 2546 483 2583 tridui
514 2560 554 2583 se
585 2546 680 2583 dare
711 2545 762 2582 ad
793 2543 1048 2594 cogitandum
1081 2543 1283 2588 dixerunt;
1326 2555 1404 2591 quo
1438 2541 1514 2591 ipsi
1545 2541 1594 2578 ad
1624 2553 1708 2577 rem

233 2618 255 2655 9
275 2617 563 2666 inspiciendam
596 2620 634 2655 et
666 2615 953 2666 expediendam
985 2615 1047 2652 usi
1077 2618 1181 2654 sunt.
1242 2612 1434 2650 Senatum
1459 2616 1618 2662 postero
1642 2611 1707 2648 die
