1789 2955
311 85 391 122 110
698 79 813 113 hiber
837 77 1005 113 XXVII.
1055 79 1118 122 (A.
1143 89 1179 113 u.
1204 88 1236 112 c.
1259 78 1354 122 547.)

308 207 570 258 Incompositi
601 207 743 254 hostes,
788 209 834 243 ut
871 219 1066 256 quemque
1105 208 1174 242 aut
1204 205 1333 255 pediti
1364 208 1432 242 aut
1462 205 1592 255 equiti
1632 218 1746 244 casus

269 281 292 318 3
312 281 472 324 obtulit,
502 280 560 317 ita
591 282 805 317 conserunt
835 291 986 316 manus
1033 276 1187 314 Crescit
1216 290 1353 326 pugna
1375 276 1569 315 subsidiis
1596 279 1636 314 et
1657 290 1748 327 pro-

309 352 556 391 currentium
580 351 631 388 ad
658 354 858 388 certamen
882 362 1046 387 numero
1075 352 1264 397 augetur;
1295 352 1609 399 pugnantesque,
1641 349 1750 399 quod

312 425 391 463 nisi
430 425 472 462 in
511 426 646 461 vetere
677 421 857 459 exercitu
888 424 929 459 et
959 421 1051 458 duci
1080 421 1210 458 veteri
1241 420 1348 458 haud
1377 421 1495 458 facile
1526 424 1599 467 est,
1644 421 1750 458 inter

268 496 294 532 4
311 497 528 534 tumultum
559 507 604 532 ac
628 496 819 531 terrorem
847 493 1104 531 instruxisset
1126 491 1348 538 Hannibal,
1377 493 1419 530 ni
1451 492 1673 530 cohortium
1705 505 1748 530 ac

312 568 609 618 manipulorum
637 566 932 603 decurrentium
959 578 1030 614 per
1057 564 1179 602 colles
1204 564 1353 601 clamor
1376 564 1426 601 ab
1447 568 1563 614 tergo
1587 564 1750 602 auditus

271 640 294 676 5
313 644 476 686 metum,
507 652 556 676 ne
588 637 952 675 intercluderentur
984 650 1006 674 a
1037 636 1191 682 castris,
1222 636 1435 674 iniecisset.
1495 636 1598 674 Inde
1628 649 1752 686 pavor

314 712 495 749 incussus
527 713 566 747 et
595 710 691 758 fuga
722 709 868 759 passim
900 708 988 746 fieri
1015 710 1146 758 coepta
1172 711 1250 754 θεῖς
1283 708 1491 758 minorque
1515 708 1641 746 caedes
1663 708 1751 754 fuit,

314 784 410 833 quia
440 781 723 833 propinquitas
755 784 974 819 castrorum
1004 780 1230 818 breviorem
1260 780 1394 828 fugam
1425 780 1619 829 perculsis
1644 780 1753 818 fecit.

272 855 295 891 6
314 855 486 905 Equites
510 854 615 892 enim
638 857 753 903 tergo
777 852 1046 898 inhaerebant3
1071 852 1112 889 in
1135 856 1362 889 transversa
1378 853 1508 890 latera
1524 853 1755 890 invaserant

313 927 496 964 cohortes
541 926 725 964 secundis
771 926 943 964 collibus
989 925 1054 962 via
1099 924 1207 961 nuda
1249 937 1294 961 ac
1332 923 1442 961 facili
1483 923 1754 962 decurrentes.

273 998 295 1034 7
314 999 467 1037 Tamen
497 1011 618 1048 supra
649 1001 738 1036 octo
770 998 898 1035 millia
927 996 1132 1034 hominum
1164 996 1303 1042 occisa,
1334 1009 1455 1045 supra
1479 996 1754 1045 septingentos

315 1071 443 1121 capti3
468 1071 583 1119 signa
605 1070 802 1108 militaria
818 1082 961 1107 novem
978 1068 1184 1117 adempta;
1209 1067 1412 1117 elephanti
1430 1068 1560 1115 etiam,
1584 1081 1754 1117 quorum

317 1144 453 1181 nullus
476 1156 571 1180 usus
595 1142 637 1179 in
661 1142 874 1192 repentina
898 1155 941 1178 ac
965 1140 1227 1178 tumultuaria
1248 1153 1384 1189 pugna
1405 1140 1547 1186 fuerat,
1564 1143 1756 1190 quattuor

271 1214 296 1250 8
315 1215 447 1262 occisi,
479 1214 557 1252 duo
589 1214 710 1264 capti.
757 1213 874 1251 Circa
905 1213 1147 1262 quingentos
1173 1212 1446 1249 Romanorum
1478 1212 1756 1262 sociorumque

313 1288 487 1325 victores
518 1286 759 1324 ceciderunt.
806 1285 974 1323 Postero
1000 1285 1063 1322 die
1087 1284 1236 1322 Poenus
1264 1284 1438 1334 quievitq
1465 1284 1682 1331 Romanus,
1713 1285 1756 1322 in

315 1360 439 1397 aciem
471 1359 597 1409 copiis
629 1358 794 1404 eductis,
828 1360 1039 1408 postquam
1069 1356 1266 1394 neminem
1305 1356 1419 1405 signa
1450 1359 1589 1394 contra
1620 1355 1756 1393 efferre

316 1432 431 1478 vidit,
462 1431 591 1481 spolia
621 1430 703 1478 legi
736 1443 926 1467 caesorum
958 1429 1133 1466 hostium
1166 1433 1203 1466 et
1235 1442 1395 1466 suorum
1420 1441 1590 1478 corpora
1615 1429 1758 1466 collata

275 1502 298 1538 9
318 1504 359 1541 in
390 1517 512 1540 unum
544 1502 707 1551 sepeliri
738 1502 866 1539 iussit.
927 1500 1030 1538 Inde
1058 1501 1364 1550 insequentibus
1391 1500 1592 1538 continuis
1617 1501 1758 1539 diebus

318 1575 472 1624 aliquot
512 1575 570 1612 ita
611 1574 762 1611 institit
799 1574 942 1624 portis,
987 1576 1033 1610 ut
1062 1586 1187 1623 prope
1219 1572 1367 1610 inferre
1398 1573 1511 1621 signa
1541 1572 1758 1619 videretur,

252 1646 302 1682 10
319 1647 443 1684 donec
459 1645 669 1684 Hannibal
691 1646 812 1683 tertia
835 1645 988 1695 vigilia,
1020 1645 1171 1682 crebris
1201 1645 1366 1694 ignibus
1396 1644 1758 1694 tabernaculisque,

319 1732 408 1768 quae
438 1732 532 1769 pars
565 1722 786 1755 castrorum
819 1718 870 1754 ad
900 1717 1033 1754 hostes
1073 1716 1276 1766 vergebat,
1321 1720 1359 1754 et
1389 1716 1578 1755 Numidis
1608 1716 1758 1766 paucis,

321 1791 391 1841 qui
409 1791 452 1828 in
466 1791 573 1828 vallo
590 1790 800 1839 port-isque
817 1802 857 1826 se
875 1789 1141 1836 ostenderent,
1162 1789 1327 1835 relictis,
1343 1789 1546 1838 profectus
1563 1789 1759 1839 Apuliam

251 1860 298 1897 11
320 1866 456 1912 petere
487 1862 675 1900 intendit.
737 1861 822 1901 Ubi
859 1862 1009 1908 illuxit,
1055 1861 1245 1899 successit
1281 1861 1388 1898 vallo
1419 1860 1602 1899 Romana
1642 1861 1760 1908 acies,

319 1938 358 1972 et
374 1934 560 1973 Numidae
584 1948 633 1972 ex
659 1934 880 1984 composito
904 1934 1111 1984 paulisper
1137 1933 1180 1971 in
1204 1933 1331 1982 portis
1355 1945 1396 1970 se
1418 1933 1606 1982 valloque
1631 1936 1759 1970 osten-

318 2009 469 2053 tavere,
514 2006 777 2056 frustratique
813 2005 1066 2056 aliquamdiu
1104 2006 1252 2052 hostes,
1297 2004 1433 2042 citatis
1472 2004 1588 2055 equis
1618 2017 1760 2054 agmen

253 2076 302 2113 12
321 2090 484 2115 suorum
524 2082 799 2128 assequuntur.
860 2077 1014 2116 Consul
1048 2077 1119 2115 ubi
1159 2077 1362 2115 silentium
1394 2077 1435 2114 in
1466 2076 1610 2115 castris
1642 2080 1681 2114 et
1710 2089 1761 2114 ne

318 2162 467 2198 paucos
506 2150 680 2199 quidem,
729 2150 799 2199 qui
838 2150 968 2200 prima
999 2150 1086 2187 luce
1117 2149 1483 2194 obambulaverant,
1530 2151 1646 2198 parte
1676 2147 1761 2186 ulla

321 2221 518 2267 cernebat,
566 2221 721 2259 duobus
762 2222 967 2271 equitibus
1005 2222 1254 2272 speculatum
1294 2222 1334 2258 in
1373 2224 1505 2259 castra
1533 2220 1761 2270 praemissis,

319 2296 530 2342 postquam
563 2294 662 2331 satis
693 2296 781 2331 tuta
812 2294 947 2331 omnia
977 2307 1063 2331 esse
1095 2294 1346 2343 exploratum
1377 2296 1447 2338 est,
1480 2292 1623 2330 inferri
1646 2292 1762 2341 signa

248 2364 297 2401 13
317 2364 456 2411 iussit;
488 2368 723 2415 tantumque
750 2365 809 2402 ibi
834 2368 1023 2412 moratus,
1048 2365 1141 2402 dum
1165 2365 1314 2402 milites
1338 2364 1388 2402 ad
1412 2363 1586 2414 praedam
1607 2363 1758 2401 discur-

321 2440 427 2483 runt,
472 2438 651 2487 receptui
690 2436 835 2474 deinde
873 2436 1019 2474 cecinit
1055 2437 1261 2486 multoque
1298 2439 1390 2473 ante
1428 2438 1582 2473 noctem
1625 2435 1760 2485 copias

251 2508 302 2545 14
317 2509 491 2546 reduxit.
538 2509 707 2547 Postero
741 2508 807 2546 die
841 2508 969 2558 prima
997 2509 1086 2545 luce
1113 2509 1329 2558 profectus,
1361 2508 1515 2556 magnis
1546 2507 1759 2545 itineribus

324 2581 467 2618 famam
500 2584 540 2618 et
569 2581 742 2630 vestigia
772 2580 942 2630 agminis
973 2593 1142 2630 sequens
1174 2579 1280 2617 haud
1311 2579 1449 2630 procul
1482 2579 1661 2618 Venusia
1689 2579 1758 2617 ho-

252 2652 301 2689 15
319 2656 418 2690 stem
449 2653 685 2702 assequitur.
754 2652 820 2690 Ibi
852 2666 1010 2702 quoque
1041 2651 1303 2689 tumultuaria
1334 2665 1470 2701 pugna
1499 2652 1593 2697 fuit;
1638 2663 1761 2701 supra
