1789 2955
508 102 624 136 Liber
648 101 816 136 XXVII.
867 103 927 146 (A.
956 102 1020 137 ch.
1047 102 1141 146 209.)
1484 103 1533 139 79

96 232 136 268 in
169 230 267 279 ipsis
298 229 480 267 faucibus
510 233 649 278 portus
674 230 807 278 posuit
832 233 971 267 castra.
1018 230 1160 275 Naves,
1185 241 1282 278 quas
1312 227 1454 265 Livius
1479 230 1539 263 tu·
1559 225 1582 261 5

96 301 229 341 tandis
247 300 529 338 commeatibus
546 301 749 347 habuerat,
764 302 909 350 partim
927 300 1294 340 machinationibus
1313 302 1451 337 onerat
1468 312 1535 347 ap-

96 377 318 425 paratuque
344 373 531 409 moenium
556 372 930 422 oppugnandorum,
956 374 1102 422 partim
1124 372 1333 409 tormentis
1369 374 1407 407 et
1431 370 1536 407 saxis

97 445 281 494 omnique
312 443 526 481 missilium
557 445 729 482 telorum
759 458 904 494 genere
930 445 1104 491 instruit,
1136 443 1340 481 onerarias
1366 455 1535 491 quoque,

99 531 176 554 non
205 530 269 554 eas
294 516 432 562 solum,
457 530 544 565 quae
572 517 692 553 remis
717 520 942 564 agerentur,
967 520 1011 553 ut
1028 517 1097 553 alii
1116 515 1318 552 machinas
1335 514 1541 562 scalasque
1561 513 1582 549 6

98 588 148 627 ad
182 601 315 625 muros
347 588 506 633 ferrent,
537 588 606 624 alii
637 588 777 637 procul
802 602 849 624 ex
876 588 1043 626 navibus
1069 588 1326 624 vulnerarent
1348 586 1535 622 moenium

95 662 426 710 propugnatores.
486 659 561 696 Hae
594 673 723 705 naves,
767 664 810 696 ut
842 660 891 697 ab
923 664 1060 709 aperto
1093 659 1192 695 mari
1226 658 1364 694 urbem
1397 669 1537 706 aggre-
1558 657 1579 691 7

99 731 519 777 de1·entur,instructae
545 734 774 780 parataeque
799 735 908 777 sunt3
927 735 965 768 et
982 734 1066 768 erat
1084 730 1253 767 liberum
1276 743 1393 775 mare,
1411 729 1536 765 classe

99 803 264 849 Punica,
297 816 417 852 quum
441 802 659 851 Philippus
685 816 916 852 oppugnare
936 802 1093 838 AEtolos
1118 805 1289 851 pararet,
1321 800 1535 848 Corcyram

97 875 341 913 transmissa.
403 874 451 911 In
482 874 658 911 Bruttiis
692 875 850 911 interim
883 873 1089 911 Gauloniee
1131 877 1425 922 oppugnatores
1464 873 1580 910 sub8

99 947 313 984 adventum
344 946 598 991 Hannibalis,
632 960 679 983 ne
710 946 1043 995 opprimerentur,
1079 945 1119 981 in
1150 946 1346 982 tumulum
1379 960 1400 982 a
1432 957 1533 994 prae-

99 1019 202 1055 senti
235 1018 387 1067 impetu
418 1020 559 1063 tutum,
593 1018 642 1055 ad
674 1022 805 1055 cetera
836 1018 1005 1067 inopem,
1038 1030 1275 1054 concessere.

212 1089 383 1127 Fabium
416 1089 633 1127 Tarentum
665 1089 911 1127 obsidentem
943 1090 1029 1127 leve
1061 1088 1172 1125 dictu
1203 1091 1445 1125 momentum
1488 1089 1580 1125 ad9

98 1175 182 1198 rem
198 1162 399 1210 ingentem
417 1161 650 1210 potiundam
672 1161 836 1198 adiuvit.
877 1161 1116 1198 Praesidium
1131 1160 1380 1197 Bruttiorum
1399 1160 1536 1197 datum

99 1233 148 1270 ab
180 1233 410 1270 Hannibale
442 1231 652 1269 Tarentini
691 1233 900 1270 habebant.
971 1233 1067 1270 Eius
1105 1232 1284 1281 praesidii
1322 1233 1536 1281 praefectus

101 1304 312 1354 deperibat
349 1317 481 1341 amore
519 1305 775 1351 mulierculae,
822 1305 932 1341 cuius
970 1305 1095 1341 frater
1133 1305 1174 1340 in
1206 1304 1384 1340 exercitu
1417 1304 1536 1341 Fabii

99 1377 271 1414 consulis
303 1380 399 1414 erat.
461 1376 502 1413 Is
535 1377 682 1413 certior
715 1377 861 1413 litteris
893 1377 1038 1414 sororis
1070 1377 1197 1413 sactus
1230 1376 1277 1412 de
1310 1389 1411 1413 nova
1443 1389 1533 1412 con·
1556 1377 1608 1414 10

100 1448 310 1485 suetudine
334 1448 493 1485 advenae
518 1448 730 1498 locupletis
748 1453 866 1498 atque
886 1448 989 1485 inter
1005 1448 1219 1498 populares
1236 1451 1319 1484 tam
1336 1448 1534 1494 honorati,

100 1533 209 1569 spem
248 1523 399 1566 nactus,
444 1533 515 1569 per
556 1533 730 1557 sororem
771 1521 952 1569 quolibet
989 1520 1146 1569 impelli
1179 1522 1375 1556 amantem
1407 1533 1534 1569 posse,

100 1591 197 1640 quid
236 1595 425 1640 speraret,
465 1591 514 1628 ad
557 1592 758 1629 consulem
792 1592 948 1630 detulit.
1011 1592 1109 1638 Quae
1142 1604 1264 1640 quum
1296 1591 1402 1629 haud
1433 1605 1536 1629 vana
1556 1593 1603 1630 11

100 1663 292 1711 cogitatio
331 1663 417 1700 visa
457 1667 572 1710 esset,
613 1677 684 1712 pro
727 1665 892 1713 perfuga
931 1665 1060 1700 iussus
1093 1662 1310 1700 Tarentum
1351 1664 1536 1710 transire,

101 1747 145 1772 ac
177 1748 248 1784 per
280 1748 453 1772 sororem
484 1736 669 1784 praefecto
703 1736 948 1782 conciliatus,
991 1736 1117 1784 primo
1159 1735 1312 1772 occulte
1343 1735 1535 1772 tentando

101 1807 288 1853 animum,
321 1805 424 1852 dein,
456 1807 552 1844 satis
585 1808 793 1856 explorata
824 1808 998 1853 levitate,
1034 1807 1245 1843 blanditiis
1276 1807 1537 1844 muliebribus

101 1878 280 1927 perpulit
319 1892 406 1915 eum
447 1879 496 1916 ad
538 1878 803 1928 proditionem
845 1879 1036 1916 custodiae
1069 1879 1158 1924 loci,
1205 1879 1266 1915 cui
1298 1879 1537 1928 praepositus

103 1952 199 1987 erat,
265 1949 351 1988 Ubi
388 1953 428 1988 et
465 1951 567 1988 ratio
608 1951 772 2000 agendae
810 1951 869 1987 rei
908 1954 946 1987 et
986 1954 1141 2000 tempus
1189 1951 1383 1998 convenit,
1430 1951 1541 1988 miles
1563 1952 1611 1987 12

102 2026 218 2059 nocte
250 2035 321 2071 per
352 2022 565 2059 intervalla
596 2024 810 2060 stationum
842 2023 942 2060 clam
974 2037 1021 2059 ex
1047 2023 1144 2059 urbe
1169 2023 1334 2059 emissus
1361 2036 1417 2068 ea,
1450 2036 1537 2072 quae

103 2096 190 2130 acta
222 2097 346 2140 erant,
378 2107 544 2143 quaeque
575 2097 619 2131 ut
646 2098 872 2144 agerentur,
900 2099 1150 2141 convenerat,
1178 2095 1227 2131 ad
1253 2095 1453 2131 consulem
1478 2108 1537 2131 re-

103 2165 189 2202 fert.
251 2164 402 2203 Fabius
433 2166 579 2214 vigilia
609 2167 748 2215 prima,
782 2167 874 2203 dato
908 2167 1020 2214 signo
1054 2167 1113 2213 iis,
1146 2167 1215 2215 qui
1240 2167 1282 2203 in
1311 2179 1399 2202 arce
1430 2169 1544 2203 erant
1564 2166 1614 2202 13

104 2236 254 2286 quique
285 2237 505 2275 custodiam
538 2241 676 2288 portus
708 2238 919 2285 habebant,
954 2239 1048 2288 ipse,
1081 2239 1288 2275 circumito
1320 2242 1451 2287 portu,
1488 2239 1538 2275 ab

104 2309 270 2357 regione
310 2310 421 2346 urbis
464 2310 506 2346 in
545 2310 737 2346 orientem
777 2323 893 2347 versa
925 2311 1103 2348 occultus
1136 2309 1328 2348 consedit.
1390 2309 1542 2346 (lamere
1564 2310 1615 2346 14

104 2380 196 2417 inde
228 2380 334 2417 tubae
365 2382 482 2418 simul
515 2382 564 2418 ab
597 2395 696 2428 arce,
729 2382 844 2419 simul
876 2396 897 2418 a
928 2385 1044 2431 portu
1080 2385 1118 2419 et
1149 2382 1198 2419 ab
1231 2382 1414 2430 navibus,
1452 2394 1539 2430 quae

105 2452 153 2489 ab
181 2456 318 2502 aperto
344 2454 444 2490 mari
470 2453 648 2503 appulsae
674 2457 798 2500 erant,
823 2454 1050 2503 clamorque
1076 2453 1255 2503 undique
1281 2467 1366 2490 cum
1387 2453 1538 2500 ingenti

104 2525 293 2571 tumultu,
339 2525 444 2562 unde
485 2525 688 2562 minimum
732 2526 902 2575 periculi
941 2529 1036 2571 erat,
1084 2525 1131 2562 de
1174 2526 1371 2562 industria
1417 2529 1538 2561 ortus.

107 2595 256 2633 Consul
296 2596 453 2633 interim
487 2597 646 2634 silentio
679 2597 910 2634 continebat
940 2611 1043 2636 suos.
1105 2597 1240 2645 Igitur
1273 2596 1546 2643 Democrates,
1566 2595 1616 2634 15

107 2667 173 2716 qui
207 2668 419 2717 praefectus
450 2671 568 2706 antea
601 2669 739 2706 classis
765 2670 905 2715 fuerat,
937 2670 1037 2706 forte
1070 2669 1140 2705 illo
1173 2669 1259 2706 loco
1293 2668 1542 2718 praepositus,
