1768 2943
504 113 607 144 Liber
632 112 759 143 XXIII.
802 111 857 153 (A.
886 111 948 142 Ch.
975 109 1071 152 216.)
1416 112 1495 153 131

80 247 232 283 talenta
247 248 267 291 †
281 244 536 292 dictatorque
551 239 580 294 ¹)
593 256 683 280 cum
696 243 876 292 Magone
890 243 930 280 in
944 242 1185 291 Hispaniam
1198 244 1427 291 praemissus
1442 250 1502 280 est
1516 246 1541 285 8

83 317 136 354 ad
155 316 428 353 conducenda
445 314 582 363 viginti
597 315 718 350 millia
730 314 926 363 peditum,
946 319 1135 361 quattuor
1147 315 1338 361 equitum,
1359 315 1502 362 quibus

83 387 292 430 exercitus,
319 386 384 434 qui
410 385 451 422 in
468 385 582 422 Italia
605 386 754 433 quique
776 385 817 421 in
836 384 1036 433 Hispania
1055 389 1181 428 erant,
1209 385 1502 432 supplerentur.

202 456 390 493 Ceterum
423 457 522 499 haec,
556 461 599 492 ut
630 457 671 492 in
704 456 894 493 secundis
919 456 1051 500 rebus,
1086 454 1262 503 segniter
1289 454 1502 502 otioseque
1567 453 1614 497 Μ.

83 533 219 578 gesta;
260 529 472 564 Romanos
512 532 655 575 praeter
693 526 855 563 insitam
895 526 1134 562 industriam
1168 525 1311 561 animis
1345 524 1506 561 fortuna

85 599 205 635 etiam
231 597 410 635 cunctari
434 597 690 646 prohibebat.
739 597 842 633 Nam
868 609 943 634 nec
970 597 1110 633 consul
1135 596 1201 632 ulli
1226 596 1295 639 rei,
1322 608 1410 643 quae
1436 596 1548 643 per2

86 682 179 706 eum
204 669 368 717 agenda
393 673 514 712 esset,
545 669 698 712 deerat,
731 674 770 704 et
795 669 970 705 dictator
995 668 1050 704 M.
1077 668 1213 704 Iunius
1241 667 1355 710 Pera,
1387 667 1507 702 rebus

86 739 231 776 divinis
269 738 457 787 perfectis
497 739 674 787 latoque,
715 745 757 775 ut
790 739 906 782 solet,
948 740 1001 775 acl
1035 739 1243 787 populum,
1285 742 1327 773 ut
1359 749 1508 784 equum

87 811 311 847 escendere
329 810 478 854 liceret,
503 815 647 858 praeter
665 810 767 846 duas
786 810 962 846 urbanas
980 810 1176 858 legiones,
1205 821 1293 857 quae
1311 808 1508 857 principio

88 881 183 917 anni
217 893 240 917 a
273 881 505 917 consulibus
539 880 778 930 conscriptae
813 881 983 925 fuerant,
1019 887 1058 917 et
1092 893 1296 917 servorum
1321 879 1512 915 dilectum

89 952 360 1000 cohortesque
389 964 436 987 ex
464 964 563 1000 agro
589 952 740 988 Piceno
767 958 807 988 et
832 952 990 989 Gallico
1017 952 1221 995 collectas,
1251 951 1305 986 ad
1330 949 1509 985 ultimum
1526 950 1552 990 3

89 1033 217 1071 prope
245 1022 471 1070 desperatae
499 1023 555 1058 rei
580 1023 750 1071 publicae
775 1024 976 1067 auxilium,
1007 1035 1128 1071 quum
1153 1023 1326 1058 honesta
1352 1019 1513 1056 utilibus

91 1093 254 1136 cedunt,
281 1093 510 1138 descendit,
537 1095 755 1141 edixitque,
782 1094 848 1142 qui
875 1095 1089 1143 capitalem
1115 1093 1300 1129 fraudem
1325 1091 1409 1127 ausi
1429 1090 1514 1137 qui-

93 1175 170 1211 que
203 1164 386 1212 pecuniae
419 1164 585 1201 iudicati
617 1165 657 1201 in
691 1165 857 1201 vinculis
891 1170 1040 1209 essent,
1075 1165 1142 1212 qui
1167 1175 1307 1200 eorum
1333 1162 1444 1210 apud
1473 1173 1515 1196 se

91 1234 236 1270 milites
269 1234 422 1279 fierent,
457 1247 529 1272 eos
562 1248 671 1272 noxa
704 1236 960 1284 pecuniaque
995 1248 1084 1272 sese
1118 1234 1269 1271 exsolvi
1302 1233 1514 1268 iussurum.

93 1303 153 1340 Ea
193 1316 262 1341 sex
300 1304 422 1342 millia
462 1306 670 1343 hominum
704 1306 869 1344 Gallicis
910 1307 1062 1356 spoliis,
1104 1318 1192 1353 quae
1231 1303 1434 1351 triumpho
1468 1301 1559 1343 C.4

94 1375 278 1411 Flaminii
306 1377 500 1413 translata
523 1383 650 1422 erant,
681 1379 861 1423 armavit,
890 1379 1027 1426 itaque
1053 1389 1144 1413 cum
1172 1375 1310 1424 viginti
1340 1373 1517 1421 quinque

95 1445 267 1483 millibus
299 1452 544 1484 armatorum
578 1449 629 1484 ab
662 1450 759 1486 urbe
793 1449 1070 1498 proficiscitur.

217 1517 438 1562 Hannibal,
466 1517 608 1567 Capua
632 1526 810 1568 recepta,
840 1533 962 1569 quum
987 1520 1129 1555 iterum
1155 1515 1562 1565 Neapolitanorumf)

99 1587 257 1624 animos
300 1588 444 1637 partim
477 1601 563 1638 spe,
603 1591 747 1639 partim
780 1597 889 1627 metu
922 1591 1194 1639 nequicquam
1226 1591 1436 1630 tentasset,
1480 1586 1522 1620 in

100 1669 240 1706 agrum
262 1658 467 1695 Nolanum
496 1661 714 1698 exercitum
743 1662 928 1706 traducit,
958 1667 1000 1697 ut
1029 1673 1114 1697 non
1143 1659 1340 1695 hostiliter
1370 1656 1516 1699 statim,
1534 1658 1559 1698 6

102 1728 195 1776 quia
211 1741 297 1766 non
315 1730 562 1779 desperabat
572 1733 838 1769 voluntariam
853 1732 1120 1774 deditionem,
1139 1730 1207 1774 ita,
1227 1730 1258 1765 si
1272 1732 1524 1764 morarentur

103 1810 230 1847 spem,
259 1800 356 1836 nihil
381 1813 534 1846 eorum7
562 1815 651 1851 quae
676 1804 759 1852 pati
784 1809 851 1839 aut
868 1804 1009 1839 timere
1028 1806 1210 1850 possent,
1237 1797 1524 1848 praetermissu-

102 1881 181 1906 rus.
230 1870 415 1916 Senatus‚
442 1884 489 1909 ac
513 1873 686 1910 maxime
709 1874 906 1923 primores
931 1874 1029 1918 eius,
1056 1873 1097 1909 in
1121 1871 1317 1909 societate
1335 1870 1525 1905 Romana
1540 1870 1562 1910 7

105 1952 195 1977 cum
235 1940 316 1977 fide
355 1948 554 1991 perstare;
598 1945 713 1993 plebs
752 1957 962 1989 novarum,
1006 1949 1049 1980 ut
1081 1943 1197 1986 solet,
1240 1952 1372 1977 rerum
1404 1944 1527 1986 atque

105 2009 347 2049 Hannibalis
376 2018 461 2050 tota
490 2027 579 2052 esse
607 2021 841 2064 metumque
870 2028 1058 2064 agrorum
1087 2011 1363 2063 populationis
1389 2016 1428 2046 et
1456 2022 1528 2058 pa-

106 2080 247 2118 tienda
263 2083 305 2119 in
323 2084 542 2122 obsidione
561 2087 684 2123 multa
701 2087 839 2135 gravia
856 2087 1108 2135 indignaque
1122 2095 1353 2134 proponere
1367 2080 1525 2123 animo;

107 2164 241 2201 neque
265 2159 452 2192 auctores
478 2156 722 2194 defectionis
747 2158 930 2194 deerant.
978 2157 1120 2205 Itaque
1145 2155 1210 2191 ubi
1237 2158 1421 2190 senatum
1447 2163 1528 2186 me·
1544 2152 1568 2193 8

109 2228 172 2259 tus
197 2225 316 2272 cepit,
343 2225 374 2262 si
400 2227 611 2275 propalam
638 2229 866 2273 tenderent,
893 2228 1022 2265 resisti
1048 2224 1291 2263 multitudini
1317 2222 1530 2260 concitatae

110 2305 195 2330 non
235 2306 370 2343 posse,
412 2298 593 2334 secunda
635 2299 864 2336 simulando
905 2299 1143 2336 dilationem
1183 2295 1275 2332 mali
1308 2293 1529 2331 inveniunt.

110 2363 275 2401 Placere
299 2367 404 2403 enim
428 2368 502 2404 sibi
526 2369 801 2406 defectionem
827 2371 881 2406 ad
906 2369 1179 2406 Hannibalem
1205 2366 1413 2407 simulant;
1447 2362 1531 2410 qui·
1546 2362 1571 2403 9

113 2435 188 2471 bus
212 2442 346 2473 autem
373 2441 685 2478 condicionibus
710 2442 751 2477 in
771 2441 903 2478 foedus
923 2440 1221 2487 amicitiamque
1239 2448 1386 2473 novam
1406 2439 1533 2470 trans-

115 2512 223 2551 eant,
251 2520 391 2556 parurn
415 2517 616 2549 constare.
672 2512 732 2549 Ita
755 2512 887 2561 spatio
912 2516 1073 2560 sumpto
1098 2511 1256 2558 legatos
1281 2517 1453 2555 propere
1479 2504 1534 2540 ad
1551 2502 1605 2544 10

179 2597 207 2641 ι)
234 2601 273 2631 In
312 2603 434 2636 litteris
475 2604 667 2637 dictator
699 2606 781 2636 latet
813 2614 971 2635 numerus
1005 2611 1038 2634 et
1072 2611 1194 2632 nomen
1228 2598 1376 2630 hominis
1407 2596 1533 2638 (velutz

236 2662 312 2703 DC,
339 2665 580 2706 Bostarque
606 2671 661 2696 aut
688 2665 731 2703 D,
760 2664 1055 2702 Carthaloque
1083 2657 1273 2699 similiave).

1212 2716 1252 2750 9*
