<?xml version="1.0" encoding="UTF-8"?>
<!DOCTYPE html PUBLIC "-//W3C//DTD XHTML 1.0 Transitional//EN"
    "http://www.w3.org/TR/xhtml1/DTD/xhtml1-transitional.dtd">
<html xmlns="http://www.w3.org/1999/xhtml" xml:lang="en" lang="en">
 <head>
  <title>
</title>
<meta http-equiv="Content-Type" content="text/html;charset=utf-8" />
  <meta name='ocr-system' content='tesseract 3.04.00' />
  <meta name='ocr-capabilities' content='ocr_page ocr_carea ocr_par ocr_line ocrx_word'/>
</head>
<body>
  <div class='ocr_page' id='page_1' title='image "./historiarumroman02livyuoft_0206.png"; bbox 0 0 1789 2955; ppageno 0'>
   <div class='ocr_carea' id='block_1_1' title="bbox 241 97 1237 142">
    <p class='ocr_par' dir='ltr' id='par_1_1' title="bbox 241 97 1237 142">
     <span class='ocr_line' id='line_1_1' title="bbox 241 97 1237 142; baseline 0.005 -15"><span class='ocrx_word' id='word_1_1' title='bbox 241 100 322 141; x_wconf 73' lang='grc'>166</span> <span class='ocrx_word' id='word_1_2' title='bbox 664 98 769 130; x_wconf 70' lang='lat' dir='ltr'>Liber</span> <span class='ocrx_word' id='word_1_3' title='bbox 794 99 922 129; x_wconf 86' lang='lat' dir='ltr'>xxm.</span> <span class='ocrx_word' id='word_1_4' title='bbox 970 97 1025 140; x_wconf 89' lang='lat' dir='ltr'>(A.</span> <span class='ocrx_word' id='word_1_5' title='bbox 1045 109 1075 130; x_wconf 84' lang='lat' dir='ltr'>u.</span> <span class='ocrx_word' id='word_1_6' title='bbox 1095 109 1124 130; x_wconf 85' lang='lat' dir='ltr'>c.</span> <span class='ocrx_word' id='word_1_7' title='bbox 1144 99 1237 142; x_wconf 83' lang='lat'><strong>539.)</strong></span> 
     </span>
    </p>
   </div>
   <div class='ocr_carea' id='block_1_2' title="bbox 109 228 1658 2682">
    <p class='ocr_par' dir='ltr' id='par_1_2' title="bbox 109 228 1658 2682">
     <span class='ocr_line' id='line_1_2' title="bbox 196 228 1657 279; baseline 0.001 -10"><span class='ocrx_word' id='word_1_8' title='bbox 196 229 358 279; x_wconf 86' lang='lat' dir='ltr'>9caput</span> <span class='ocrx_word' id='word_1_9' title='bbox 386 228 575 267; x_wconf 82' lang='lat' dir='ltr'>abstulit?</span> <span class='ocrx_word' id='word_1_10' title='bbox 607 230 688 274; x_wconf 91' lang='lat' dir='ltr'>ubi,</span> <span class='ocrx_word' id='word_1_11' title='bbox 717 231 789 277; x_wconf 82' lang='lat' dir='ltr'>qui</span> <span class='ocrx_word' id='word_1_12' title='bbox 812 230 857 267; x_wconf 85' lang='lat' dir='ltr'>L.</span> <span class='ocrx_word' id='word_1_13' title='bbox 882 231 1049 267; x_wconf 90' lang='lat' dir='ltr'>Paulum</span> <span class='ocrx_word' id='word_1_14' title='bbox 1077 232 1132 268; x_wconf 89' lang='lat' dir='ltr'>ad</span> <span class='ocrx_word' id='word_1_15' title='bbox 1161 232 1326 269; x_wconf 88' lang='lat' dir='ltr'>Cannas</span> <span class='ocrx_word' id='word_1_16' title='bbox 1356 233 1532 271; x_wconf 83' lang='lat' dir='ltr'>occidit?</span> <span class='ocrx_word' id='word_1_17' title='bbox 1566 235 1657 271; x_wconf 76' lang='lat' dir='ltr'>Fer-</span> 
     </span>
     <span class='ocr_line' id='line_1_3' title="bbox 236 299 1658 354; baseline 0.004 -18"><span class='ocrx_word' id='word_1_18' title='bbox 236 314 321 337; x_wconf 91' lang='lat' dir='ltr'>rum</span> <span class='ocrx_word' id='word_1_19' title='bbox 354 313 462 337; x_wconf 88' lang='lat' dir='ltr'>nunc</span> <span class='ocrx_word' id='word_1_20' title='bbox 495 299 643 337; x_wconf 77' lang='lat' dir='ltr'>hebet?</span> <span class='ocrx_word' id='word_1_21' title='bbox 683 314 735 337; x_wconf 88' lang='lat' dir='ltr'>an</span> <span class='ocrx_word' id='word_1_22' title='bbox 769 301 919 338; x_wconf 87' lang='lat' dir='ltr'>dextrae</span> <span class='ocrx_word' id='word_1_23' title='bbox 951 301 1140 350; x_wconf 84' lang='lat' dir='ltr'><strong>torpent?</strong></span> <span class='ocrx_word' id='word_1_24' title='bbox 1173 315 1224 339; x_wconf 92' lang='lat' dir='ltr'>an</span> <span class='ocrx_word' id='word_1_25' title='bbox 1259 304 1357 351; x_wconf 90' lang='lat' dir='ltr'>quid</span> <span class='ocrx_word' id='word_1_26' title='bbox 1390 305 1564 354; x_wconf 88' lang='lat' dir='ltr'>prodigii</span> <span class='ocrx_word' id='word_1_27' title='bbox 1597 312 1658 342; x_wconf 89' lang='lat' dir='ltr'>est</span> 
     </span>
     <span class='ocr_line' id='line_1_4' title="bbox 237 370 1657 425; baseline 0.004 -17"><span class='ocrx_word' id='word_1_28' title='bbox 237 370 373 408; x_wconf 83' lang='lat' dir='ltr'>aliud?</span> <span class='ocrx_word' id='word_1_29' title='bbox 407 371 485 417; x_wconf 86' lang='lat' dir='ltr'>Qui</span> <span class='ocrx_word' id='word_1_30' title='bbox 511 371 629 420; x_wconf 87' lang='lat' dir='ltr'>pauci</span> <span class='ocrx_word' id='word_1_31' title='bbox 653 371 786 420; x_wconf 91' lang='lat' dir='ltr'>plures</span> <span class='ocrx_word' id='word_1_32' title='bbox 804 372 963 409; x_wconf 90' lang='lat' dir='ltr'>vincere</span> <span class='ocrx_word' id='word_1_33' title='bbox 982 373 1087 409; x_wconf 90' lang='lat' dir='ltr'>soliti</span> <span class='ocrx_word' id='word_1_34' title='bbox 1106 373 1214 417; x_wconf 90' lang='lat' dir='ltr'>estis,</span> <span class='ocrx_word' id='word_1_35' title='bbox 1242 386 1350 410; x_wconf 91' lang='lat' dir='ltr'>nunc</span> <span class='ocrx_word' id='word_1_36' title='bbox 1367 376 1506 423; x_wconf 84' lang='lat' dir='ltr'><strong>paucis</strong></span> <span class='ocrx_word' id='word_1_37' title='bbox 1523 377 1657 425; x_wconf 82' lang='lat' dir='ltr'>plures</span> 
     </span>
     <span class='ocr_line' id='line_1_5' title="bbox 236 442 1657 492; baseline 0.002 -13"><span class='ocrx_word' id='word_1_38' title='bbox 236 444 298 479; x_wconf 90' lang='lat' dir='ltr'>vix</span> <span class='ocrx_word' id='word_1_39' title='bbox 325 443 498 479; x_wconf 86' lang='lat' dir='ltr'>restatis.</span> <span class='ocrx_word' id='word_1_40' title='bbox 562 442 736 478; x_wconf 83' lang='lat' dir='ltr'>Romam</span> <span class='ocrx_word' id='word_1_41' title='bbox 758 453 830 478; x_wconf 93' lang='lat' dir='ltr'>vos</span> <span class='ocrx_word' id='word_1_42' title='bbox 856 447 1170 490; x_wconf 85' lang='lat' dir='ltr'>expugnaturos,</span> <span class='ocrx_word' id='word_1_43' title='bbox 1201 443 1231 480; x_wconf 91' lang='lat' dir='ltr'>si</span> <span class='ocrx_word' id='word_1_44' title='bbox 1258 444 1345 492; x_wconf 92' lang='lat' dir='ltr'>quis</span> <span class='ocrx_word' id='word_1_45' title='bbox 1372 446 1550 490; x_wconf 84' lang='lat' dir='ltr'>duceret,</span> <span class='ocrx_word' id='word_1_46' title='bbox 1578 447 1657 484; x_wconf 80' lang='lat' dir='ltr'>for-</span> 
     </span>
     <span class='ocr_line' id='line_1_6' title="bbox 169 498 1656 562; baseline 0.003 -13"><span class='ocrx_word' id='word_1_47' title='bbox 169 512 297 553; x_wconf 81' lang='lat' dir='ltr'>]Otes</span> <span class='ocrx_word' id='word_1_48' title='bbox 330 498 466 562; x_wconf 86' lang='lat' dir='ltr'>lingua</span> <span class='ocrx_word' id='word_1_49' title='bbox 498 512 724 549; x_wconf 86' lang='lat' dir='ltr'>iactabatis.</span> <span class='ocrx_word' id='word_1_50' title='bbox 790 512 864 556; x_wconf 89' lang='lat' dir='ltr'>En,</span> <span class='ocrx_word' id='word_1_51' title='bbox 898 513 938 549; x_wconf 93' lang='lat' dir='ltr'>in</span> <span class='ocrx_word' id='word_1_52' title='bbox 971 513 1127 549; x_wconf 90' lang='lat' dir='ltr'>minore</span> <span class='ocrx_word' id='word_1_53' title='bbox 1160 525 1202 549; x_wconf 92' lang='lat' dir='ltr'>re</span> <span class='ocrx_word' id='word_1_54' title='bbox 1235 514 1404 562; x_wconf 89' lang='lat' dir='ltr'>experiri</span> <span class='ocrx_word' id='word_1_55' title='bbox 1436 517 1514 552; x_wconf 90' lang='lat' dir='ltr'>vim</span> <span class='ocrx_word' id='word_1_56' title='bbox 1539 517 1656 554; x_wconf 91' lang='lat' dir='ltr'>virtu-</span> 
     </span>
     <span class='ocr_line' id='line_1_7' title="bbox 237 582 1654 641; baseline 0.003 -21"><span class='ocrx_word' id='word_1_57' title='bbox 237 590 397 632; x_wconf 81' lang='lat' dir='ltr'>temque</span> <span class='ocrx_word' id='word_1_58' title='bbox 430 584 537 619; x_wconf 90' lang='lat' dir='ltr'>volo.</span> <span class='ocrx_word' id='word_1_59' title='bbox 600 582 842 631; x_wconf 86' lang='lat' dir='ltr'>Expugnate</span> <span class='ocrx_word' id='word_1_60' title='bbox 875 583 1036 641; x_wconf 46' lang='lat' dir='ltr'>Nola-m,</span> <span class='ocrx_word' id='word_1_61' title='bbox 1077 589 1346 632; x_wconf 73' lang='lat' dir='ltr'>campestrem</span> <span class='ocrx_word' id='word_1_62' title='bbox 1380 586 1532 631; x_wconf 90' lang='lat' dir='ltr'>urbem,</span> <span class='ocrx_word' id='word_1_63' title='bbox 1571 599 1654 624; x_wconf 90' lang='lat' dir='ltr'>non</span> 
     </span>
     <span class='ocr_line' id='line_1_8' title="bbox 236 653 1656 706; baseline 0.002 -15"><span class='ocrx_word' id='word_1_64' title='bbox 236 655 412 698; x_wconf 89' lang='lat' dir='ltr'>flumine,</span> <span class='ocrx_word' id='word_1_65' title='bbox 457 666 542 690; x_wconf 90' lang='lat' dir='ltr'>non</span> <span class='ocrx_word' id='word_1_66' title='bbox 586 653 685 689; x_wconf 88' lang='lat' dir='ltr'>mari</span> <span class='ocrx_word' id='word_1_67' title='bbox 729 659 909 702; x_wconf 90' lang='lat' dir='ltr'>saeptam.</span> <span class='ocrx_word' id='word_1_68' title='bbox 987 653 1093 691; x_wconf 89' lang='lat' dir='ltr'>Hinc</span> <span class='ocrx_word' id='word_1_69' title='bbox 1138 667 1209 692; x_wconf 90' lang='lat' dir='ltr'>vos</span> <span class='ocrx_word' id='word_1_70' title='bbox 1253 669 1301 692; x_wconf 91' lang='lat' dir='ltr'>ex</span> <span class='ocrx_word' id='word_1_71' title='bbox 1341 662 1423 692; x_wconf 91' lang='lat' dir='ltr'>tam</span> <span class='ocrx_word' id='word_1_72' title='bbox 1463 658 1656 706; x_wconf 84' lang='lat' dir='ltr'>opulenta</span> 
     </span>
     <span class='ocr_line' id='line_1_9' title="bbox 236 724 1656 774; baseline 0.002 -13"><span class='ocrx_word' id='word_1_73' title='bbox 236 727 333 762; x_wconf 90' lang='lat' dir='ltr'>urbe</span> <span class='ocrx_word' id='word_1_74' title='bbox 367 725 505 774; x_wconf 79' lang='lat' dir='ltr'>praeda</span> <span class='ocrx_word' id='word_1_75' title='bbox 538 724 759 773; x_wconf 87' lang='lat' dir='ltr'>spoliisque</span> <span class='ocrx_word' id='word_1_76' title='bbox 793 730 963 761; x_wconf 90' lang='lat' dir='ltr'>onustos</span> <span class='ocrx_word' id='word_1_77' title='bbox 996 726 1054 760; x_wconf 88' lang='lat' dir='ltr'>vel</span> <span class='ocrx_word' id='word_1_78' title='bbox 1090 726 1250 771; x_wconf 84' lang='lat' dir='ltr'>ducam,</span> <span class='ocrx_word' id='word_1_79' title='bbox 1293 739 1373 774; x_wconf 89' lang='lat' dir='ltr'>quo</span> <span class='ocrx_word' id='word_1_80' title='bbox 1406 728 1561 771; x_wconf 84' lang='lat' dir='ltr'>voletis,</span> <span class='ocrx_word' id='word_1_81' title='bbox 1595 729 1656 764; x_wconf 81' lang='lat' dir='ltr'>vel</span> 
     </span>
     <span class='ocr_line' id='line_1_10' title="bbox 238 808 421 845; baseline -0.016 -12"><span class='ocrx_word' id='word_1_82' title='bbox 238 808 421 845; x_wconf 78' lang='lat' dir='ltr'>sequar.»</span> 
     </span>
     <span class='ocr_line' id='line_1_11' title="bbox 109 864 1655 915; baseline 0.002 -13"><span class='ocrx_word' id='word_1_83' title='bbox 109 864 174 908; x_wconf 88' lang='grc'>46</span> <span class='ocrx_word' id='word_1_84' title='bbox 354 866 439 903; x_wconf 89' lang='lat' dir='ltr'>Nec</span> <span class='ocrx_word' id='word_1_85' title='bbox 472 867 578 902; x_wconf 90' lang='lat' dir='ltr'>bene</span> <span class='ocrx_word' id='word_1_86' title='bbox 610 878 686 902; x_wconf 87' lang='lat' dir='ltr'>nec</span> <span class='ocrx_word' id='word_1_87' title='bbox 719 867 824 902; x_wconf 90' lang='lat' dir='ltr'>male</span> <span class='ocrx_word' id='word_1_88' title='bbox 857 867 965 902; x_wconf 89' lang='lat' dir='ltr'>dicta</span> <span class='ocrx_word' id='word_1_89' title='bbox 998 867 1236 915; x_wconf 85' lang='lat' dir='ltr'>prosuerunt</span> <span class='ocrx_word' id='word_1_90' title='bbox 1267 869 1321 904; x_wconf 90' lang='lat' dir='ltr'>ad</span> <span class='ocrx_word' id='word_1_91' title='bbox 1351 868 1655 905; x_wconf 88' lang='lat' dir='ltr'>confirmandos</span> 
     </span>
     <span class='ocr_line' id='line_1_12' title="bbox 195 937 1656 987; baseline -0.001 -11"><span class='ocrx_word' id='word_1_92' title='bbox 195 938 406 977; x_wconf 72' lang='lat' dir='ltr'>2anim0s.</span> <span class='ocrx_word' id='word_1_93' title='bbox 472 937 604 983; x_wconf 85' lang='lat' dir='ltr'>Quum</span> <span class='ocrx_word' id='word_1_94' title='bbox 634 937 745 973; x_wconf 90' lang='lat' dir='ltr'>omni</span> <span class='ocrx_word' id='word_1_95' title='bbox 769 941 882 985; x_wconf 82' lang='lat' dir='ltr'>parte</span> <span class='ocrx_word' id='word_1_96' title='bbox 908 938 1162 985; x_wconf 81' lang='lat' dir='ltr'>pellerentur,</span> <span class='ocrx_word' id='word_1_97' title='bbox 1197 938 1475 987; x_wconf 87' lang='lat' dir='ltr'>Romanisque</span> <span class='ocrx_word' id='word_1_98' title='bbox 1502 951 1656 976; x_wconf 77' lang='lat' dir='ltr'>cresce.-</span> 
     </span>
     <span class='ocr_line' id='line_1_13' title="bbox 235 1007 1655 1058; baseline 0 -13"><span class='ocrx_word' id='word_1_99' title='bbox 235 1015 324 1045; x_wconf 88' lang='lat' dir='ltr'>rent</span> <span class='ocrx_word' id='word_1_100' title='bbox 341 1007 476 1051; x_wconf 89' lang='lat' dir='ltr'>animi,</span> <span class='ocrx_word' id='word_1_101' title='bbox 504 1019 589 1044; x_wconf 88' lang='lat' dir='ltr'>non</span> <span class='ocrx_word' id='word_1_102' title='bbox 608 1008 712 1044; x_wconf 87' lang='lat' dir='ltr'>duce</span> <span class='ocrx_word' id='word_1_103' title='bbox 731 1009 860 1044; x_wconf 90' lang='lat' dir='ltr'>solum</span> <span class='ocrx_word' id='word_1_104' title='bbox 880 1008 1136 1052; x_wconf 81' lang='lat' dir='ltr'>adhortante,</span> <span class='ocrx_word' id='word_1_105' title='bbox 1164 1009 1238 1044; x_wconf 89' lang='lat' dir='ltr'>sed</span> <span class='ocrx_word' id='word_1_106' title='bbox 1256 1008 1428 1045; x_wconf 89' lang='lat' dir='ltr'>Nolanis</span> <span class='ocrx_word' id='word_1_107' title='bbox 1446 1009 1566 1045; x_wconf 90' lang='lat' dir='ltr'>etiam</span> <span class='ocrx_word' id='word_1_108' title='bbox 1585 1022 1655 1058; x_wconf 78' lang='lat' dir='ltr'>per</span> 
     </span>
     <span class='ocr_line' id='line_1_14' title="bbox 234 1078 1653 1129; baseline 0.001 -13"><span class='ocrx_word' id='word_1_109' title='bbox 234 1080 453 1117; x_wconf 85' lang='lat' dir='ltr'>clamorem</span> <span class='ocrx_word' id='word_1_110' title='bbox 496 1079 643 1116; x_wconf 90' lang='lat' dir='ltr'>favoris</span> <span class='ocrx_word' id='word_1_111' title='bbox 687 1079 864 1115; x_wconf 91' lang='lat' dir='ltr'>indicem</span> <span class='ocrx_word' id='word_1_112' title='bbox 903 1078 1224 1115; x_wconf 86' lang='lat' dir='ltr'>accendentibus</span> <span class='ocrx_word' id='word_1_113' title='bbox 1265 1081 1454 1116; x_wconf 90' lang='lat' dir='ltr'>ardorem</span> <span class='ocrx_word' id='word_1_114' title='bbox 1493 1092 1653 1129; x_wconf 82' lang='lat' dir='ltr'>pugnae,</span> 
     </span>
     <span class='ocr_line' id='line_1_15' title="bbox 195 1149 1655 1200; baseline -0.001 -12"><span class='ocrx_word' id='word_1_115' title='bbox 195 1151 220 1190; x_wconf 66' lang='lat'>:5</span> <span class='ocrx_word' id='word_1_116' title='bbox 235 1157 348 1200; x_wconf 87' lang='lat' dir='ltr'>terga</span> <span class='ocrx_word' id='word_1_117' title='bbox 379 1151 494 1187; x_wconf 85' lang='lat' dir='ltr'>Poeni</span> <span class='ocrx_word' id='word_1_118' title='bbox 528 1150 731 1185; x_wconf 80' lang='lat' dir='ltr'>dederunt</span> <span class='ocrx_word' id='word_1_119' title='bbox 763 1154 883 1197; x_wconf 85' lang='lat' dir='ltr'>atque</span> <span class='ocrx_word' id='word_1_120' title='bbox 915 1149 957 1186; x_wconf 91' lang='lat' dir='ltr'>in</span> <span class='ocrx_word' id='word_1_121' title='bbox 989 1154 1122 1186; x_wconf 87' lang='lat' dir='ltr'>castra</span> <span class='ocrx_word' id='word_1_122' title='bbox 1153 1151 1351 1198; x_wconf 87' lang='lat' dir='ltr'>compulsi</span> <span class='ocrx_word' id='word_1_123' title='bbox 1385 1156 1489 1187; x_wconf 90' lang='lat' dir='ltr'>sunt.</span> <span class='ocrx_word' id='word_1_124' title='bbox 1554 1150 1655 1198; x_wconf 86' lang='lat' dir='ltr'>Quae</span> 
     </span>
     <span class='ocr_line' id='line_1_16' title="bbox 237 1220 1655 1271; baseline -0.001 -13"><span class='ocrx_word' id='word_1_125' title='bbox 237 1233 475 1271; x_wconf 84' lang='lat' dir='ltr'>oppugnare</span> <span class='ocrx_word' id='word_1_126' title='bbox 509 1221 719 1269; x_wconf 82' lang='lat' dir='ltr'>cupientes</span> <span class='ocrx_word' id='word_1_127' title='bbox 751 1220 896 1256; x_wconf 85' lang='lat' dir='ltr'>milites</span> <span class='ocrx_word' id='word_1_128' title='bbox 929 1220 1140 1256; x_wconf 87' lang='lat' dir='ltr'>Romanos</span> <span class='ocrx_word' id='word_1_129' title='bbox 1173 1220 1388 1257; x_wconf 85' lang='lat' dir='ltr'>Marcellus</span> <span class='ocrx_word' id='word_1_130' title='bbox 1416 1220 1562 1258; x_wconf 90' lang='lat' dir='ltr'>Nolam</span> <span class='ocrx_word' id='word_1_131' title='bbox 1595 1233 1655 1257; x_wconf 82' lang='lat' dir='ltr'>re·</span> 
     </span>
     <span class='ocr_line' id='line_1_17' title="bbox 237 1291 1654 1341; baseline 0.001 -13"><span class='ocrx_word' id='word_1_132' title='bbox 237 1292 350 1328; x_wconf 85' lang='lat' dir='ltr'>duxit</span> <span class='ocrx_word' id='word_1_133' title='bbox 382 1304 473 1329; x_wconf 89' lang='lat' dir='ltr'>cum</span> <span class='ocrx_word' id='word_1_134' title='bbox 505 1303 657 1340; x_wconf 89' lang='lat' dir='ltr'>magno</span> <span class='ocrx_word' id='word_1_135' title='bbox 689 1291 843 1339; x_wconf 86' lang='lat' dir='ltr'>gaudio</span> <span class='ocrx_word' id='word_1_136' title='bbox 877 1296 916 1327; x_wconf 93' lang='lat' dir='ltr'>et</span> <span class='ocrx_word' id='word_1_137' title='bbox 947 1291 1217 1339; x_wconf 84' lang='lat' dir='ltr'>gratulatione</span> <span class='ocrx_word' id='word_1_138' title='bbox 1242 1292 1362 1328; x_wconf 91' lang='lat' dir='ltr'>etiam</span> <span class='ocrx_word' id='word_1_139' title='bbox 1389 1292 1532 1341; x_wconf 87' lang='lat' dir='ltr'>plebis,</span> <span class='ocrx_word' id='word_1_140' title='bbox 1566 1305 1654 1340; x_wconf 89' lang='lat' dir='ltr'>quae</span> 
     </span>
     <span class='ocr_line' id='line_1_18' title="bbox 195 1361 1654 1412; baseline -0.001 -12"><span class='ocrx_word' id='word_1_141' title='bbox 195 1363 331 1401; x_wconf 78' lang='lat' dir='ltr'>4ante</span> <span class='ocrx_word' id='word_1_142' title='bbox 371 1362 599 1399; x_wconf 86' lang='lat' dir='ltr'>inclinatior</span> <span class='ocrx_word' id='word_1_143' title='bbox 639 1362 692 1397; x_wconf 89' lang='lat' dir='ltr'>ad</span> <span class='ocrx_word' id='word_1_144' title='bbox 723 1361 874 1398; x_wconf 88' lang='lat' dir='ltr'>Poenos</span> <span class='ocrx_word' id='word_1_145' title='bbox 914 1361 1054 1398; x_wconf 83' lang='lat' dir='ltr'>fuerat.</span> <span class='ocrx_word' id='word_1_146' title='bbox 1136 1361 1324 1399; x_wconf 87' lang='lat' dir='ltr'>Hostium</span> <span class='ocrx_word' id='word_1_147' title='bbox 1356 1363 1444 1412; x_wconf 93' lang='lat' dir='ltr'>plus</span> <span class='ocrx_word' id='word_1_148' title='bbox 1477 1363 1654 1411; x_wconf 88' lang='lat' dir='ltr'>quinque</span> 
     </span>
     <span class='ocr_line' id='line_1_19' title="bbox 234 1432 1654 1482; baseline -0.001 -11"><span class='ocrx_word' id='word_1_149' title='bbox 234 1434 355 1471; x_wconf 89' lang='lat' dir='ltr'>millia</span> <span class='ocrx_word' id='word_1_150' title='bbox 380 1446 485 1471; x_wconf 80' lang='lat' dir='ltr'>caesa</span> <span class='ocrx_word' id='word_1_151' title='bbox 509 1446 560 1470; x_wconf 87' lang='lat' dir='ltr'>eo</span> <span class='ocrx_word' id='word_1_152' title='bbox 586 1433 666 1478; x_wconf 89' lang='lat' dir='ltr'>die,</span> <span class='ocrx_word' id='word_1_153' title='bbox 693 1432 767 1469; x_wconf 89' lang='lat' dir='ltr'>vivi</span> <span class='ocrx_word' id='word_1_154' title='bbox 794 1433 899 1482; x_wconf 90' lang='lat' dir='ltr'>capti</span> <span class='ocrx_word' id='word_1_155' title='bbox 925 1432 1104 1470; x_wconf 84' lang='lat' dir='ltr'>sexcenti</span> <span class='ocrx_word' id='word_1_156' title='bbox 1129 1437 1168 1469; x_wconf 83' lang='lat' dir='ltr'>et</span> <span class='ocrx_word' id='word_1_157' title='bbox 1193 1433 1308 1481; x_wconf 88' lang='lat' dir='ltr'>signa</span> <span class='ocrx_word' id='word_1_158' title='bbox 1325 1433 1508 1470; x_wconf 87' lang='lat' dir='ltr'>militaria</span> <span class='ocrx_word' id='word_1_159' title='bbox 1525 1433 1654 1469; x_wconf 90' lang='lat' dir='ltr'>unde-</span> 
     </span>
     <span class='ocr_line' id='line_1_20' title="bbox 235 1503 1653 1554; baseline -0.001 -13"><span class='ocrx_word' id='word_1_160' title='bbox 235 1505 373 1554; x_wconf 88' lang='lat' dir='ltr'>viginti</span> <span class='ocrx_word' id='word_1_161' title='bbox 399 1504 440 1541; x_wconf 85' lang='lat' dir='ltr'>et</span> <span class='ocrx_word' id='word_1_162' title='bbox 463 1506 546 1541; x_wconf 91' lang='lat' dir='ltr'>duo</span> <span class='ocrx_word' id='word_1_163' title='bbox 573 1504 797 1553; x_wconf 81' lang='lat' dir='ltr'>elephanti:</span> <span class='ocrx_word' id='word_1_164' title='bbox 826 1509 1014 1552; x_wconf 90' lang='lat' dir='ltr'>quattuor</span> <span class='ocrx_word' id='word_1_165' title='bbox 1036 1504 1076 1540; x_wconf 91' lang='lat' dir='ltr'>in</span> <span class='ocrx_word' id='word_1_166' title='bbox 1101 1503 1187 1540; x_wconf 87' lang='lat' dir='ltr'>acie</span> <span class='ocrx_word' id='word_1_167' title='bbox 1207 1504 1347 1547; x_wconf 87' lang='lat' dir='ltr'>occisi;</span> <span class='ocrx_word' id='word_1_168' title='bbox 1374 1505 1653 1541; x_wconf 88' lang='lat' dir='ltr'>Romanorum</span> 
     </span>
     <span class='ocr_line' id='line_1_21' title="bbox 194 1574 1655 1623; baseline -0.001 -12"><span class='ocrx_word' id='word_1_169' title='bbox 194 1575 220 1611; x_wconf 70' lang='grc' dir='ltr'>ἴ)</span> <span class='ocrx_word' id='word_1_170' title='bbox 235 1576 365 1612; x_wconf 87' lang='lat' dir='ltr'>minus</span> <span class='ocrx_word' id='word_1_171' title='bbox 398 1576 505 1611; x_wconf 87' lang='lat' dir='ltr'>mille</span> <span class='ocrx_word' id='word_1_172' title='bbox 532 1574 745 1612; x_wconf 85' lang='lat' dir='ltr'>interfecti.</span> <span class='ocrx_word' id='word_1_173' title='bbox 809 1575 1020 1611; x_wconf 87' lang='lat' dir='ltr'>Posterum</span> <span class='ocrx_word' id='word_1_174' title='bbox 1049 1574 1158 1610; x_wconf 75' lang='lat' dir='ltr'>diem</span> <span class='ocrx_word' id='word_1_175' title='bbox 1186 1574 1351 1611; x_wconf 87' lang='lat' dir='ltr'>indutiis</span> <span class='ocrx_word' id='word_1_176' title='bbox 1380 1574 1510 1611; x_wconf 90' lang='lat' dir='ltr'>tacitis</span> <span class='ocrx_word' id='word_1_177' title='bbox 1539 1587 1655 1623; x_wconf 87' lang='lat' dir='ltr'>sepe-</span> 
     </span>
     <span class='ocr_line' id='line_1_22' title="bbox 234 1644 1656 1694; baseline -0.001 -12"><span class='ocrx_word' id='word_1_178' title='bbox 234 1646 373 1682; x_wconf 89' lang='lat' dir='ltr'>liendo</span> <span class='ocrx_word' id='word_1_179' title='bbox 397 1646 582 1694; x_wconf 87' lang='lat' dir='ltr'>utrinque</span> <span class='ocrx_word' id='word_1_180' title='bbox 607 1658 734 1683; x_wconf 76' lang='lat' dir='ltr'>caesos</span> <span class='ocrx_word' id='word_1_181' title='bbox 757 1645 798 1682; x_wconf 93' lang='lat' dir='ltr'>in</span> <span class='ocrx_word' id='word_1_182' title='bbox 817 1645 905 1682; x_wconf 87' lang='lat' dir='ltr'>acie</span> <span class='ocrx_word' id='word_1_183' title='bbox 923 1650 1275 1694; x_wconf 89' lang='lat' dir='ltr'>consumpserunt.</span> <span class='ocrx_word' id='word_1_184' title='bbox 1324 1644 1462 1693; x_wconf 90' lang='lat' dir='ltr'>Spolia</span> <span class='ocrx_word' id='word_1_185' title='bbox 1479 1644 1656 1681; x_wconf 76' lang='lat' dir='ltr'>hostiurn</span> 
     </span>
     <span class='ocr_line' id='line_1_23' title="bbox 195 1715 1653 1764; baseline -0.001 -12"><span class='ocrx_word' id='word_1_186' title='bbox 195 1716 218 1754; x_wconf 69' lang='lat'>&lt;3</span> <span class='ocrx_word' id='word_1_187' title='bbox 236 1717 449 1754; x_wconf 81' lang='lat' dir='ltr'>Marcellus</span> <span class='ocrx_word' id='word_1_188' title='bbox 468 1717 655 1753; x_wconf 84' lang='lat' dir='ltr'>Vulcano</span> <span class='ocrx_word' id='word_1_189' title='bbox 680 1721 818 1753; x_wconf 91' lang='lat' dir='ltr'>votum</span> <span class='ocrx_word' id='word_1_190' title='bbox 842 1716 1044 1753; x_wconf 87' lang='lat' dir='ltr'>cremavit.</span> <span class='ocrx_word' id='word_1_191' title='bbox 1093 1715 1232 1752; x_wconf 85' lang='lat' dir='ltr'>Tertio</span> <span class='ocrx_word' id='word_1_192' title='bbox 1259 1721 1352 1764; x_wconf 90' lang='lat' dir='ltr'>post</span> <span class='ocrx_word' id='word_1_193' title='bbox 1378 1715 1444 1751; x_wconf 91' lang='lat' dir='ltr'>die</span> <span class='ocrx_word' id='word_1_194' title='bbox 1470 1715 1524 1752; x_wconf 91' lang='lat' dir='ltr'>ob</span> <span class='ocrx_word' id='word_1_195' title='bbox 1541 1715 1653 1758; x_wconf 85' lang='lat' dir='ltr'>iram,</span> 
     </span>
     <span class='ocr_line' id='line_1_24' title="bbox 237 1786 1656 1836; baseline -0.002 -12"><span class='ocrx_word' id='word_1_196' title='bbox 237 1788 374 1831; x_wconf 88' lang='lat' dir='ltr'>credo,</span> <span class='ocrx_word' id='word_1_197' title='bbox 409 1787 585 1836; x_wconf 89' lang='lat' dir='ltr'>aliquam</span> <span class='ocrx_word' id='word_1_198' title='bbox 619 1792 687 1823; x_wconf 90' lang='lat' dir='ltr'>aut</span> <span class='ocrx_word' id='word_1_199' title='bbox 719 1799 834 1836; x_wconf 89' lang='lat' dir='ltr'>spem</span> <span class='ocrx_word' id='word_1_200' title='bbox 865 1786 1100 1823; x_wconf 87' lang='lat' dir='ltr'>liberalioris</span> <span class='ocrx_word' id='word_1_201' title='bbox 1133 1786 1280 1823; x_wconf 84' lang='lat' dir='ltr'>militiae</span> <span class='ocrx_word' id='word_1_202' title='bbox 1304 1786 1469 1823; x_wconf 90' lang='lat' dir='ltr'>ducenti</span> <span class='ocrx_word' id='word_1_203' title='bbox 1495 1791 1656 1834; x_wconf 84' lang='lat' dir='ltr'>septua-</span> 
     </span>
     <span class='ocr_line' id='line_1_25' title="bbox 235 1855 1655 1907; baseline -0.003 -12"><span class='ocrx_word' id='word_1_204' title='bbox 235 1858 347 1907; x_wconf 87' lang='lat' dir='ltr'>ginta</span> <span class='ocrx_word' id='word_1_205' title='bbox 381 1859 463 1895; x_wconf 89' lang='lat' dir='ltr'>duo</span> <span class='ocrx_word' id='word_1_206' title='bbox 497 1858 666 1906; x_wconf 90' lang='lat' dir='ltr'>equites,</span> <span class='ocrx_word' id='word_1_207' title='bbox 700 1857 810 1894; x_wconf 86' lang='lat' dir='ltr'>mixti</span> <span class='ocrx_word' id='word_1_208' title='bbox 839 1857 1026 1894; x_wconf 79' lang='lat' dir='ltr'>Numidae</span> <span class='ocrx_word' id='word_1_209' title='bbox 1060 1862 1096 1893; x_wconf 81' lang='lat' dir='ltr'>et</span> <span class='ocrx_word' id='word_1_210' title='bbox 1118 1855 1304 1905; x_wconf 88' lang='lat' dir='ltr'>Hispani,</span> <span class='ocrx_word' id='word_1_211' title='bbox 1340 1857 1393 1892; x_wconf 90' lang='lat' dir='ltr'>ad</span> <span class='ocrx_word' id='word_1_212' title='bbox 1422 1856 1655 1892; x_wconf 88' lang='lat' dir='ltr'>Marcellum</span> 
     </span>
     <span class='ocr_line' id='line_1_26' title="bbox 236 1926 1656 1978; baseline -0.003 -12"><span class='ocrx_word' id='word_1_213' title='bbox 236 1929 550 1978; x_wconf 86' lang='lat' dir='ltr'>transfugerunt.</span> <span class='ocrx_word' id='word_1_214' title='bbox 614 1928 766 1965; x_wconf 88' lang='lat' dir='ltr'>Eorum</span> <span class='ocrx_word' id='word_1_215' title='bbox 799 1928 890 1964; x_wconf 89' lang='lat' dir='ltr'>forti</span> <span class='ocrx_word' id='word_1_216' title='bbox 924 1928 1113 1976; x_wconf 90' lang='lat' dir='ltr'>fidelique</span> <span class='ocrx_word' id='word_1_217' title='bbox 1147 1939 1271 1975; x_wconf 89' lang='lat' dir='ltr'>opera</span> <span class='ocrx_word' id='word_1_218' title='bbox 1304 1927 1344 1963; x_wconf 90' lang='lat' dir='ltr'>in</span> <span class='ocrx_word' id='word_1_219' title='bbox 1378 1939 1428 1964; x_wconf 90' lang='lat' dir='ltr'>eo</span> <span class='ocrx_word' id='word_1_220' title='bbox 1461 1927 1567 1962; x_wconf 89' lang='lat' dir='ltr'>bello</span> <span class='ocrx_word' id='word_1_221' title='bbox 1595 1926 1656 1962; x_wconf 91' lang='lat' dir='ltr'>usi</span> 
     </span>
     <span class='ocr_line' id='line_1_27' title="bbox 196 1996 1655 2049; baseline -0.003 -13"><span class='ocrx_word' id='word_1_222' title='bbox 196 1999 327 2038; x_wconf 75' lang='lat' dir='ltr'>Tsunt</span> <span class='ocrx_word' id='word_1_223' title='bbox 360 2012 467 2049; x_wconf 86' lang='lat' dir='ltr'>saepe</span> <span class='ocrx_word' id='word_1_224' title='bbox 500 1999 688 2036; x_wconf 90' lang='lat' dir='ltr'>Romani.</span> <span class='ocrx_word' id='word_1_225' title='bbox 752 2000 858 2047; x_wconf 88' lang='lat' dir='ltr'>Ager</span> <span class='ocrx_word' id='word_1_226' title='bbox 886 1998 1079 2047; x_wconf 89' lang='lat' dir='ltr'>Hispanis</span> <span class='ocrx_word' id='word_1_227' title='bbox 1112 1998 1152 2034; x_wconf 92' lang='lat' dir='ltr'>in</span> <span class='ocrx_word' id='word_1_228' title='bbox 1176 1997 1376 2046; x_wconf 88' lang='lat' dir='ltr'>Hispania</span> <span class='ocrx_word' id='word_1_229' title='bbox 1409 2002 1448 2034; x_wconf 88' lang='lat' dir='ltr'>et</span> <span class='ocrx_word' id='word_1_230' title='bbox 1469 1996 1655 2033; x_wconf 88' lang='lat' dir='ltr'>Numidis</span> 
     </span>
     <span class='ocr_line' id='line_1_28' title="bbox 234 2069 1348 2119; baseline -0.003 -12"><span class='ocrx_word' id='word_1_231' title='bbox 234 2071 274 2107; x_wconf 90' lang='lat' dir='ltr'>in</span> <span class='ocrx_word' id='word_1_232' title='bbox 309 2071 443 2107; x_wconf 85' lang='lat' dir='ltr'>Africa</span> <span class='ocrx_word' id='word_1_233' title='bbox 476 2075 569 2119; x_wconf 88' lang='lat' dir='ltr'>post</span> <span class='ocrx_word' id='word_1_234' title='bbox 600 2069 748 2105; x_wconf 90' lang='lat' dir='ltr'>bellum</span> <span class='ocrx_word' id='word_1_235' title='bbox 783 2069 933 2105; x_wconf 87' lang='lat' dir='ltr'>virtutis</span> <span class='ocrx_word' id='word_1_236' title='bbox 967 2081 1089 2105; x_wconf 84' lang='lat' dir='ltr'>causa</span> <span class='ocrx_word' id='word_1_237' title='bbox 1123 2069 1242 2104; x_wconf 88' lang='lat' dir='ltr'>datus</span> <span class='ocrx_word' id='word_1_238' title='bbox 1276 2073 1348 2104; x_wconf 85' lang='lat' dir='ltr'>est.</span> 
     </span>
     <span class='ocr_line' id='line_1_29' title="bbox 195 2138 1656 2184; baseline -0.002 -7"><span class='ocrx_word' id='word_1_239' title='bbox 195 2140 219 2181; x_wconf 70' lang='lat'>8</span> <span class='ocrx_word' id='word_1_240' title='bbox 352 2140 571 2184; x_wconf 85' lang='lat' dir='ltr'>Hannibal,</span> <span class='ocrx_word' id='word_1_241' title='bbox 612 2140 663 2175; x_wconf 89' lang='lat' dir='ltr'>ab</span> <span class='ocrx_word' id='word_1_242' title='bbox 696 2139 802 2175; x_wconf 86' lang='lat' dir='ltr'>Nola</span> <span class='ocrx_word' id='word_1_243' title='bbox 840 2138 1009 2175; x_wconf 86' lang='lat' dir='ltr'>remisso</span> <span class='ocrx_word' id='word_1_244' title='bbox 1042 2140 1081 2175; x_wconf 90' lang='lat' dir='ltr'>in</span> <span class='ocrx_word' id='word_1_245' title='bbox 1116 2138 1292 2175; x_wconf 90' lang='lat' dir='ltr'>Bruttios</span> <span class='ocrx_word' id='word_1_246' title='bbox 1325 2138 1532 2175; x_wconf 90' lang='lat' dir='ltr'>Hannone</span> <span class='ocrx_word' id='word_1_247' title='bbox 1566 2149 1656 2174; x_wconf 88' lang='lat' dir='ltr'>cum</span> 
     </span>
     <span class='ocr_line' id='line_1_30' title="bbox 235 2208 1656 2259; baseline -0.003 -12"><span class='ocrx_word' id='word_1_248' title='bbox 235 2211 378 2259; x_wconf 90' lang='lat' dir='ltr'>quibus</span> <span class='ocrx_word' id='word_1_249' title='bbox 416 2216 582 2247; x_wconf 86' lang='lat' dir='ltr'>venerat</span> <span class='ocrx_word' id='word_1_250' title='bbox 622 2210 764 2258; x_wconf 88' lang='lat' dir='ltr'>copiis,</span> <span class='ocrx_word' id='word_1_251' title='bbox 805 2211 891 2258; x_wconf 87' lang='lat' dir='ltr'>ipse</span> <span class='ocrx_word' id='word_1_252' title='bbox 931 2210 1083 2258; x_wconf 83' lang='lat' dir='ltr'>Apuliae</span> <span class='ocrx_word' id='word_1_253' title='bbox 1125 2209 1292 2245; x_wconf 87' lang='lat' dir='ltr'>hiberna</span> <span class='ocrx_word' id='word_1_254' title='bbox 1332 2209 1432 2258; x_wconf 87' lang='lat' dir='ltr'>petit</span> <span class='ocrx_word' id='word_1_255' title='bbox 1471 2208 1656 2256; x_wconf 88' lang='lat' dir='ltr'>circaque</span> 
     </span>
     <span class='ocr_line' id='line_1_31' title="bbox 195 2277 1656 2331; baseline -0.003 -13"><span class='ocrx_word' id='word_1_256' title='bbox 195 2283 220 2319; x_wconf 68' lang='grc' dir='ltr'>ἵ)</span> <span class='ocrx_word' id='word_1_257' title='bbox 238 2285 368 2331; x_wconf 80' lang='lat' dir='ltr'>Arpos</span> <span class='ocrx_word' id='word_1_258' title='bbox 394 2281 594 2318; x_wconf 84' lang='lat' dir='ltr'>consedit.</span> <span class='ocrx_word' id='word_1_259' title='bbox 659 2280 709 2326; x_wconf 83' lang='lat' dir='ltr'>Q.</span> <span class='ocrx_word' id='word_1_260' title='bbox 735 2281 884 2317; x_wconf 80' lang='lat' dir='ltr'>Fabius</span> <span class='ocrx_word' id='word_1_261' title='bbox 909 2286 949 2316; x_wconf 85' lang='lat' dir='ltr'>ut</span> <span class='ocrx_word' id='word_1_262' title='bbox 972 2280 1199 2328; x_wconf 83' lang='lat' dir='ltr'>profectum</span> <span class='ocrx_word' id='word_1_263' title='bbox 1224 2280 1262 2316; x_wconf 91' lang='lat' dir='ltr'>in</span> <span class='ocrx_word' id='word_1_264' title='bbox 1291 2279 1477 2328; x_wconf 86' lang='lat' dir='ltr'>Apuliam</span> <span class='ocrx_word' id='word_1_265' title='bbox 1500 2277 1656 2314; x_wconf 91' lang='lat' dir='ltr'>Hanni-</span> 
     </span>
     <span class='ocr_line' id='line_1_32' title="bbox 237 2349 1656 2398; baseline -0.003 -10"><span class='ocrx_word' id='word_1_266' title='bbox 237 2353 368 2388; x_wconf 86' lang='lat' dir='ltr'>balem</span> <span class='ocrx_word' id='word_1_267' title='bbox 407 2352 572 2394; x_wconf 81' lang='lat' dir='ltr'>audivit,</span> <span class='ocrx_word' id='word_1_268' title='bbox 615 2351 816 2387; x_wconf 78' lang='lat' dir='ltr'>frumento</span> <span class='ocrx_word' id='word_1_269' title='bbox 859 2351 910 2386; x_wconf 81' lang='lat' dir='ltr'>ab</span> <span class='ocrx_word' id='word_1_270' title='bbox 942 2350 1049 2386; x_wconf 89' lang='lat' dir='ltr'>Nola</span> <span class='ocrx_word' id='word_1_271' title='bbox 1081 2349 1336 2398; x_wconf 86' lang='lat' dir='ltr'>Neapolique</span> <span class='ocrx_word' id='word_1_272' title='bbox 1370 2349 1410 2385; x_wconf 90' lang='lat' dir='ltr'>in</span> <span class='ocrx_word' id='word_1_273' title='bbox 1444 2361 1492 2385; x_wconf 89' lang='lat' dir='ltr'>ea</span> <span class='ocrx_word' id='word_1_274' title='bbox 1525 2354 1656 2385; x_wconf 90' lang='lat' dir='ltr'>castra</span> 
     </span>
     <span class='ocr_line' id='line_1_33' title="bbox 238 2418 1656 2470; baseline -0.004 -10"><span class='ocrx_word' id='word_1_275' title='bbox 238 2428 450 2467; x_wconf 88' lang='lat' dir='ltr'>convecto,</span> <span class='ocrx_word' id='word_1_276' title='bbox 476 2434 564 2470; x_wconf 90' lang='lat' dir='ltr'>quae</span> <span class='ocrx_word' id='word_1_277' title='bbox 589 2433 708 2470; x_wconf 90' lang='lat' dir='ltr'>super</span> <span class='ocrx_word' id='word_1_278' title='bbox 725 2421 956 2457; x_wconf 85' lang='lat' dir='ltr'>Suessulam</span> <span class='ocrx_word' id='word_1_279' title='bbox 981 2426 1107 2464; x_wconf 84' lang='lat' dir='ltr'>erant,</span> <span class='ocrx_word' id='word_1_280' title='bbox 1135 2420 1475 2467; x_wconf 84' lang='lat' dir='ltr'>munimentisque</span> <span class='ocrx_word' id='word_1_281' title='bbox 1494 2418 1656 2455; x_wconf 87' lang='lat' dir='ltr'>firmatis</span> 
     </span>
     <span class='ocr_line' id='line_1_34' title="bbox 237 2489 1655 2542; baseline -0.004 -13"><span class='ocrx_word' id='word_1_282' title='bbox 237 2498 277 2529; x_wconf 90' lang='lat' dir='ltr'>et</span> <span class='ocrx_word' id='word_1_283' title='bbox 293 2493 497 2542; x_wconf 78' lang='lat' dir='ltr'>praesidio,</span> <span class='ocrx_word' id='word_1_284' title='bbox 517 2493 630 2540; x_wconf 91' lang='lat' dir='ltr'>quod</span> <span class='ocrx_word' id='word_1_285' title='bbox 647 2503 718 2540; x_wconf 92' lang='lat' dir='ltr'>per</span> <span class='ocrx_word' id='word_1_286' title='bbox 735 2491 903 2527; x_wconf 85' lang='lat' dir='ltr'>hiberna</span> <span class='ocrx_word' id='word_1_287' title='bbox 921 2493 975 2527; x_wconf 76' lang='lat' dir='ltr'>ad</span> <span class='ocrx_word' id='word_1_288' title='bbox 994 2491 1260 2527; x_wconf 89' lang='lat' dir='ltr'>obtinendum</span> <span class='ocrx_word' id='word_1_289' title='bbox 1277 2490 1410 2526; x_wconf 89' lang='lat' dir='ltr'>locum</span> <span class='ocrx_word' id='word_1_290' title='bbox 1425 2489 1520 2525; x_wconf 88' lang='lat' dir='ltr'>satis</span> <span class='ocrx_word' id='word_1_291' title='bbox 1535 2495 1655 2530; x_wconf 84' lang='lat' dir='ltr'>esset.</span> 
     </span>
     <span class='ocr_line' id='line_1_35' title="bbox 236 2558 1658 2611; baseline -0.004 -11"><span class='ocrx_word' id='word_1_292' title='bbox 236 2564 390 2606; x_wconf 87' lang='lat' dir='ltr'>relicto,</span> <span class='ocrx_word' id='word_1_293' title='bbox 424 2563 511 2611; x_wconf 89' lang='lat' dir='ltr'>ipse</span> <span class='ocrx_word' id='word_1_294' title='bbox 540 2562 723 2611; x_wconf 85' lang='lat' dir='ltr'>Capuam</span> <span class='ocrx_word' id='word_1_295' title='bbox 756 2561 922 2610; x_wconf 91' lang='lat' dir='ltr'>propius</span> <span class='ocrx_word' id='word_1_296' title='bbox 954 2561 1079 2597; x_wconf 87' lang='lat' dir='ltr'>movit</span> <span class='ocrx_word' id='word_1_297' title='bbox 1112 2565 1255 2604; x_wconf 88' lang='lat' dir='ltr'>castra,</span> <span class='ocrx_word' id='word_1_298' title='bbox 1291 2571 1513 2608; x_wconf 87' lang='lat' dir='ltr'>agrumque</span> <span class='ocrx_word' id='word_1_299' title='bbox 1538 2558 1658 2595; x_wconf 87' lang='lat' dir='ltr'>Cam-</span> 
     </span>
     <span class='ocr_line' id='line_1_36' title="bbox 171 2628 1658 2682; baseline -0.005 -9"><span class='ocrx_word' id='word_1_300' title='bbox 171 2634 222 2673; x_wconf 69' lang='grc'>10</span> <span class='ocrx_word' id='word_1_301' title='bbox 239 2645 388 2682; x_wconf 90' lang='lat' dir='ltr'>panum</span> <span class='ocrx_word' id='word_1_302' title='bbox 415 2633 519 2670; x_wconf 86' lang='lat' dir='ltr'>ferro</span> <span class='ocrx_word' id='word_1_303' title='bbox 543 2632 708 2681; x_wconf 90' lang='lat' dir='ltr'>ignique</span> <span class='ocrx_word' id='word_1_304' title='bbox 733 2637 794 2668; x_wconf 87' lang='lat' dir='ltr'>est</span> <span class='ocrx_word' id='word_1_305' title='bbox 812 2632 1097 2680; x_wconf 82' lang='lat' dir='ltr'>depopulatus,</span> <span class='ocrx_word' id='word_1_306' title='bbox 1124 2631 1258 2667; x_wconf 90' lang='lat' dir='ltr'>donec</span> <span class='ocrx_word' id='word_1_307' title='bbox 1279 2629 1409 2666; x_wconf 86' lang='lat' dir='ltr'>coacti</span> <span class='ocrx_word' id='word_1_308' title='bbox 1429 2634 1521 2665; x_wconf 88' lang='lat' dir='ltr'>sunt</span> <span class='ocrx_word' id='word_1_309' title='bbox 1539 2628 1658 2666; x_wconf 86' lang='lat' dir='ltr'>Cam·</span> 
     </span>
    </p>
   </div>
  </div>
 </body>
</html>
