1768 2943
526 105 630 135 Liber
656 105 748 135 xxi.
800 103 853 146 (A.
882 105 946 135 Ch.
973 103 1068 146 218.)
1444 107 1497 146 41

83 234 239 283 equites
260 238 297 271 et
316 233 592 283 Hispanorum
615 235 829 283 expeditos
851 235 1093 283 praemissos.
1151 234 1257 271 Dum
1280 235 1499 280 Hannibal,
1516 235 1538 274 7

83 305 180 342 citra
204 305 354 341 flumen
377 304 648 353 legationibus
666 303 876 341 Gallorum
899 304 1116 341 audiendis
1140 311 1332 349 moratus,
1357 305 1500 342 traiicit

81 375 240 424 gravius
267 375 450 424 peditum
477 387 639 423 agmen,
668 375 826 412 interim
848 375 974 423 Mago
998 375 1235 422 equitesque
1258 375 1309 410 ab
1332 377 1500 412 transitu

82 445 255 482 fluminis
283 445 364 481 diei
393 444 511 482 unius
537 444 678 481 itinere
705 445 952 481 Placentiam
983 445 1037 480 ad
1065 445 1204 481 hostes
1232 446 1499 482 contendunt.

82 513 288 551 Hannibal
326 515 466 564 paucis
506 520 600 563 post
639 516 783 551 diebus
822 527 890 551 sex
923 515 1044 551 millia
1077 528 1100 551 a
1131 515 1338 552 Placentia
1371 515 1540 555 castra8

83 585 355 629 communivit,
385 591 426 621 et
448 590 615 634 postero
642 585 708 621 die
732 586 773 621 in
800 590 1023 633 conspectu
1048 586 1222 622 hostium
1241 586 1329 622 acie
1347 586 1500 622 directa

81 660 325 704 potestatem
357 667 506 704 pugnae
539 655 646 692 fecit.

198 725 433 774 Insequenti
450 731 573 762 nocte
592 727 726 762 caedes
742 726 783 762 in
803 726 942 762 castris
954 726 1165 771 Romanis,
1184 726 1352 762 tumultu
1364 731 1500 762 tamen
1565 722 1629 767 48

81 808 201 844 quam
234 808 276 832 re
308 796 450 840 maior,
494 796 545 832 ab
578 796 834 832 auxiliaribus
867 795 994 832 Gallis
1028 796 1136 833 facta
1168 802 1242 833 est.
1320 797 1385 832 Ad
1418 796 1543 835 duo?

80 864 202 902 millia
227 866 409 914 peditum
436 871 476 902 et
499 866 664 902 ducenti
688 867 857 914 equites,
886 866 1069 914 vigilibus
1093 867 1147 903 ad
1170 872 1308 915 portas
1326 867 1501 903 trucida-

81 936 143 980 tis,
177 936 232 972 ad
255 935 529 973 Hannibalem
562 936 850 984 transfugiunt;
886 948 988 984 quos
1020 937 1170 973 Poenus
1202 937 1379 985 benigne
1404 937 1501 973 allo-

82 1011 196 1043 cutus
224 1011 264 1043 et
291 1018 364 1054 spe
389 1007 614 1054 ingentium
639 1007 843 1043 donorum
872 1019 1069 1044 accensos
1094 1007 1134 1043 in
1159 1007 1339 1044 civitates
1363 1019 1502 1055 quem-

82 1088 159 1124 que
185 1088 278 1113 suas
304 1077 359 1112 ad
384 1076 665 1113 sollicitandos
688 1078 941 1125 popularium
966 1078 1125 1114 animos
1149 1078 1311 1114 dimisit.
1366 1078 1501 1126 Scipio
1518 1076 1543 1116 3

82 1147 236 1184 caedem
261 1159 351 1183 eam
377 1146 536 1195 signum
562 1147 806 1183 defectionis
831 1148 1010 1184 omnium
1029 1147 1238 1185 Gallorum
1265 1160 1354 1184 esse
1379 1153 1501 1192 ratus,

82 1223 378 1266 contactosque
411 1229 461 1253 eo
495 1217 647 1254 scelere
679 1218 786 1253 velut
817 1218 966 1254 iniecta
998 1219 1108 1254 rabie
1142 1220 1196 1255 ad
1229 1231 1340 1254 arma
1362 1219 1501 1262 ituros,

81 1299 313 1336 quanquam
352 1289 484 1337 gravis
527 1288 661 1325 adhue
694 1289 856 1324 vulnere
889 1295 987 1333 erat,
1027 1295 1164 1325 tamen
1198 1294 1340 1337 quarta
1372 1288 1545 1336 vigilia4

81 1359 212 1395 noctis
229 1359 480 1407 insequentis
498 1359 622 1395 tacito
641 1359 802 1407 agmine
821 1359 1040 1407 profectus,
1062 1360 1117 1395 ad
1134 1359 1325 1395 Trebiam
1343 1359 1502 1394 fluvium

79 1429 159 1464 iam
183 1428 226 1465 in
250 1429 342 1465 loca
369 1429 511 1466 altiora
537 1430 741 1477 collesque
764 1430 1042 1478 impeditiores
1066 1430 1188 1477 equiti
1207 1435 1338 1466 castra
1355 1434 1503 1466 movet.

79 1498 215 1535 Minus
238 1511 359 1547 quam
384 1500 439 1536 ad
461 1499 649 1536 Ticinum
674 1500 832 1544 fefellit;
866 1501 1078 1548 missisque
1103 1500 1309 1536 Hannibal
1332 1500 1501 1548 primum
1519 1498 1546 1538 5

79 1568 279 1614 Numidis,
309 1570 464 1607 deinde
489 1571 598 1607 omni
624 1571 817 1619 equitatu,
846 1571 1048 1607 turbasset
1075 1571 1211 1618 utique
1240 1571 1500 1607 novissimum

80 1651 242 1688 agmen,
276 1640 316 1676 ni
342 1640 534 1676 aviditate
558 1642 707 1689 praedae
731 1642 771 1677 in
795 1654 922 1678 vacua
948 1642 1136 1676 Romana
1160 1646 1291 1676 castra
1316 1639 1502 1676 Numidae

81 1709 361 1747 devertissent.
432 1710 491 1746 Ibi
524 1711 620 1746 dum
653 1716 953 1759 perscrutantes
987 1711 1078 1747 loca
1111 1711 1246 1747 omnia
1280 1714 1544 1749 castrorum&

80 1780 191 1816 nullo
226 1780 322 1817 satis
355 1781 482 1829 digno
515 1792 638 1817 morae
662 1781 792 1829 pretio
818 1787 975 1829 tempus
1001 1786 1146 1825 terunt,
1181 1781 1350 1817 emissus
1375 1781 1501 1817 hostis

82 1855 144 1886 est
171 1850 223 1886 de
247 1851 453 1895 manibus;
483 1856 523 1887 et
547 1863 668 1899 quum
692 1851 771 1887 iam
789 1856 1064 1899 transgressos
1083 1851 1273 1887 Trebiam
1293 1852 1503 1887 Romanos

81 1925 362 1969 metantesque
387 1927 518 1958 castra
542 1922 863 1970 conspexissent,
890 1933 1045 1970 paucos
1070 1927 1318 1957 moratorum
1342 1922 1504 1958 occide-

81 1995 173 2027 runt
197 1990 295 2027 citra
311 1991 460 2028 flumen
478 1993 739 2040 interceptos.
789 1992 937 2040 Scipio,
963 2004 1038 2028 nec
1057 1991 1312 2028 vexationem
1330 1991 1502 2027 vulneris
1523 1991 1545 2030 7

81 2061 121 2098 in
154 2061 218 2098 via
243 2062 381 2098 iactati
409 2062 510 2099 ultra
538 2063 697 2111 patiens
727 2068 767 2099 et
795 2062 992 2110 collegam
1022 2060 1116 2113 (iam
1144 2062 1251 2098 enim
1276 2067 1316 2098 et
1339 2073 1505 2097 revoca-

82 2138 166 2168 tum
210 2144 258 2168 ex
300 2132 434 2169 Sicilia
475 2130 673 2182 audierat)
716 2138 825 2168 ratus
868 2134 1201 2181 exspectandum,
1247 2133 1392 2175 locum,
1437 2131 1503 2179 qui

82 2214 211 2250 prope
243 2202 392 2239 flumen
425 2203 643 2240 tutissimus
676 2203 827 2239 stativis
861 2208 922 2239 est
945 2203 1064 2248 visus,
1099 2204 1300 2240 delectum
1327 2214 1505 2238 commu-

84 2272 168 2309 niit.
230 2271 316 2309 Nec
341 2274 481 2321 procul
502 2273 600 2310 inde
624 2273 830 2310 Hannibal
854 2285 974 2321 quum
1003 2274 1272 2317 consedisset,
1305 2277 1497 2320 quantum
1522 2272 1546 2311 8

83 2343 250 2380 victoria
296 2345 471 2391 equestri
519 2345 660 2388 elatus,
709 2348 863 2380 tantum
911 2345 1052 2380 anxius
1098 2344 1251 2393 inopia,
1301 2355 1389 2391 quae
1428 2354 1499 2390 per

84 2413 260 2450 hostium
275 2425 395 2462 agros
408 2419 584 2459 euntem,
599 2426 797 2462 nusquam
811 2415 1046 2462 praeparatis
1057 2414 1363 2458 commeatibus,
1378 2413 1506 2448 maior

84 2484 125 2520 in
158 2484 246 2520 dies
279 2484 518 2533 excipiebat,
552 2486 607 2521 ad
639 2484 878 2521 Clastidium
911 2486 1054 2529 vicum,
1089 2497 1169 2532 quo
1202 2496 1393 2532 magnum
1426 2482 1545 2522 ἶνα-9

86 2555 210 2590 menti
233 2567 442 2591 numerum
468 2560 762 2604 congesserant
785 2555 974 2599 Romani,
1008 2555 1138 2591 mittit.
1202 2554 1259 2589 Ibi
1284 2566 1404 2601 quum
1429 2553 1504 2588 vim

86 2630 287 2672 pararent,
313 2637 406 2674 spes
424 2625 532 2662 facta
549 2625 813 2673 proditionis;
844 2638 918 2662 nec
937 2637 1035 2662 sane
1053 2636 1204 2672 magno
1223 2625 1366 2672 pretio,
1392 2636 1506 2660 num-
