1768 2943
242 112 299 153 40
664 110 767 142 Liber
792 111 884 142 XXI.
937 110 991 154 (A.
1020 121 1051 142 u.
1078 122 1106 142 c.
1134 111 1230 154 536.)

202 240 224 280 7
242 254 379 291 pugna
402 246 579 284 venerat,
609 243 743 278 donec
761 241 960 286 Numidae,
986 243 1053 290 qui
1070 242 1110 279 in
1135 243 1324 280 cornibus
1342 250 1468 288 erant,
1495 245 1660 281 circum—

241 312 344 349 vecti
383 311 546 361 paulum
586 313 637 348 ab
676 319 790 360 tergo
834 324 878 349 se
911 313 1190 350 ostenderunt.
1266 313 1304 350 Is
1336 326 1463 362 pavor
1493 315 1661 363 perculit

242 383 468 426 Romanos,
493 382 682 430 auxitque
699 393 892 430 pavorem
910 383 1086 419 consulis
1103 384 1244 419 vulnus
1262 384 1576 432 periculumque,
1600 385 1659 422 in-

201 450 419 492 8tercursu
447 458 530 489 tum
559 453 729 501 primum
756 453 1015 501 pubescentis
1043 453 1108 489 filii
1135 454 1426 502 propulsatum.
1475 454 1551 491 Hic
1576 462 1662 492 erat

241 523 408 567 iuvenis,
438 535 564 571 penes
593 535 713 571 quem
737 522 906 571 perfecti
931 523 1096 560 huiusce
1120 524 1211 560 belli
1236 524 1321 560 laus
1346 529 1420 568 est,
1448 524 1660 561 Africanus

243 594 296 629 ob
337 593 542 641 egregiam
583 593 792 629 victoriam
825 594 877 629 de
909 593 1139 630 Hannibale
1172 594 1390 641 Poenisque
1422 594 1659 642 appellatus.

201 661 354 711 9Fuga
396 669 532 699 tamen
571 663 699 700 effusa
736 663 1001 700 iaculatorum
1039 664 1211 700 maxime
1245 664 1330 708 fuit,
1374 676 1476 712 quos
1509 665 1660 713 primos

242 732 429 769 Numidae
466 733 718 776 invaserunt;
767 734 867 770 alius
908 734 1113 771 confertus
1146 735 1346 781 equitatus
1380 735 1588 771 consulem
1619 735 1660 772 in

241 803 420 839 medium
438 808 663 852 acceptum,
689 815 773 840 non
790 804 910 840 armis
927 805 1069 848 modo,
1093 804 1167 840 sed
1186 805 1306 840 etiam
1324 805 1562 853 corporibus
1579 806 1660 842 suis

241 879 475 922 protegens,
507 874 549 910 in
582 880 714 911 castra
745 887 942 922 nusquam
977 875 1134 923 trepide
1160 887 1293 922 neque
1318 875 1444 911 effuse
1469 876 1659 912 cedendo

174 942 227 983 10
241 945 412 981 reduxit.
483 944 638 981 Servati
670 945 847 981 consulis
880 945 1006 981 decus
1039 943 1184 981 Caelius
1218 946 1272 981 ad
1305 957 1461 981 servum
1494 946 1660 982 natione

241 1014 431 1063 Ligurem
463 1015 646 1064 delegat;
681 1015 816 1052 malim
848 1015 1038 1063 equidem
1067 1015 1120 1050 de
1144 1015 1225 1051 filio
1250 1027 1386 1051 verum
1411 1027 1514 1060 esse,
1549 1017 1661 1063 quod

242 1092 281 1121 et
312 1086 445 1134 plures
477 1086 683 1122 tradidere
715 1091 902 1122 auctores
935 1091 975 1121 et
1008 1085 1116 1121 fama
1148 1085 1335 1121 obtinuit.

113 1151 178 1195 47
359 1154 451 1193 Hoc
483 1156 653 1204 primum
689 1168 780 1192 cum
811 1155 1043 1192 Hannibale
1075 1155 1259 1204 proelium
1293 1155 1387 1199 fuit;
1429 1168 1510 1203 quo
1543 1156 1660 1193 facile

241 1226 439 1275 apparuit,
467 1223 540 1277 [et]
566 1226 745 1274 equitatu
761 1227 970 1262 meliorem
987 1226 1157 1262 Poenum
1175 1237 1278 1269 esse,
1305 1231 1345 1261 et
1362 1226 1415 1262 ob
1432 1226 1476 1262 id
1494 1238 1660 1275 campos

241 1301 441 1343 patentes,
476 1297 615 1344 quales
649 1302 741 1333 sunt
771 1297 874 1333 inter
906 1297 1062 1332 Padum
1087 1296 1307 1344 Alpesque,
1341 1296 1448 1333 bello
1475 1298 1659 1345 gerendo

201 1363 437 1404 2Romanis
462 1372 581 1415 aptos
607 1379 691 1404 non
717 1379 819 1403 esse.
883 1366 1023 1414 Itaque
1047 1366 1230 1414 proxima
1254 1370 1389 1410 nocte,
1421 1366 1538 1403 iussis
1562 1367 1662 1403 mili-

242 1437 347 1473 tibus
380 1449 476 1473 vasa
508 1437 668 1473 silentio
701 1437 902 1485 colligere,
938 1442 1069 1473 castra
1101 1437 1151 1472 ab
1176 1436 1322 1473 Ticino
1354 1442 1466 1473 mota
1498 1436 1662 1473 festina-

242 1513 407 1554 tumque
440 1508 495 1543 ad
526 1507 682 1543 Padum
715 1513 788 1551 est,
830 1512 872 1543 ut
902 1507 1067 1551 ratibus,
1107 1507 1251 1554 quibus
1282 1507 1466 1543 iunxerat
1497 1507 1659 1552 flumen,

243 1577 427 1613 nondum
454 1577 640 1614 resolutis
659 1578 745 1614 sine
763 1578 932 1613 tumultu
949 1582 1071 1625 atque
1087 1577 1357 1614 insectatione
1374 1577 1502 1613 hostis
1520 1578 1660 1626 copias

201 1645 453 1685 3traiiceret.
531 1647 644 1684 Prius
675 1648 924 1684 Placentiam
966 1659 1200 1695 pervenere,
1245 1659 1364 1695 quam
1405 1648 1501 1684 satis
1544 1649 1662 1685 sciret

241 1717 448 1754 Hannibal
466 1718 517 1754 ab
535 1717 681 1754 Ticino
699 1717 927 1766 profectos:
953 1722 1089 1753 tamen
1108 1718 1162 1753 ad
1179 1723 1394 1754 sexcentos
1413 1725 1660 1755 moratorum

241 1789 280 1824 in
307 1788 491 1824 citeriore
515 1788 601 1836 ripa
618 1788 734 1833 Padi,
760 1787 937 1836 segniter
953 1792 1081 1823 ratem
1098 1788 1314 1832 solventes,
1343 1788 1462 1836 cepit.
1511 1788 1661 1826 Trans-

241 1857 297 1893 ire
330 1863 499 1905 pontem
531 1869 614 1894 non
647 1858 790 1906 potuit,
824 1863 866 1893 ut
899 1863 1077 1893 extrema
1103 1857 1281 1893 resoluta
1304 1863 1430 1901 erant,
1465 1863 1551 1894 tota
1575 1864 1660 1895 rate

199 1925 281 1965 4in
315 1929 537 1964 secundam
571 1940 718 1975 aquam
752 1928 925 1964 labente.
991 1926 1135 1964 Caelius
1164 1932 1305 1963 auctor
1329 1933 1402 1972 est,
1436 1927 1658 1976 Magonem

242 2009 333 2034 cum
378 1998 557 2045 equitatu
601 2004 641 2034 et
672 1997 865 2046 Hispanis
907 1997 1110 2045 peditibus
1154 1997 1302 2033 flumen
1346 1999 1549 2047 extemplo
1583 2005 1660 2035 tra—

242 2079 375 2111 nasse,
404 2067 534 2115 ipsum
559 2067 832 2105 Hannibalem
860 2079 932 2115 per
959 2067 1167 2115 superiora
1184 2067 1285 2103 Padi
1310 2069 1416 2104 vada
1440 2069 1656 2105 exercitum

240 2137 481 2181 traduxisse,
515 2138 741 2186 elephantis
773 2138 813 2173 in
847 2138 1033 2173 ordinem
1066 2138 1121 2173 ad
1153 2138 1433 2174 sustinendum
1465 2139 1659 2187 impetum

201 2205 414 2245 5fluminis
447 2208 660 2256 oppositis.
724 2208 785 2244 Ea
809 2207 947 2256 peritis
973 2208 1102 2244 amnis
1127 2208 1212 2244 eius
1237 2209 1299 2244 vix
1322 2208 1446 2244 fidem
1470 2208 1657 2253 fecerint;

242 2290 336 2314 nam
367 2290 499 2325 neque
527 2278 682 2326 equites
705 2278 824 2314 armis
849 2278 1044 2326 equisque
1067 2278 1185 2314 salvis
1209 2283 1361 2314 tantam
1385 2278 1460 2313 vim
1486 2278 1660 2315 fluminis

243 2359 455 2396 superasse
477 2348 558 2384 veri
585 2349 712 2384 simile
740 2354 813 2393 est,
848 2354 890 2384 ut
916 2349 995 2384 iam
1023 2347 1231 2397 Hispanos
1259 2360 1402 2384 omnes
1428 2348 1555 2384 inflati
1582 2354 1660 2385 tra—

242 2419 422 2454 vexerint
453 2424 572 2463 utres,
617 2424 657 2454 et
688 2419 901 2460 multorum
935 2419 1090 2454 dierum
1123 2418 1287 2455 circuitu
1319 2418 1420 2454 Padi
1453 2419 1560 2455 vada
1590 2432 1660 2467 pe-

243 2489 369 2525 tenda
391 2488 564 2532 suerunt,
594 2500 673 2536 qua
695 2489 891 2524 exercitus
912 2489 1044 2536 gravis
1065 2488 1365 2536 impedimentis
1388 2489 1544 2526 traduci
1566 2501 1660 2537 pos-

203 2556 317 2597 6set.
380 2558 564 2595 Potiores
598 2559 708 2607 apud
741 2571 805 2594 me
837 2563 1024 2595 auctores
1056 2564 1160 2603 sunt,
1195 2559 1261 2606 qui
1294 2559 1419 2594 biduo
1442 2559 1504 2595 vix
1526 2559 1658 2596 locum

243 2633 327 2664 rate
369 2628 579 2677 iungendo
621 2628 773 2665 flumini
809 2629 1014 2665 inventum
1047 2629 1211 2664 tradunt
1222 2640 1230 2673 ;
1275 2641 1324 2665 ea
1356 2641 1445 2666 cum
1479 2628 1658 2677 Magone
