1789 2955
257 67 338 106 198
660 64 774 99 Liber
798 62 940 98 XXIX.
989 62 1051 107 (A.
1076 75 1113 98 u.
1139 73 1169 99 c.
1194 63 1290 107 550.)

248 192 347 230 velit
370 192 545 242 populus
561 191 786 239 Romanus3
818 205 973 242 rogare,
1003 190 1064 228 uti
1091 190 1169 228 sibi
1187 193 1323 240 patres
1346 190 1522 228 adeundi
1553 191 1688 242 deplo-

146 260 193 309 17
253 263 451 314 randique
498 277 694 302 aerumnas
741 277 831 302 suas
871 265 1109 314 potestatem
1154 263 1340 300 facerent.
1401 261 1553 300 Senatu
1584 262 1689 310 dato,

250 336 446 374 maximus
477 339 574 374 natu
605 350 653 373 ex
684 336 754 374 iis:
791 335 922 387 „Scio‚
953 335 1094 386 quanti
1125 334 1372 372 aestimentur
1402 338 1548 372 nostrae
1580 335 1688 385 apud

248 422 318 447 vos
352 408 537 457 querelae,
568 411 704 458 patres
729 408 960 459 conscripti,
993 407 1211 458 plurimum
1236 407 1280 445 in
1306 420 1352 444 eo
1384 406 1573 444 momenti
1591 419 1689 455 esse,

251 481 285 519 si
315 480 442 532 probe
473 480 624 527 sciatis,
656 483 695 517 et
727 482 924 531 quomodo
956 479 1109 531 proditi
1132 479 1254 517 Locri
1279 479 1504 517 Hannibali
1535 479 1618 517 sint
1649 482 1688 517 et

249 552 472 603 quomodo,
502 552 618 603 pulso
648 551 896 590 Hannibalis
926 549 1136 601 praesidio,
1179 551 1358 589 restituti
1402 551 1444 588 in
1489 550 1687 588 dicionem

208 625 231 662 2
248 629 441 672 vestram3
473 624 635 675 quippe,
667 624 701 662 si
732 627 772 662 et
803 624 921 674 culpa
951 623 1188 661 defectionis
1211 624 1354 674 procul
1378 637 1400 660 a
1417 623 1580 673 publico
1598 636 1689 660 con-

248 698 340 736 silio
371 697 496 748 absit,
545 700 584 734 et
628 695 805 734 reditum
852 696 895 732 in
939 698 1112 734 vestram
1154 695 1354 734 dicionem
1384 698 1580 745 appareat
1609 708 1690 733 non

247 770 454 809 voluntate
499 769 646 815 solum,
691 768 761 806 sed
807 768 926 805 etiam
971 781 1045 818 ope
1091 770 1131 805 et
1176 768 1326 806 virtute
1356 771 1515 815 nostra,
1562 766 1688 817 magis

250 841 529 891 indignemini,
560 841 676 879 bonis
714 854 759 879 ac
790 840 978 879 fidelibus
1025 839 1143 877 sociis
1180 842 1263 877 tam
1302 839 1489 890 indignas
1521 839 1692 877 iniurias

206 915 230 953 3
250 915 300 953 ab
332 915 467 963 legato
498 916 630 952 vestro
662 913 941 963 militibusque
971 912 1072 949 fieri.
1133 909 1214 949 Sed
1245 925 1319 961 ego
1352 925 1510 950 causam
1542 911 1688 950 utrius-

252 1000 329 1037 que
362 986 599 1025 defectionis
631 988 779 1024 nostrae
812 986 854 1023 in
886 984 995 1022 aliud
1033 986 1188 1034 tempus
1221 983 1482 1022 differendam
1514 984 1688 1022 arbitror

207 1059 231 1096 4
250 1072 335 1097 esse
366 1059 535 1096 duarum
566 1071 699 1096 rerum
730 1058 874 1108 gratia,
904 1057 1037 1104 unius,
1067 1059 1113 1093 ut
1144 1070 1277 1094 coram
1308 1056 1354 1094 P.
1383 1054 1585 1107 Scipione,
1616 1055 1686 1106 qui

253 1131 404 1170 Locros
435 1131 588 1182 recepit
620 1134 658 1169 et
691 1130 866 1168 omnium
898 1129 1012 1168 nobis
1044 1131 1151 1167 recte
1176 1142 1468 1179 perperamque
1493 1129 1690 1167 factorum

252 1207 312 1242 est
342 1204 468 1252 testis,
500 1206 654 1253 agatur,
687 1203 867 1248 alterius,
900 1201 1020 1252 quod,
1051 1202 1349 1252 qualescunque
1382 1215 1526 1248 sumus,
1556 1204 1690 1239 tamen

210 1275 347 1327 5haec,
381 1290 469 1327 quae
500 1276 610 1327 passi
640 1288 796 1323 sumus,
841 1275 927 1326 pati
967 1288 1047 1313 non
1078 1273 1301 1312 debuimus.
1361 1273 1451 1311 Non
1481 1287 1691 1324 possumus

257 1347 528 1396 dissimulare,
560 1351 694 1399 patres
720 1347 950 1397 conscripti,
980 1360 1065 1393 nOS,
1090 1360 1210 1396 quum
1241 1346 1474 1396 praesidium
1492 1346 1690 1384 Punicum

252 1421 294 1458 in
324 1435 415 1459 arce
445 1424 582 1459 nostra
612 1420 861 1470 haberemus,
892 1419 1019 1457 multa
1057 1418 1163 1456 foeda
1195 1421 1234 1456 et
1265 1418 1435 1468 indigna
1466 1421 1505 1455 et
1535 1431 1558 1455 a
1587 1429 1690 1466 prae-

257 1493 362 1531 fecto
393 1493 576 1544 praesidii
592 1493 824 1531 Hamilcare
858 1494 896 1530 et
920 1492 969 1529 ab
987 1490 1176 1530 Numidis
1193 1490 1389 1541 Afrisque
1420 1504 1559 1541 passos
1586 1503 1691 1537 esse3

209 1567 231 1604 6
251 1565 321 1603 sed
351 1566 450 1616 quid
475 1565 548 1604 illa
571 1568 675 1613 sunt,
708 1565 856 1604 collata
879 1577 967 1601 cum
996 1563 1060 1614 iis,
1092 1575 1179 1612 quae
1205 1561 1327 1601 hodie
1349 1561 1559 1613 patimur?
1591 1561 1690 1600 Cum

253 1638 358 1676 bona
388 1638 518 1686 venia,
549 1651 696 1689 quaeso,
718 1637 906 1684 audiatis,
928 1639 1063 1686 patres
1089 1635 1319 1686 conscripti,
1335 1635 1389 1682 id,
1418 1634 1523 1685 quod
1540 1634 1691 1672 invitus

256 1709 397 1748 dicam.
415 1710 466 1748 In
483 1710 713 1748 discrimine
742 1712 801 1748 est
824 1723 929 1746 nunc
946 1709 1164 1746 humanum
1181 1721 1295 1745 omne
1319 1721 1454 1757 genus,
1470 1710 1606 1745 utrum
1621 1720 1691 1745 vos

213 1785 235 1820 7
254 1796 304 1820 an
322 1782 673 1832 Carthaginienses
699 1782 903 1833 principes
928 1780 1037 1819 orbis
1061 1783 1258 1818 terrarum
1276 1779 1421 1818 videat.
1483 1779 1529 1818 Si
1553 1794 1601 1817 ex
1627 1779 1692 1827 iis,

255 1868 342 1906 quae
359 1855 578 1894 Locrenses
609 1858 678 1894 aut
708 1855 758 1893 ab
792 1854 874 1892 illis
904 1853 1011 1904 passi
1041 1867 1175 1891 sumus
1201 1856 1269 1890 aut
1292 1866 1314 1890 a
1337 1856 1470 1890 vestro
1501 1851 1689 1902 praesidio

255 1941 359 1965 nunc
391 1941 511 1977 quum
541 1928 712 1966 maxime
737 1927 924 1978 patimur,
955 1924 1231 1964 aestimandum
1247 1924 1472 1963 Romanum
1504 1938 1548 1962 ac
1565 1924 1689 1962 Puni-

256 2014 344 2038 cum
391 2000 605 2051 imperium
652 2000 725 2047 sit,
770 2013 884 2038 nemo
916 2012 996 2036 non
1026 1998 1120 2036 illos
1151 1997 1229 2036 sibi
1259 2010 1379 2047 quam
1409 2011 1479 2035 vos
1511 1996 1690 2034 dominos

212 2072 460 2123 Spraeoptet.
520 2073 573 2111 Et
598 2076 731 2110 tamen
755 2072 902 2119 videte,
934 2070 1265 2122 quemadmodum
1296 2069 1340 2106 in
1370 2083 1439 2108 vos
1471 2068 1690 2107 Locrenses

256 2145 422 2183 animati
453 2145 544 2183 sint.
593 2143 725 2192 Quum
756 2158 779 2182 a
811 2143 1211 2194 Carthaginiensibus
1236 2141 1404 2180 iniurias
1430 2144 1541 2180 tanto
1565 2141 1689 2179 mino-

257 2231 320 2255 res
352 2217 634 2268 acciperemus,
665 2215 716 2254 ad
746 2219 921 2254 vestrum
953 2216 1235 2266 imperatorem
1266 2214 1538 2264 confugimus;
1569 2226 1690 2263 quum

257 2303 280 2328 a
309 2292 443 2329 vestro
474 2288 667 2340 praesidio
698 2288 788 2339 plus
815 2302 933 2338 quam
955 2286 1121 2326 hostilia
1144 2287 1358 2337 patiamur,
1386 2299 1581 2336 nusquam
1611 2285 1691 2322 alio

212 2363 235 2400 9
257 2374 375 2412 quam
407 2361 458 2400 ad
488 2375 559 2400 vos
591 2360 772 2412 querelas
790 2360 1016 2398 detulimus
1063 2358 1151 2398 Aut
1172 2372 1241 2397 vos
1264 2357 1490 2409 respicietis
1512 2356 1690 2408 perditas

258 2448 320 2472 res
352 2437 520 2482 nostras,
549 2436 683 2485 patres
715 2432 944 2483 conscripti,
976 2435 1045 2470 aut
1074 2445 1124 2470 ne
1156 2431 1206 2470 ab
1240 2431 1302 2469 dis
1341 2430 1501 2481 quidem
1532 2430 1690 2467 immor-

185 2507 236 2545 10
252 2506 402 2545 talibus
448 2505 555 2557 quod
600 2518 827 2557 precemur,
874 2504 1090 2554 quicquam
1135 2507 1326 2554 superest.
1387 2502 1435 2550 Q.
1467 2501 1693 2540 Pleminius

258 2578 416 2629 legatus
447 2578 591 2616 missus
623 2580 683 2615 est
721 2591 810 2615 cum
854 2576 1044 2627 praesidio
1084 2575 1135 2614 ad
1179 2575 1434 2626 recipiendos
1473 2589 1495 2612 a
1527 2573 1691 2612 Cartha-

258 2651 509 2701 giniensibus
539 2650 710 2697 Locros,
741 2652 781 2687 et
820 2662 908 2687 cum
938 2648 1077 2687 eodem
1116 2648 1174 2686 ibi
1204 2648 1371 2686 relictus
1401 2650 1460 2685 est
1489 2645 1690 2697 praesidio.
