1768 2943
535 107 638 137 Liber
665 107 756 136 XXI.
806 105 862 147 (A.
891 106 953 137 Ch.
981 105 1076 148 218.)
1460 107 1512 148 51

100 243 290 276 concreta
322 242 441 281 esset,
475 241 629 273 tantum
657 236 808 273 nivosae
832 236 1042 285 grandinis
1066 237 1226 281 deiecit,
1261 244 1303 274 ut
1329 238 1515 275 omnibus

99 308 257 345 omissis
288 309 600 357 procumberent
624 306 823 351 homines,
852 306 1095 355 tegminibus
1121 308 1201 344 suis
1228 308 1358 357 magis
1386 309 1515 345 obruti

98 390 218 427 quam
250 378 362 422 tecti;
396 383 589 426 tantaque
621 377 678 413 vis
711 376 868 425 frigoris
892 376 1076 414 insecuta
1111 382 1184 421 est,
1214 383 1256 414 ut
1283 391 1331 414 ex
1355 379 1420 415 illa
1444 378 1556 417 nni-9

99 448 257 485 serabili
296 448 505 484 hominum
541 448 893 495 iumentorumque
933 452 1067 496 strage
1107 460 1230 495 quum
1271 461 1314 484 se
1347 449 1515 497 quisque

97 518 280 555 attollere
298 530 345 556 ac
363 518 494 554 levare
511 519 641 562 vellet,
668 518 735 553 diu
754 517 949 566 nequiret,
976 518 1082 566 quia,
1107 512 1360 566 torpentibus
1384 520 1515 567 rigore

96 588 241 631 nervis,
254 588 317 624 vix
333 589 495 625 flectere
512 594 620 625 artus
638 593 839 637 poterant.
882 587 1058 633 Deinde,
1077 594 1120 625 ut
1136 589 1304 625 tandem
1318 588 1514 638 agitando
1534 588 1587 629 10

98 671 186 696 sese
219 671 382 695 movere
415 671 461 695 ac
494 659 673 707 recipere
706 658 864 695 animos
898 664 938 695 et
969 659 1066 696 raris
1093 659 1193 696 locis
1220 659 1325 708 ignis
1348 659 1431 696 fieri
1456 665 1517 696 est

97 735 266 779 coeptus,
291 730 345 765 ad
373 729 545 765 alienam
573 741 693 778 opem
718 729 885 777 quisque
903 728 1023 778 inops
1041 731 1224 766 tendere.
1273 729 1447 766 Biduum
1465 743 1516 767 eo
1535 729 1583 769 11

95 802 189 838 loco
221 801 327 837 velut
359 799 515 836 obsessi
548 811 753 843 mansere;
787 799 898 836 multi
931 800 1131 844 homines,
1164 801 1289 836 multa
1321 800 1513 845 iumenta,

96 870 301 920 elephanti
333 883 496 920 quoque
529 883 577 906 ex
604 870 664 915 iis,
694 870 761 918 qui
784 870 926 919 proelio
951 872 1005 907 ad
1030 871 1220 907 Trebiam
1246 870 1354 908 facto
1379 883 1516 919 super-

97 942 268 986 fuerant,
302 946 457 990 septem
491 941 705 990 absumpti.

162 1032 165 1033 ⁷
213 1012 441 1061 Degressus
464 1012 713 1060 Appennino
741 1017 846 1048 retro
872 1013 926 1048 ad
949 1011 1195 1048 Placentiam
1222 1017 1354 1048 castra
1377 1012 1514 1056 movit,
1579 1009 1641 1054 59

95 1088 136 1120 et
166 1084 221 1119 ad
246 1084 389 1119 decem
414 1081 535 1118 millia
558 1094 797 1130 progressus
821 1082 1022 1119 consedit.
1069 1082 1240 1119 Postero
1266 1083 1332 1118 die
1356 1083 1515 1119 duode-

96 1154 172 1191 cim
194 1152 316 1189 millia
342 1152 538 1200 peditum,
573 1152 750 1200 quinque
778 1153 955 1201 equitum
981 1154 1175 1190 adversus
1199 1153 1358 1190 hostem
1384 1153 1513 1197 ducit;

94 1237 171 1262 nec
195 1222 457 1272 Sempronius
482 1222 623 1259 consul
648 1220 741 1272 (iam
775 1223 882 1260 enim
914 1224 1090 1260 redierat
1113 1225 1162 1260 ab
1187 1221 1334 1273 Roma)
1359 1224 1515 1261 detrec·
1531 1223 1556 1262 2

95 1294 191 1331 tavit
223 1299 441 1331 certamen.
490 1293 622 1341 Atque
644 1304 698 1329 eo
724 1293 791 1330 die
816 1294 889 1330 tria
918 1293 1039 1330 millia
1071 1306 1263 1343 passuum
1290 1294 1394 1330 inter
1420 1294 1515 1331 bina

95 1370 226 1402 castra
250 1364 380 1408 fuere;
414 1368 581 1412 postero
607 1363 674 1399 die
696 1363 927 1413 ingentibus
946 1364 1103 1409 animis,
1122 1365 1233 1401 vario
1252 1370 1397 1401 eventu
1415 1378 1515 1414 pug-
1531 1363 1555 1402 3

93 1441 234 1472 natum
265 1440 338 1472 est.
386 1434 520 1471 Primo
554 1446 753 1471 concursu
786 1436 894 1472 adeo
923 1447 987 1471 res
1011 1436 1198 1472 Romana
1222 1436 1404 1485 superior
1429 1436 1513 1480 fuit,

94 1511 137 1542 ut
167 1518 252 1543 non
284 1505 371 1542 acie
394 1505 601 1541 vincerent
625 1505 768 1549 solum,
793 1506 867 1541 sed
891 1506 1031 1554 pulsos
1055 1506 1194 1543 hostes
1211 1506 1250 1543 in
1271 1512 1402 1543 castra
1426 1519 1514 1555 per-

95 1581 369 1625 sequerentur,
387 1587 483 1612 mox
501 1581 631 1612 castra
649 1587 811 1623 quoque
830 1582 1128 1624 oppugnarent.
1178 1576 1397 1621 Hannibal,
1416 1590 1514 1626 pau—
1528 1574 1556 1614 4

95 1647 151 1684 cis
183 1645 552 1696 propugnatoribus
584 1645 624 1681 in
657 1646 762 1682 vallo
794 1646 1002 1694 portisque
1035 1647 1190 1695 positis,
1227 1653 1384 1684 ceteros
1417 1660 1514 1684 con-

95 1717 219 1754 fertos
250 1717 291 1753 in
323 1715 460 1752 media
489 1721 620 1752 castra
644 1716 808 1765 recepit,
837 1717 1097 1765 intentosque
1123 1717 1280 1766 signum
1307 1718 1361 1754 ad
1385 1730 1514 1754 erum—

93 1788 273 1837 pendum
307 1791 541 1835 exspectare
573 1786 696 1823 iubet.
759 1786 843 1822 Iam
876 1799 987 1823 nona
1021 1787 1144 1824 ferme
1178 1787 1258 1824 diei
1292 1788 1392 1824 hora
1415 1786 1555 1832 erat,5

94 1870 215 1906 quum
239 1858 463 1902 Romanus,
495 1857 765 1905 nequicquam
799 1857 967 1906 fatigato
995 1858 1131 1902 milite,
1164 1863 1381 1906 postquam
1406 1858 1514 1894 nulla

95 1940 188 1977 spes
221 1933 312 1964 eratv
336 1927 523 1976 potiundi
547 1928 699 1972 castris,
734 1927 891 1976 signum
915 1929 1093 1977 receptui
1119 1929 1246 1965 dedit.
1297 1928 1423 1974 Quod
1446 1929 1512 1964 ubi
1528 1927 1552 1965 (3

94 1998 300 2035 Hannibal
331 1998 489 2046 accepit
519 1998 775 2046 laxatamque
807 2011 986 2047 pugnam
1019 2004 1059 2036 et
1091 2011 1294 2036 recessum
1323 2011 1346 2034 a
1374 1999 1513 2035 castris

94 2069 204 2113 vidit,
239 2069 440 2117 extemplo
474 2068 673 2116 equitibus
706 2069 847 2105 dextra
879 2069 1058 2118 laevaque
1091 2070 1246 2106 emissis
1274 2069 1314 2105 in
1339 2069 1511 2111 hostem,

93 2140 182 2188 ipse
214 2150 303 2175 cum
335 2139 516 2188 peditum
548 2139 697 2175 robore
729 2139 874 2175 mediis
902 2140 1041 2176 castris
1067 2140 1208 2188 erupit.
1256 2140 1399 2187 Pugna
1421 2138 1552 2178 raro?

93 2209 223 2258 magis
255 2209 406 2245 ullass
427 2214 496 2245 aut
520 2209 724 2257 utriusque
756 2209 879 2257 partis
912 2210 1092 2258 pernicie
1125 2210 1268 2247 clarior
1294 2209 1447 2253 fuisset,
1481 2209 1513 2245 si

95 2279 259 2316 extendi
292 2291 381 2315 eam
415 2279 503 2315 dies
525 2279 566 2315 in
591 2279 756 2326 longum
782 2280 953 2328 spatium
980 2280 1154 2324 sivisset;
1189 2292 1271 2316 nox
1294 2292 1510 2316 accensum
1527 2278 1551 2319 8

94 2348 325 2398 ingentibus
357 2349 500 2386 animis
532 2350 713 2398 proelium
747 2350 919 2386 diremit.
973 2350 1115 2398 Itaque
1139 2350 1270 2387 acrior
1293 2360 1512 2386 concursus

96 2418 168 2455 fuit
192 2431 312 2467 quam
340 2420 487 2463 caedes,
513 2425 565 2464 et,
592 2420 693 2456 sicut
716 2425 874 2468 aequata
898 2420 1023 2457 ferme
1041 2433 1179 2469 pugna
1197 2426 1294 2464 erat,
1322 2420 1376 2455 ita
1395 2419 1511 2455 clade

95 2489 181 2538 pari
205 2489 429 2526 discessum
454 2494 527 2526 est.
580 2490 642 2526 Ab
667 2495 810 2527 neutra
832 2495 946 2538 parte
971 2491 1171 2527 sexcentis
1194 2491 1282 2539 plus
1307 2489 1511 2538 peditibus

96 2563 137 2595 et
169 2558 379 2595 dimidium
407 2559 492 2596 eius
521 2560 698 2608 equitum
723 2559 889 2604 cecidit;
924 2561 998 2597 sed
1022 2560 1149 2596 maior
1172 2560 1368 2596 Romanis
1391 2571 1510 2607 quam
1526 2559 1551 2598 9

96 2641 170 2677 pro
202 2641 370 2666 numero
394 2629 546 2666 iactura
572 2629 655 2674 fuit,
685 2630 778 2678 quia
802 2630 996 2678 equestris
1025 2630 1178 2666 ordinis
1202 2630 1356 2677 aliquot
1380 2635 1420 2666 et
1446 2629 1511 2665 tri—

1185 2695 1226 2729 4*
