1768 2943
256 113 310 153 26
676 111 781 142 Liber
806 111 898 141 XXI.
949 109 1005 152 (A.
1034 121 1065 141 u.
1092 120 1119 141 c.
1148 108 1241 151 536.)

191 243 445 287 10R0mam,
490 247 610 291 caput
651 243 758 279 orbis
798 248 1003 287 terrarum,
1048 242 1278 291 petentibus
1318 241 1534 290 quicquam
1565 243 1672 279 adeo

190 313 237 352 11
257 326 445 363 asperum
477 318 599 361 atque
631 313 801 349 arduum
826 313 964 357 videri,
999 313 1111 361 quod
1133 313 1339 362 inceptum
1361 311 1566 350 moretur?
1599 312 1672 349 Ce-

256 385 364 433 pisse
397 385 607 432 quondam
633 383 775 420 Gallos
808 396 869 428 ea,
905 395 993 432 quae
1018 383 1120 420 adiri
1143 396 1266 432 posse
1290 384 1439 420 Poenus
1465 385 1674 433 desperet;

257 455 431 503 proinde
464 459 533 491 aut
565 455 760 491 cederent
791 455 928 490 animo
953 459 1074 502 atque
1100 454 1241 490 virtute
1262 455 1374 503 genti
1397 466 1469 503 per
1492 466 1564 491 eos
1588 454 1676 491 dies

257 526 377 562 toties
400 526 461 561 -ab
495 537 538 562 se
571 525 697 567 victae,
732 530 800 561 aut
831 524 984 561 itineris
1009 525 1131 561 finem
1156 530 1320 573 sperent
1343 537 1531 574 campum
1557 525 1677 561 inter-

257 596 458 632 iacentem
492 595 629 631 Tiberi
662 607 708 632 ac
742 595 942 632 moenibus
975 595 1184 632 Romanis.

153 663 197 707 31
379 666 452 702 His
486 666 839 703 adhortationibus
872 666 1059 703 incitatos
1094 678 1266 714 corpora
1299 679 1437 703 curare
1470 672 1591 715 atque
1624 667 1678 702 ad

218 736 331 776 2iter
370 749 412 773 se
453 748 596 784 parare
635 737 757 773 iubet.
838 737 1008 773 Postero
1051 736 1118 773 die
1151 736 1356 785 profectus
1389 738 1560 774 adversa
1591 737 1679 786 ripa

259 807 450 843 Rhodani
474 807 772 843 mediterranea
791 807 932 844 Galliae
956 808 1069 856 petit,
1102 819 1187 844 non
1210 808 1304 856 quia
1320 809 1467 845 rectior
1484 809 1539 844 ad
1557 808 1678 856 Alpes

258 878 321 913 via
347 884 467 921 esset,
495 879 582 923 sed,
608 884 802 926 quantum
828 891 851 914 a
868 879 967 914 mari
989 878 1236 923 recessisset,
1263 879 1394 915 minus
1413 879 1574 915 obvium
1594 878 1679 915 fore

219 949 244 987 :5
260 950 490 986 Romanum
523 950 708 993 credens,
743 962 834 987 cum
867 962 961 998 quo,
996 949 1227 998 priusquam
1260 948 1301 985 in
1333 948 1489 986 Italiam
1517 956 1678 986 ventum

219 1019 377 1064 4f0ret,
410 1033 495 1057 non
530 1026 614 1057 erat
645 1022 686 1057 in
719 1022 855 1057 animo
889 1033 1032 1057 manus
1057 1032 1286 1057 conserere.
1351 1020 1513 1067 Quartis
1541 1021 1680 1057 castris

261 1092 315 1127 ad
339 1091 515 1128 Insulam
540 1093 734 1140 pervenit.
798 1092 855 1127 Ibi
882 1091 992 1128 Isara
1015 1091 1324 1139 Rhodanusque
1349 1104 1489 1128 amnes
1513 1091 1681 1127 diversis

262 1175 309 1198 ex
342 1162 510 1210 Alpibus
544 1163 818 1207 decurrentes,
861 1163 945 1211 agri
986 1162 1235 1210 aliquantum
1267 1163 1440 1211 amplexi
1473 1163 1683 1199 confluunt

220 1231 302 1270 5in
334 1244 477 1276 unum;
513 1234 657 1269 mediis
692 1234 844 1282 campis
877 1233 1020 1269 Insulae
1053 1244 1205 1269 nomen
1237 1233 1422 1270 inditum.
1494 1233 1683 1269 Incolunt

262 1315 390 1352 prope
416 1304 668 1353 Allobroges,
703 1317 804 1353 gens
838 1304 917 1340 iam
943 1304 1041 1340 inde
1073 1304 1181 1339 nulla
1209 1303 1365 1341 Gallica
1389 1309 1511 1353 gente
1537 1303 1682 1352 opibus

221 1374 245 1411 (ἰ
262 1379 331 1411 aut
355 1374 462 1411 fama
486 1375 665 1412 inferior.
714 1375 819 1411 Tum
845 1375 1001 1411 discors
1026 1380 1124 1410 erat.
1172 1375 1303 1423 Regni
1328 1375 1547 1412 certamine
1571 1374 1683 1410 amb-

263 1446 430 1494 igebant
472 1445 612 1482 fratres
624 1457 632 1489 ;
681 1446 810 1482 maior
853 1450 892 1482 et
935 1445 1001 1493 qui
1043 1445 1151 1494 prius
1193 1445 1453 1494 imperitaret,
1502 1445 1682 1481 Braneus

261 1516 440 1560 nomine,
475 1516 631 1552 minore
665 1517 715 1552 ab
749 1516 868 1553 fratre
894 1521 933 1552 et
960 1520 1066 1553 coetu
1090 1515 1304 1560 iuniorum,
1339 1517 1404 1565 qui
1428 1517 1512 1552 iure
1536 1515 1680 1559 minus,

223 1585 297 1624 Tvi
330 1587 417 1634 plus
450 1591 623 1634 poterat,
662 1587 898 1635 pellebatur.
969 1586 1098 1623 Huius
1132 1587 1344 1624 seditionis
1375 1590 1682 1636 peropportuna

262 1657 506 1706 disceptatio
541 1670 662 1705 quum
689 1659 742 1693 ad
768 1657 1041 1694 Hannibalem
1065 1657 1216 1693 reiecta
1240 1661 1359 1701 esset,
1393 1657 1541 1693 arbiter
1569 1657 1682 1704 regni

264 1729 406 1772 factus,
421 1729 533 1776 quod
549 1741 597 1764 ea
611 1734 774 1765 senatus
788 1728 1095 1777 principumque
1106 1728 1307 1764 sententia
1317 1727 1458 1771 fuerat,
1472 1726 1682 1775 imperium

221 1800 405 1838 &maiori
436 1799 621 1836 restituit.
685 1798 750 1835 Ob
783 1799 825 1834 id
859 1798 1043 1834 meritum
1072 1804 1302 1834 commeatu
1327 1798 1527 1846 copiaque
1552 1790 1682 1833 rerum

263 1870 455 1914 omnium,
482 1870 654 1906 maxime
679 1870 812 1912 vestis,
839 1874 900 1906 est
926 1870 1100 1912 adiutus,
1128 1880 1248 1916 quam
1271 1868 1444 1904 infames
1468 1867 1682 1917 frigoribus

222 1939 247 1977 5)
264 1941 386 1989 Alpes
426 1940 642 1988 praeparari
674 1940 891 1988 cogebant.
966 1940 1126 1975 Sedatis
1159 1938 1365 1975 Hannibal
1399 1939 1682 1975 certaminibus

262 2012 527 2060 Allobrogum
561 2023 682 2058 quum
715 2010 794 2046 iam
818 2009 941 2057 Alpes
974 2014 1142 2058 peteret,
1176 2022 1260 2046 non
1284 2015 1395 2046 recta
1418 2010 1586 2058 regione
1611 2009 1684 2046 iter

263 2082 442 2125 instituit,
478 2082 552 2118 sed
586 2082 639 2117 ad
671 2081 812 2117 laevam
835 2080 874 2116 in
902 2079 1154 2116 Tricastinos
1179 2081 1305 2124 flexit;
1340 2081 1436 2117 inde
1459 2093 1531 2129 per
1556 2085 1683 2116 extre-

265 2165 370 2189 mam
391 2164 504 2188 oram
523 2152 820 2188 Vocontiorum
839 2151 922 2199 agri
941 2150 1071 2187 tendit
1089 2151 1129 2187 in
1148 2150 1366 2195 Tricorios,
1386 2151 1497 2187 haud
1513 2162 1682 2198 usquam

196 2222 250 2262 IO
264 2223 459 2271 impedita
491 2222 567 2266 via,
604 2222 835 2270 priusquam
869 2222 923 2257 ad
951 2221 1189 2258 Druentiam
1222 2222 1371 2258 flumen
1398 2220 1593 2270 pervenit.
1646 2220 1683 2257 Is

264 2299 304 2329 et
337 2293 425 2342 ipse
459 2293 627 2341 Alpinus
660 2294 791 2329 amnis
824 2293 946 2341 longe
980 2293 1158 2328 omnium
1192 2291 1334 2329 Galliae
1367 2291 1574 2327 fluminum
1607 2290 1684 2326 dif-

265 2364 458 2401 ficillimus
486 2364 653 2400 transitu
682 2360 765 2406 est}
800 2376 893 2400 nam
922 2376 1043 2411 quum
1072 2375 1187 2411 aquae
1214 2363 1291 2398 vim
1316 2363 1436 2398 vehat
1461 2361 1681 2410 ingentem,

196 2434 241 2473 11
262 2447 347 2472 non
386 2440 523 2471 tamen
564 2434 723 2471 navium
763 2435 922 2482 patiens
955 2440 1027 2478 est,
1069 2433 1163 2481 quia
1194 2433 1310 2469 nullis
1344 2434 1542 2470 coercitus
1573 2433 1682 2481 ripis,

264 2506 440 2554 pluribus
470 2505 584 2543 simul
612 2517 744 2552 neque
768 2505 913 2541 iisdem
937 2504 1059 2540 alveis
1085 2504 1226 2547 fluens,
1261 2515 1368 2540 nova
1394 2516 1553 2552 semper
1578 2503 1683 2539 vada

264 2588 474 2624 novosque
513 2576 690 2625 gurgites
730 2573 785 2626 (et
817 2576 869 2611 ob
903 2575 1050 2611 eadem
1082 2575 1208 2622 pediti
1242 2586 1405 2622 quoque
1435 2568 1590 2611 incerta
1621 2573 1684 2609 via

264 2644 352 2696 est),
387 2647 440 2682 ad
474 2647 550 2683 hoc
585 2659 682 2683 saxa
713 2646 901 2695 glareosa
934 2646 1112 2688 volvens,
1147 2645 1242 2681 nihil
1276 2645 1418 2682 stabile
1439 2656 1526 2681 ,nec
1556 2649 1683 2680 tutum
