1789 2955
255 89 307 126 82
644 83 759 119 Liber
785 82 953 118 xxvn.
1001 83 1062 127 (A.
1089 95 1124 119 u.
1151 94 1180 118 ο.
1206 84 1301 127 545.)

251 213 494 262 Hispaniam
525 224 680 249 omnem
713 214 916 249 averterat
946 211 997 248 ad
1013 210 1242 248 Romanum
1272 224 1295 247 a
1323 210 1479 248 Punico
1510 211 1693 260 imperio,

215 285 380 323 3traxit
411 297 510 321 eum.
570 283 722 320 Eadem
755 296 874 320 causa
905 282 1079 320 Indibili
1110 281 1412 331 Mandonioque
1444 282 1540 328 fuit,
1587 282 1695 319 haud

259 357 380 394 dubie
397 355 523 393 omnis
541 354 753 404 Hispaniae
769 355 1033 405 principibus,
1062 367 1151 391 cum
1168 354 1275 391 omni
1291 354 1546 403 popularium
1563 367 1695 400 manu,

257 428 398 465 relicto
411 426 682 475 Hasdrubale,
701 425 911 463 secedendi
927 426 969 463 in
986 427 1236 463 imminentes
1253 426 1393 463 castris
1411 425 1494 463 eius
1510 426 1697 472 tumulos,

256 500 363 537 unde
393 512 466 549 per
498 498 746 537 continentia
777 497 873 546 iuga
903 501 1015 534 tutus
1046 501 1232 547 receptus
1263 498 1313 534 ad
1349 497 1552 536 Romanos
1583 501 1696 535 esset.

218 572 243 608 4
262 571 508 618 Hasdrubal,
540 583 662 620 quum
698 569 872 607 hostium
917 582 979 606 res
1017 569 1141 606 tantis
1182 582 1395 618 augescere
1441 568 1698 606 incrementis

261 647 453 689 cerneret,
472 655 562 680 suas
580 642 774 688 imminui,
792 655 837 678 ac
853 641 949 687 fore,
973 644 1028 687 ut,
1046 641 1123 678 nisi
1139 640 1325 678 audendo
1342 641 1498 691 aliquid
1511 644 1698 687 moveret,

221 714 243 751 5
263 729 342 765 qua
359 715 585 764 coepissent,
615 713 796 760 fluerent,
813 713 1003 750 dimicare
1027 725 1147 762 quam
1162 713 1334 763 primum
1361 713 1514 752 statuit.
1564 711 1698 762 Scipio

263 788 421 826 avidior
454 787 575 824 etiam
606 786 836 823 certaminis
869 788 973 831 erat,
1022 797 1143 834 quum
1175 798 1197 822 a
1229 798 1317 834 spe,
1348 798 1467 834 quam
1498 797 1702 822 successus

260 873 392 896 rerum
423 859 616 908 augebat,
660 862 745 895 tum
791 857 918 907 quod,
963 857 1200 906 priusquam
1232 857 1495 905 iungerentur
1525 856 1700 894 hostium

259 932 471 978 exercitus,
517 943 606 967 cum
637 943 716 967 uno
750 929 941 967 dimicare
979 929 1078 967 duce
1110 929 1369 979 exercituque
1415 941 1535 978 quam
1582 928 1701 966 simul

226 1006 248 1039 b·
267 1016 355 1039 cum
387 1002 584 1040 universis
602 1002 785 1039 malebat.
833 1002 1030 1048 Ceterum,
1062 1001 1220 1039 etiamsi
1240 1014 1329 1038 cum
1346 1001 1530 1051 pluribus
1547 1001 1701 1050 pariter

261 1074 535 1111 dimicandum
575 1074 692 1119 foret,
724 1077 810 1111 arte
841 1073 1014 1123 quadam
1047 1074 1185 1123 copias
1217 1077 1393 1110 auxerat.
1445 1072 1548 1111 Nam
1580 1086 1702 1123 quum

261 1146 430 1192 videret,
461 1145 616 1182 nullum
649 1159 732 1183 esse
749 1146 910 1183 navium
927 1159 1054 1194 usum,
1080 1146 1175 1195 quia
1198 1158 1324 1183 vacua
1348 1144 1475 1182 omnis
1492 1144 1703 1194 Hispaniae

264 1231 334 1256 ora
351 1218 545 1255 classibus
562 1217 728 1255 Punicis
745 1222 843 1264 erat,
868 1217 1076 1255 subductis
1101 1217 1270 1255 navibus
1287 1216 1526 1266 Tarracone,
1543 1217 1704 1254 navales

225 1292 246 1327 7
265 1290 393 1328 socios
423 1290 684 1327 terrestribus
717 1290 843 1340 copiis
868 1289 1048 1336 addidit3
1081 1293 1119 1327 et
1145 1302 1347 1327 armorum
1373 1288 1523 1326 affatim
1549 1292 1635 1326 erat
1667 1291 1704 1325 et

264 1366 471 1412 captorum
504 1361 747 1411 Carthagine
779 1365 819 1399 et
849 1374 938 1411 quae
970 1364 1061 1411 post
1093 1364 1248 1411 captam
1291 1374 1377 1398 eam
1409 1361 1559 1397 fecerat
1589 1363 1703 1396 tanto

214 1435 238 1470 8
257 1434 446 1484 opificum
477 1446 641 1471 numero
674 1433 844 1472 incluso.
893 1433 992 1471 Cum
1009 1433 1058 1470 iis
1077 1433 1202 1483 copiis
1221 1432 1358 1483 Scipio
1375 1432 1481 1470 veris
1499 1431 1703 1482 principio

265 1506 316 1544 ab
343 1506 568 1544 Tarracone
594 1518 775 1554 egressus
802 1505 899 1553 (iam
919 1506 1023 1542 enim
1051 1508 1090 1542 et
1114 1505 1265 1542 Laelius
1291 1504 1465 1542 redierat
1488 1504 1538 1542 ab
1566 1503 1705 1549 Roma,

264 1579 350 1616 sine
382 1591 461 1628 quo
493 1578 596 1615 nihil
628 1578 792 1615 maioris
824 1578 882 1613 rei
914 1580 1065 1614 motum
1096 1574 1278 1628 volebat)
1306 1576 1449 1614 ducere
1477 1575 1527 1613 ad
1551 1576 1706 1613 hostem

230 1652 251 1687 9
271 1650 414 1700 pergit.
474 1649 555 1686 Per
603 1650 733 1686 omnia
764 1653 906 1698 pacata
951 1649 1087 1696 eunti,
1132 1653 1177 1686 ut
1216 1649 1406 1698 cuiusque
1438 1647 1578 1698 populi
1608 1647 1706 1685 fines

264 1721 467 1768 transiret,
498 1721 834 1771 prosequentibus
865 1721 1240 1771 excipientibusque
1279 1720 1409 1767 sociis,
1440 1719 1636 1758 Indibilis
1667 1723 1707 1756 et

202 1795 252 1832 10
268 1793 514 1832 Mandonius
531 1807 620 1830 cum
636 1794 718 1831 suis
736 1794 861 1843 copiis
879 1797 1151 1830 occurrerunt.
1162 1793 1354 1830 Indibilis
1370 1805 1443 1842 pro
1460 1794 1631 1841 utroque
1648 1791 1705 1829 lo-

270 1869 396 1913 cutus,
427 1866 736 1915 haudquaquam
764 1869 811 1903 ut
831 1865 1028 1903 barbarus
1055 1865 1201 1903 stolide
1226 1865 1447 1910 incauteve,
1473 1863 1541 1901 sed
1571 1863 1707 1913 potius

269 1951 358 1975 cum
375 1937 617 1975 verecundia
640 1950 687 1975 ac
704 1937 914 1985 gravitate,
943 1937 1187 1987 propiorque
1204 1935 1412 1974 excusanti
1428 1935 1707 1973 transitionem

266 2013 312 2047 ut
335 2009 599 2047 necessariam
630 2022 749 2059 quam
773 2009 977 2057 glorianti,
1009 2022 1094 2047 eam
1117 2009 1229 2047 velut
1257 2008 1426 2058 primam
1458 2008 1705 2046 occasionem

200 2081 248 2119 11
267 2084 440 2132 raptam:
472 2081 574 2119 scire
605 2081 711 2118 enim
742 2094 794 2127 se,
824 2081 1042 2130 transfugae
1065 2094 1209 2119 nomen
1236 2080 1483 2118 exsecrabile
1499 2079 1707 2118 veteribus

268 2154 403 2201 sociis,
420 2154 533 2192 novis
550 2156 776 2202 suspectum
796 2165 899 2199 esse;
930 2167 1059 2203 neque
1084 2166 1172 2191 eum
1189 2166 1230 2190 se
1246 2151 1540 2203 reprehendere
1557 2164 1705 2189 morem

268 2226 486 2273 hominum,
526 2225 561 2262 si
590 2228 722 2262 tamen
769 2238 913 2274 anceps
945 2225 1082 2263 odium
1114 2238 1243 2272 causa,
1288 2238 1368 2262 non
1399 2237 1543 2262 nomen
1573 2223 1706 2262 faciat.

203 2297 253 2334 12
271 2298 420 2335 Merita
464 2297 557 2335 inde
602 2309 673 2334 sua
718 2295 758 2332 in
806 2296 925 2333 duces
971 2296 1325 2346 Carthaginienses
1371 2294 1708 2341 commemoravit,

271 2369 481 2408 avaritiam
499 2372 637 2406 contra
654 2381 791 2405 eorum
808 2368 1117 2418 superbiamque
1145 2373 1183 2406 et
1200 2368 1326 2406 omnis
1348 2367 1508 2417 generis
1535 2366 1706 2404 iniurias

197 2441 248 2479 13
266 2441 306 2478 in
323 2455 363 2479 se
380 2444 500 2491 atque
517 2440 745 2490 populares.
776 2439 921 2489 Itaque
939 2454 1083 2490 corpus
1108 2440 1316 2478 dumtaxat
1343 2452 1456 2477 suum
1483 2439 1533 2476 ad
1551 2438 1593 2475 id
1609 2442 1705 2476 tem-

269 2525 343 2562 pus
360 2512 468 2562 apud
485 2525 551 2550 eos
567 2512 708 2559 fuisse;
739 2511 916 2550 animum
934 2512 1013 2549 iam
1031 2512 1189 2561 pridem
1206 2511 1266 2549 ibi
1293 2524 1388 2558 esse,
1414 2510 1487 2548 ubi
1511 2511 1572 2548 ius
1590 2523 1633 2549 ac
1647 2511 1706 2548 fas

270 2584 480 2622 crederent
519 2585 609 2623 coli.
671 2583 741 2622 Ad
783 2583 878 2621 deos
919 2596 1079 2633 quoque
1125 2583 1341 2632 confugere
1384 2582 1598 2633 supplices,
1639 2582 1706 2631 qui

198 2655 249 2692 14
268 2659 472 2705 nequeant
502 2656 706 2694 hominum
736 2656 817 2694 vim
848 2659 968 2706 atque
1001 2656 1170 2693 iniurias
1201 2655 1309 2706 pati3
1343 2668 1383 2693 se
1416 2654 1457 2692 id
1476 2653 1706 2704 Scipionem
