<?xml version="1.0" encoding="UTF-8"?>
<!DOCTYPE html PUBLIC "-//W3C//DTD XHTML 1.0 Transitional//EN"
    "http://www.w3.org/TR/xhtml1/DTD/xhtml1-transitional.dtd">
<html xmlns="http://www.w3.org/1999/xhtml" xml:lang="en" lang="en">
 <head>
  <title>
</title>
<meta http-equiv="Content-Type" content="text/html;charset=utf-8" />
  <meta name='ocr-system' content='tesseract 3.04.00' />
  <meta name='ocr-capabilities' content='ocr_page ocr_carea ocr_par ocr_line ocrx_word'/>
</head>
<body>
  <div class='ocr_page' id='page_1' title='image "./historiarumroman02livyuoft_0053.png"; bbox 0 0 1768 2943; ppageno 0'>
   <div class='ocr_carea' id='block_1_1' title="bbox 538 109 1508 154">
    <p class='ocr_par' dir='ltr' id='par_1_1' title="bbox 538 109 1508 154">
     <span class='ocr_line' id='line_1_1' title="bbox 538 109 1508 154; baseline 0.007 -12"><span class='ocrx_word' id='word_1_1' title='bbox 538 112 643 142; x_wconf 74' lang='lat' dir='ltr'>Liber</span> <span class='ocrx_word' id='word_1_2' title='bbox 678 112 769 141; x_wconf 78' lang='lat' dir='ltr'>xxr.</span> <span class='ocrx_word' id='word_1_3' title='bbox 798 109 852 153; x_wconf 83' lang='lat' dir='ltr'>(A.</span> <span class='ocrx_word' id='word_1_4' title='bbox 882 111 943 141; x_wconf 87' lang='lat' dir='ltr'>Ch.</span> <span class='ocrx_word' id='word_1_5' title='bbox 976 111 1072 153; x_wconf 77' lang='lat'>218.)</span> <span class='ocrx_word' id='word_1_6' title='bbox 1455 113 1508 154; x_wconf 83' lang='lat'>13</span> 
     </span>
    </p>
   </div>
   <div class='ocr_carea' id='block_1_2' title="bbox 87 241 1548 2686">
    <p class='ocr_par' dir='ltr' id='par_1_2' title="bbox 89 241 1548 1208">
     <span class='ocr_line' id='line_1_2' title="bbox 95 241 1509 290; baseline 0.001 -10"><span class='ocrx_word' id='word_1_7' title='bbox 95 243 367 281; x_wconf 87' lang='lat' dir='ltr'>Hannibalem</span> <span class='ocrx_word' id='word_1_8' title='bbox 391 242 666 286; x_wconf 86' lang='lat' dir='ltr'>concessisse;</span> <span class='ocrx_word' id='word_1_9' title='bbox 691 241 832 290; x_wconf 89' lang='lat' dir='ltr'>quinto</span> <span class='ocrx_word' id='word_1_10' title='bbox 859 242 1011 278; x_wconf 88' lang='lat' dir='ltr'>deinde</span> <span class='ocrx_word' id='word_1_11' title='bbox 1029 254 1183 287; x_wconf 89' lang='lat' dir='ltr'>mense,</span> <span class='ocrx_word' id='word_1_12' title='bbox 1202 255 1324 290; x_wconf 90' lang='lat' dir='ltr'>quam</span> <span class='ocrx_word' id='word_1_13' title='bbox 1342 245 1393 280; x_wconf 92' lang='lat' dir='ltr'>ab</span> <span class='ocrx_word' id='word_1_14' title='bbox 1413 244 1509 281; x_wconf 87' lang='lat' dir='ltr'>Car-</span> 
     </span>
     <span class='ocr_line' id='line_1_3' title="bbox 96 311 1548 363; baseline 0.001 -12"><span class='ocrx_word' id='word_1_15' title='bbox 96 314 259 363; x_wconf 81' lang='lat' dir='ltr'>thagine</span> <span class='ocrx_word' id='word_1_16' title='bbox 284 313 489 362; x_wconf 81' lang='lat' dir='ltr'>profectus</span> <span class='ocrx_word' id='word_1_17' title='bbox 515 313 576 357; x_wconf 91' lang='lat' dir='ltr'>sit,</span> <span class='ocrx_word' id='word_1_18' title='bbox 604 313 645 348; x_wconf 92' lang='lat' dir='ltr'>in</span> <span class='ocrx_word' id='word_1_19' title='bbox 662 311 818 348; x_wconf 86' lang='lat' dir='ltr'>Italiam</span> <span class='ocrx_word' id='word_1_20' title='bbox 835 312 1082 360; x_wconf 88' lang='lat' dir='ltr'>pervenisse.</span> <span class='ocrx_word' id='word_1_21' title='bbox 1132 312 1232 358; x_wconf 87' lang='lat' dir='ltr'>Quae</span> <span class='ocrx_word' id='word_1_22' title='bbox 1252 314 1283 349; x_wconf 87' lang='lat' dir='ltr'>si</span> <span class='ocrx_word' id='word_1_23' title='bbox 1316 314 1371 350; x_wconf 91' lang='lat' dir='ltr'>ita</span> <span class='ocrx_word' id='word_1_24' title='bbox 1403 312 1548 359; x_wconf 82' lang='lat' dir='ltr'>sunt‚4</span> 
     </span>
     <span class='ocr_line' id='line_1_4' title="bbox 96 382 1509 432; baseline 0 -10"><span class='ocrx_word' id='word_1_25' title='bbox 96 385 178 422; x_wconf 87' lang='lat' dir='ltr'>fieri</span> <span class='ocrx_word' id='word_1_26' title='bbox 210 396 295 422; x_wconf 88' lang='lat' dir='ltr'>non</span> <span class='ocrx_word' id='word_1_27' title='bbox 327 383 476 432; x_wconf 88' lang='lat' dir='ltr'>potuit,</span> <span class='ocrx_word' id='word_1_28' title='bbox 517 388 560 419; x_wconf 91' lang='lat' dir='ltr'>ut</span> <span class='ocrx_word' id='word_1_29' title='bbox 591 383 634 419; x_wconf 92' lang='lat' dir='ltr'>P.</span> <span class='ocrx_word' id='word_1_30' title='bbox 669 382 894 427; x_wconf 88' lang='lat' dir='ltr'>Cornelius,</span> <span class='ocrx_word' id='word_1_31' title='bbox 929 383 992 419; x_wconf 90' lang='lat' dir='ltr'>Ti.</span> <span class='ocrx_word' id='word_1_32' title='bbox 1027 383 1289 431; x_wconf 83' lang='lat' dir='ltr'>Sempronius</span> <span class='ocrx_word' id='word_1_33' title='bbox 1322 387 1509 422; x_wconf 88' lang='lat' dir='ltr'>consules</span> 
     </span>
     <span class='ocr_line' id='line_1_5' title="bbox 98 453 1509 502; baseline 0.001 -11"><span class='ocrx_word' id='word_1_34' title='bbox 98 455 254 498; x_wconf 87' lang='lat' dir='ltr'>fuerint,</span> <span class='ocrx_word' id='word_1_35' title='bbox 289 455 343 490; x_wconf 91' lang='lat' dir='ltr'>ad</span> <span class='ocrx_word' id='word_1_36' title='bbox 375 465 478 502; x_wconf 92' lang='lat' dir='ltr'>quos</span> <span class='ocrx_word' id='word_1_37' title='bbox 512 459 552 490; x_wconf 93' lang='lat' dir='ltr'>et</span> <span class='ocrx_word' id='word_1_38' title='bbox 583 453 783 502; x_wconf 89' lang='lat' dir='ltr'>principio</span> <span class='ocrx_word' id='word_1_39' title='bbox 810 453 1128 502; x_wconf 79' lang='lat' dir='ltr'>oppugnationis</span> <span class='ocrx_word' id='word_1_40' title='bbox 1153 454 1274 502; x_wconf 87' lang='lat' dir='ltr'>legati</span> <span class='ocrx_word' id='word_1_41' title='bbox 1299 454 1509 502; x_wconf 81' lang='lat' dir='ltr'>Saguntini</span> 
     </span>
     <span class='ocr_line' id='line_1_6' title="bbox 94 523 1509 572; baseline 0 -11"><span class='ocrx_word' id='word_1_42' title='bbox 94 524 203 561; x_wconf 91' lang='lat' dir='ltr'>missi</span> <span class='ocrx_word' id='word_1_43' title='bbox 231 524 310 561; x_wconf 91' lang='lat' dir='ltr'>sint</span> <span class='ocrx_word' id='word_1_44' title='bbox 336 529 377 560; x_wconf 87' lang='lat' dir='ltr'>et</span> <span class='ocrx_word' id='word_1_45' title='bbox 401 524 468 572; x_wconf 90' lang='lat' dir='ltr'>qui</span> <span class='ocrx_word' id='word_1_46' title='bbox 496 524 536 560; x_wconf 90' lang='lat' dir='ltr'>in</span> <span class='ocrx_word' id='word_1_47' title='bbox 571 535 643 560; x_wconf 92' lang='lat' dir='ltr'>suo</span> <span class='ocrx_word' id='word_1_48' title='bbox 677 524 911 572; x_wconf 86' lang='lat' dir='ltr'>magistratu</span> <span class='ocrx_word' id='word_1_49' title='bbox 938 536 1029 560; x_wconf 90' lang='lat' dir='ltr'>cum</span> <span class='ocrx_word' id='word_1_50' title='bbox 1053 523 1298 568; x_wconf 82' lang='lat' dir='ltr'>Hannibale,</span> <span class='ocrx_word' id='word_1_51' title='bbox 1332 525 1431 561; x_wconf 88' lang='lat' dir='ltr'>alter</span> <span class='ocrx_word' id='word_1_52' title='bbox 1455 527 1509 562; x_wconf 91' lang='lat' dir='ltr'>ad</span> 
     </span>
     <span class='ocr_line' id='line_1_7' title="bbox 92 593 1509 644; baseline 0.001 -13"><span class='ocrx_word' id='word_1_53' title='bbox 92 595 278 631; x_wconf 88' lang='lat' dir='ltr'>Ticinum</span> <span class='ocrx_word' id='word_1_54' title='bbox 303 607 484 639; x_wconf 88' lang='lat' dir='ltr'>amnem,</span> <span class='ocrx_word' id='word_1_55' title='bbox 511 595 633 630; x_wconf 90' lang='lat' dir='ltr'>ambo</span> <span class='ocrx_word' id='word_1_56' title='bbox 652 593 860 641; x_wconf 81' lang='lat' dir='ltr'>aliquanto</span> <span class='ocrx_word' id='word_1_57' title='bbox 879 599 972 642; x_wconf 87' lang='lat' dir='ltr'>post</span> <span class='ocrx_word' id='word_1_58' title='bbox 990 595 1044 630; x_wconf 90' lang='lat' dir='ltr'>ad</span> <span class='ocrx_word' id='word_1_59' title='bbox 1062 594 1252 631; x_wconf 83' lang='lat' dir='ltr'>Trebiam</span> <span class='ocrx_word' id='word_1_60' title='bbox 1265 622 1273 638; x_wconf 89' lang='lat'><strong><em>‚</em></strong></span> <span class='ocrx_word' id='word_1_61' title='bbox 1303 607 1509 644; x_wconf 89' lang='lat' dir='ltr'>pugnave-</span> 
     </span>
     <span class='ocr_line' id='line_1_8' title="bbox 93 662 1547 714; baseline 0.001 -13"><span class='ocrx_word' id='word_1_62' title='bbox 93 666 182 702; x_wconf 87' lang='lat' dir='ltr'>rint.</span> <span class='ocrx_word' id='word_1_63' title='bbox 245 666 326 701; x_wconf 87' lang='lat' dir='ltr'>Aut</span> <span class='ocrx_word' id='word_1_64' title='bbox 363 664 500 701; x_wconf 90' lang='lat' dir='ltr'>omnia</span> <span class='ocrx_word' id='word_1_65' title='bbox 538 665 722 701; x_wconf 87' lang='lat' dir='ltr'>breviora</span> <span class='ocrx_word' id='word_1_66' title='bbox 760 665 968 712; x_wconf 90' lang='lat' dir='ltr'>aliquanto</span> <span class='ocrx_word' id='word_1_67' title='bbox 1010 665 1133 710; x_wconf 90' lang='lat' dir='ltr'>fuere,</span> <span class='ocrx_word' id='word_1_68' title='bbox 1175 670 1244 701; x_wconf 89' lang='lat' dir='ltr'>aut</span> <span class='ocrx_word' id='word_1_69' title='bbox 1282 662 1547 714; x_wconf 64' lang='lat' dir='ltr'>Saguntum-⁷)</span> 
     </span>
     <span class='ocr_line' id='line_1_9' title="bbox 92 734 1508 785; baseline 0.001 -13"><span class='ocrx_word' id='word_1_70' title='bbox 92 735 289 785; x_wconf 90' lang='lat' dir='ltr'>principio</span> <span class='ocrx_word' id='word_1_71' title='bbox 323 735 438 779; x_wconf 89' lang='lat' dir='ltr'>anni,</span> <span class='ocrx_word' id='word_1_72' title='bbox 473 747 554 783; x_wconf 91' lang='lat' dir='ltr'>quo</span> <span class='ocrx_word' id='word_1_73' title='bbox 587 736 630 772; x_wconf 90' lang='lat' dir='ltr'>P.</span> <span class='ocrx_word' id='word_1_74' title='bbox 666 734 891 779; x_wconf 84' lang='lat' dir='ltr'>Cornelius,</span> <span class='ocrx_word' id='word_1_75' title='bbox 926 735 989 771; x_wconf 92' lang='lat' dir='ltr'>Ti.</span> <span class='ocrx_word' id='word_1_76' title='bbox 1024 735 1287 784; x_wconf 81' lang='lat' dir='ltr'>Sempronius</span> <span class='ocrx_word' id='word_1_77' title='bbox 1320 737 1508 773; x_wconf 82' lang='lat' dir='ltr'>consules</span> 
     </span>
     <span class='ocr_line' id='line_1_10' title="bbox 91 804 1544 855; baseline 0.001 -13"><span class='ocrx_word' id='word_1_78' title='bbox 91 806 262 850; x_wconf 87' lang='lat' dir='ltr'>fuerunt,</span> <span class='ocrx_word' id='word_1_79' title='bbox 288 818 373 842; x_wconf 91' lang='lat' dir='ltr'>non</span> <span class='ocrx_word' id='word_1_80' title='bbox 396 811 573 854; x_wconf 88' lang='lat' dir='ltr'>coeptum</span> <span class='ocrx_word' id='word_1_81' title='bbox 593 807 821 855; x_wconf 86' lang='lat' dir='ltr'>oppugnari</span> <span class='ocrx_word' id='word_1_82' title='bbox 839 811 912 850; x_wconf 89' lang='lat' dir='ltr'>est,</span> <span class='ocrx_word' id='word_1_83' title='bbox 939 806 1012 842; x_wconf 89' lang='lat' dir='ltr'>sed</span> <span class='ocrx_word' id='word_1_84' title='bbox 1031 811 1206 854; x_wconf 86' lang='lat' dir='ltr'>captum.</span> <span class='ocrx_word' id='word_1_85' title='bbox 1246 805 1351 843; x_wconf 92' lang='lat' dir='ltr'>Nam</span> <span class='ocrx_word' id='word_1_86' title='bbox 1370 804 1544 844; x_wconf 73' lang='lat' dir='ltr'>exces-(3</span> 
     </span>
     <span class='ocr_line' id='line_1_11' title="bbox 92 875 1508 925; baseline 0.001 -12"><span class='ocrx_word' id='word_1_87' title='bbox 92 877 190 914; x_wconf 89' lang='lat' dir='ltr'>sisse</span> <span class='ocrx_word' id='word_1_88' title='bbox 229 888 367 925; x_wconf 87' lang='lat' dir='ltr'>pugna</span> <span class='ocrx_word' id='word_1_89' title='bbox 404 877 459 912; x_wconf 90' lang='lat' dir='ltr'>ad</span> <span class='ocrx_word' id='word_1_90' title='bbox 491 876 683 913; x_wconf 89' lang='lat' dir='ltr'>Trebiam</span> <span class='ocrx_word' id='word_1_91' title='bbox 715 877 756 913; x_wconf 90' lang='lat' dir='ltr'>in</span> <span class='ocrx_word' id='word_1_92' title='bbox 788 889 940 914; x_wconf 90' lang='lat' dir='ltr'>annum</span> <span class='ocrx_word' id='word_1_93' title='bbox 974 875 1048 912; x_wconf 90' lang='lat' dir='ltr'>Cn.</span> <span class='ocrx_word' id='word_1_94' title='bbox 1083 876 1233 912; x_wconf 88' lang='lat' dir='ltr'>Servilii</span> <span class='ocrx_word' id='word_1_95' title='bbox 1267 882 1307 913; x_wconf 88' lang='lat' dir='ltr'>et</span> <span class='ocrx_word' id='word_1_96' title='bbox 1339 877 1385 915; x_wconf 87' lang='lat' dir='ltr'>C.</span> <span class='ocrx_word' id='word_1_97' title='bbox 1419 879 1508 915; x_wconf 90' lang='lat' dir='ltr'>Fla-</span> 
     </span>
     <span class='ocr_line' id='line_1_12' title="bbox 91 946 1505 995; baseline 0.001 -11"><span class='ocrx_word' id='word_1_98' title='bbox 91 947 202 984; x_wconf 89' lang='lat' dir='ltr'>minii</span> <span class='ocrx_word' id='word_1_99' title='bbox 226 959 312 984; x_wconf 89' lang='lat' dir='ltr'>non</span> <span class='ocrx_word' id='word_1_100' title='bbox 334 952 482 995; x_wconf 91' lang='lat' dir='ltr'>potest,</span> <span class='ocrx_word' id='word_1_101' title='bbox 509 947 602 995; x_wconf 88' lang='lat' dir='ltr'>quia</span> <span class='ocrx_word' id='word_1_102' title='bbox 622 946 667 984; x_wconf 93' lang='lat' dir='ltr'>C.</span> <span class='ocrx_word' id='word_1_103' title='bbox 694 947 913 984; x_wconf 86' lang='lat' dir='ltr'>Flaminius</span> <span class='ocrx_word' id='word_1_104' title='bbox 937 946 1103 983; x_wconf 87' lang='lat' dir='ltr'>Arimini</span> <span class='ocrx_word' id='word_1_105' title='bbox 1129 948 1383 984; x_wconf 85' lang='lat' dir='ltr'>consulatum</span> <span class='ocrx_word' id='word_1_106' title='bbox 1407 948 1505 993; x_wconf 87' lang='lat' dir='ltr'>iniit,</span> 
     </span>
     <span class='ocr_line' id='line_1_13' title="bbox 91 1017 1507 1066; baseline 0.001 -12"><span class='ocrx_word' id='word_1_107' title='bbox 91 1023 248 1055; x_wconf 89' lang='lat' dir='ltr'>creatus</span> <span class='ocrx_word' id='word_1_108' title='bbox 278 1030 302 1054; x_wconf 90' lang='lat' dir='ltr'>a</span> <span class='ocrx_word' id='word_1_109' title='bbox 326 1017 389 1054; x_wconf 87' lang='lat' dir='ltr'>Ti.</span> <span class='ocrx_word' id='word_1_110' title='bbox 415 1018 657 1066; x_wconf 88' lang='lat' dir='ltr'>Sempronio</span> <span class='ocrx_word' id='word_1_111' title='bbox 684 1019 869 1062; x_wconf 90' lang='lat' dir='ltr'>consule,</span> <span class='ocrx_word' id='word_1_112' title='bbox 903 1017 969 1065; x_wconf 91' lang='lat' dir='ltr'>qui</span> <span class='ocrx_word' id='word_1_113' title='bbox 994 1023 1087 1066; x_wconf 89' lang='lat' dir='ltr'>post</span> <span class='ocrx_word' id='word_1_114' title='bbox 1118 1029 1298 1065; x_wconf 87' lang='lat' dir='ltr'>pugnam</span> <span class='ocrx_word' id='word_1_115' title='bbox 1329 1019 1383 1054; x_wconf 90' lang='lat' dir='ltr'>ad</span> <span class='ocrx_word' id='word_1_116' title='bbox 1408 1019 1507 1055; x_wconf 89' lang='lat' dir='ltr'>Tre-</span> 
     </span>
     <span class='ocr_line' id='line_1_14' title="bbox 90 1088 1506 1136; baseline 0.001 -12"><span class='ocrx_word' id='word_1_117' title='bbox 90 1088 197 1124; x_wconf 89' lang='lat' dir='ltr'>biam</span> <span class='ocrx_word' id='word_1_118' title='bbox 229 1089 284 1124; x_wconf 90' lang='lat' dir='ltr'>ad</span> <span class='ocrx_word' id='word_1_119' title='bbox 316 1089 518 1124; x_wconf 89' lang='lat' dir='ltr'>creandos</span> <span class='ocrx_word' id='word_1_120' title='bbox 552 1089 740 1125; x_wconf 89' lang='lat' dir='ltr'>consules</span> <span class='ocrx_word' id='word_1_121' title='bbox 762 1089 936 1125; x_wconf 86' lang='lat' dir='ltr'>Romam</span> <span class='ocrx_word' id='word_1_122' title='bbox 959 1100 1082 1136; x_wconf 86' lang='lat' dir='ltr'>quum</span> <span class='ocrx_word' id='word_1_123' title='bbox 1110 1088 1299 1132; x_wconf 86' lang='lat' dir='ltr'>venisset,</span> <span class='ocrx_word' id='word_1_124' title='bbox 1334 1089 1506 1125; x_wconf 89' lang='lat' dir='ltr'>comitiis</span> 
     </span>
     <span class='ocr_line' id='line_1_15' title="bbox 89 1158 1053 1208; baseline 0 -13"><span class='ocrx_word' id='word_1_125' title='bbox 89 1158 279 1208; x_wconf 90' lang='lat' dir='ltr'>perfectis</span> <span class='ocrx_word' id='word_1_126' title='bbox 312 1160 366 1195; x_wconf 88' lang='lat' dir='ltr'>ad</span> <span class='ocrx_word' id='word_1_127' title='bbox 399 1159 617 1195; x_wconf 87' lang='lat' dir='ltr'>exercitum</span> <span class='ocrx_word' id='word_1_128' title='bbox 648 1159 689 1195; x_wconf 90' lang='lat' dir='ltr'>in</span> <span class='ocrx_word' id='word_1_129' title='bbox 722 1159 890 1195; x_wconf 87' lang='lat' dir='ltr'>hiberna</span> <span class='ocrx_word' id='word_1_130' title='bbox 922 1159 1053 1195; x_wconf 86' lang='lat' dir='ltr'>rediit.</span> 
     </span>
    </p>

    <p class='ocr_par' dir='ltr' id='par_1_3' title="bbox 87 1229 1545 2475">
     <span class='ocr_line' id='line_1_16' title="bbox 206 1229 1504 1279; baseline 0.002 -14"><span class='ocrx_word' id='word_1_131' title='bbox 206 1229 288 1266; x_wconf 92' lang='lat' dir='ltr'>Sub</span> <span class='ocrx_word' id='word_1_132' title='bbox 318 1229 428 1265; x_wconf 91' lang='lat' dir='ltr'>idem</span> <span class='ocrx_word' id='word_1_133' title='bbox 457 1229 541 1265; x_wconf 89' lang='lat' dir='ltr'>fere</span> <span class='ocrx_word' id='word_1_134' title='bbox 572 1235 730 1278; x_wconf 89' lang='lat' dir='ltr'>tempus</span> <span class='ocrx_word' id='word_1_135' title='bbox 761 1235 802 1266; x_wconf 86' lang='lat' dir='ltr'>et</span> <span class='ocrx_word' id='word_1_136' title='bbox 829 1230 970 1279; x_wconf 84' lang='lat' dir='ltr'>legati,</span> <span class='ocrx_word' id='word_1_137' title='bbox 1002 1229 1069 1277; x_wconf 90' lang='lat' dir='ltr'>qui</span> <span class='ocrx_word' id='word_1_138' title='bbox 1101 1230 1306 1266; x_wconf 86' lang='lat' dir='ltr'>redierant</span> <span class='ocrx_word' id='word_1_139' title='bbox 1331 1231 1381 1266; x_wconf 89' lang='lat' dir='ltr'>ab</span> <span class='ocrx_word' id='word_1_140' title='bbox 1408 1230 1504 1267; x_wconf 88' lang='lat' dir='ltr'>Car-</span> 
     </span>
     <span class='ocr_line' id='line_1_17' title="bbox 90 1299 1505 1349; baseline 0.001 -14"><span class='ocrx_word' id='word_1_141' title='bbox 90 1299 266 1348; x_wconf 88' lang='lat' dir='ltr'>thagine,</span> <span class='ocrx_word' id='word_1_142' title='bbox 300 1300 474 1335; x_wconf 87' lang='lat' dir='ltr'>Romam</span> <span class='ocrx_word' id='word_1_143' title='bbox 504 1301 758 1345; x_wconf 88' lang='lat' dir='ltr'>rettulerunt,</span> <span class='ocrx_word' id='word_1_144' title='bbox 792 1300 930 1337; x_wconf 86' lang='lat' dir='ltr'>omnia</span> <span class='ocrx_word' id='word_1_145' title='bbox 955 1300 1117 1337; x_wconf 88' lang='lat' dir='ltr'>hostilia</span> <span class='ocrx_word' id='word_1_146' title='bbox 1144 1312 1248 1344; x_wconf 89' lang='lat' dir='ltr'>esse,</span> <span class='ocrx_word' id='word_1_147' title='bbox 1275 1305 1315 1337; x_wconf 87' lang='lat' dir='ltr'>et</span> <span class='ocrx_word' id='word_1_148' title='bbox 1337 1301 1505 1349; x_wconf 88' lang='lat' dir='ltr'>Sagunti</span> 
     </span>
     <span class='ocr_line' id='line_1_18' title="bbox 89 1368 1542 1419; baseline 0.002 -14"><span class='ocrx_word' id='word_1_149' title='bbox 89 1369 289 1406; x_wconf 89' lang='lat' dir='ltr'>excidium</span> <span class='ocrx_word' id='word_1_150' title='bbox 312 1370 539 1406; x_wconf 89' lang='lat' dir='ltr'>nuntiatum</span> <span class='ocrx_word' id='word_1_151' title='bbox 565 1376 645 1415; x_wconf 86' lang='lat' dir='ltr'>est;</span> <span class='ocrx_word' id='word_1_152' title='bbox 677 1376 894 1419; x_wconf 88' lang='lat' dir='ltr'>tantusque</span> <span class='ocrx_word' id='word_1_153' title='bbox 918 1371 1033 1407; x_wconf 91' lang='lat' dir='ltr'>simul</span> <span class='ocrx_word' id='word_1_154' title='bbox 1058 1383 1201 1407; x_wconf 90' lang='lat' dir='ltr'>maeror</span> <span class='ocrx_word' id='word_1_155' title='bbox 1225 1376 1360 1419; x_wconf 88' lang='lat' dir='ltr'>patres</span> <span class='ocrx_word' id='word_1_156' title='bbox 1384 1368 1542 1408; x_wconf 71' lang='lat' dir='ltr'>mise-‘2</span> 
     </span>
     <span class='ocr_line' id='line_1_19' title="bbox 88 1440 1504 1491; baseline 0.001 -15"><span class='ocrx_word' id='word_1_157' title='bbox 88 1440 345 1488; x_wconf 85' lang='lat' dir='ltr'>ricordiaque</span> <span class='ocrx_word' id='word_1_158' title='bbox 385 1441 587 1477; x_wconf 88' lang='lat' dir='ltr'>sociorum</span> <span class='ocrx_word' id='word_1_159' title='bbox 626 1447 928 1491; x_wconf 87' lang='lat' dir='ltr'>peremptorum</span> <span class='ocrx_word' id='word_1_160' title='bbox 967 1442 1136 1489; x_wconf 87' lang='lat' dir='ltr'>indigne</span> <span class='ocrx_word' id='word_1_161' title='bbox 1175 1446 1215 1477; x_wconf 87' lang='lat' dir='ltr'>et</span> <span class='ocrx_word' id='word_1_162' title='bbox 1253 1442 1386 1489; x_wconf 91' lang='lat' dir='ltr'>pudor</span> <span class='ocrx_word' id='word_1_163' title='bbox 1420 1454 1504 1478; x_wconf 90' lang='lat' dir='ltr'>non</span> 
     </span>
     <span class='ocr_line' id='line_1_20' title="bbox 89 1510 1505 1561; baseline 0.002 -15"><span class='ocrx_word' id='word_1_164' title='bbox 89 1511 157 1546; x_wconf 89' lang='lat' dir='ltr'>lati</span> <span class='ocrx_word' id='word_1_165' title='bbox 187 1510 320 1547; x_wconf 89' lang='lat' dir='ltr'>auxilii</span> <span class='ocrx_word' id='word_1_166' title='bbox 350 1516 390 1547; x_wconf 90' lang='lat' dir='ltr'>et</span> <span class='ocrx_word' id='word_1_167' title='bbox 417 1511 475 1547; x_wconf 83' lang='lat' dir='ltr'>ira</span> <span class='ocrx_word' id='word_1_168' title='bbox 500 1512 541 1548; x_wconf 91' lang='lat' dir='ltr'>in</span> <span class='ocrx_word' id='word_1_169' title='bbox 567 1511 926 1561; x_wconf 86' lang='lat' dir='ltr'>Carthaginienses</span> <span class='ocrx_word' id='word_1_170' title='bbox 951 1517 1162 1560; x_wconf 91' lang='lat' dir='ltr'>metusque</span> <span class='ocrx_word' id='word_1_171' title='bbox 1187 1513 1239 1547; x_wconf 89' lang='lat' dir='ltr'>de</span> <span class='ocrx_word' id='word_1_172' title='bbox 1266 1524 1422 1549; x_wconf 90' lang='lat' dir='ltr'>summa</span> <span class='ocrx_word' id='word_1_173' title='bbox 1445 1525 1505 1549; x_wconf 87' lang='lat' dir='ltr'>re-</span> 
     </span>
     <span class='ocr_line' id='line_1_21' title="bbox 87 1581 1504 1631; baseline 0.001 -14"><span class='ocrx_word' id='word_1_174' title='bbox 87 1593 174 1617; x_wconf 91' lang='lat' dir='ltr'>rum</span> <span class='ocrx_word' id='word_1_175' title='bbox 209 1582 328 1630; x_wconf 92' lang='lat' dir='ltr'>cepit,</span> <span class='ocrx_word' id='word_1_176' title='bbox 364 1581 471 1618; x_wconf 91' lang='lat' dir='ltr'>velut</span> <span class='ocrx_word' id='word_1_177' title='bbox 506 1582 537 1618; x_wconf 93' lang='lat' dir='ltr'>si</span> <span class='ocrx_word' id='word_1_178' title='bbox 572 1582 652 1618; x_wconf 88' lang='lat' dir='ltr'>iam</span> <span class='ocrx_word' id='word_1_179' title='bbox 686 1584 740 1619; x_wconf 84' lang='lat' dir='ltr'>ad</span> <span class='ocrx_word' id='word_1_180' title='bbox 774 1588 912 1631; x_wconf 88' lang='lat' dir='ltr'>portas</span> <span class='ocrx_word' id='word_1_181' title='bbox 943 1583 1070 1619; x_wconf 90' lang='lat' dir='ltr'>hostis</span> <span class='ocrx_word' id='word_1_182' title='bbox 1103 1588 1223 1627; x_wconf 92' lang='lat' dir='ltr'>esset,</span> <span class='ocrx_word' id='word_1_183' title='bbox 1262 1588 1305 1619; x_wconf 89' lang='lat' dir='ltr'>ut</span> <span class='ocrx_word' id='word_1_184' title='bbox 1338 1588 1398 1619; x_wconf 93' lang='lat' dir='ltr'>tot</span> <span class='ocrx_word' id='word_1_185' title='bbox 1422 1595 1504 1619; x_wconf 92' lang='lat' dir='ltr'>uno</span> 
     </span>
     <span class='ocr_line' id='line_1_22' title="bbox 89 1651 1505 1701; baseline 0.003 -15"><span class='ocrx_word' id='word_1_186' title='bbox 89 1656 272 1699; x_wconf 88' lang='lat' dir='ltr'>tempore</span> <span class='ocrx_word' id='word_1_187' title='bbox 301 1651 479 1688; x_wconf 85' lang='lat' dir='ltr'>motibus</span> <span class='ocrx_word' id='word_1_188' title='bbox 511 1652 633 1688; x_wconf 90' lang='lat' dir='ltr'>animi</span> <span class='ocrx_word' id='word_1_189' title='bbox 665 1654 809 1689; x_wconf 83' lang='lat' dir='ltr'>turbati</span> <span class='ocrx_word' id='word_1_190' title='bbox 835 1654 1085 1701; x_wconf 89' lang='lat' dir='ltr'>trepidarent</span> <span class='ocrx_word' id='word_1_191' title='bbox 1106 1652 1237 1700; x_wconf 90' lang='lat' dir='ltr'>magis</span> <span class='ocrx_word' id='word_1_192' title='bbox 1261 1665 1382 1701; x_wconf 92' lang='lat' dir='ltr'>quam</span> <span class='ocrx_word' id='word_1_193' title='bbox 1408 1665 1505 1690; x_wconf 88' lang='lat' dir='ltr'>con-</span> 
     </span>
     <span class='ocr_line' id='line_1_23' title="bbox 89 1720 1543 1771; baseline 0.002 -15"><span class='ocrx_word' id='word_1_194' title='bbox 89 1722 283 1758; x_wconf 89' lang='lat' dir='ltr'>sulerent:</span> <span class='ocrx_word' id='word_1_195' title='bbox 314 1734 409 1758; x_wconf 91' lang='lat' dir='ltr'>nam</span> <span class='ocrx_word' id='word_1_196' title='bbox 426 1734 559 1771; x_wconf 87' lang='lat' dir='ltr'>neque</span> <span class='ocrx_word' id='word_1_197' title='bbox 577 1724 738 1759; x_wconf 85' lang='lat' dir='ltr'>hostem</span> <span class='ocrx_word' id='word_1_198' title='bbox 755 1724 952 1759; x_wconf 89' lang='lat' dir='ltr'>acriorem</span> <span class='ocrx_word' id='word_1_199' title='bbox 970 1723 1349 1770; x_wconf 88' lang='lat' dir='ltr'>bellicosioremque</span> <span class='ocrx_word' id='word_1_200' title='bbox 1368 1735 1504 1760; x_wconf 90' lang='lat' dir='ltr'>secum</span> <span class='ocrx_word' id='word_1_201' title='bbox 1518 1720 1543 1759; x_wconf 78' lang='grc'><strong>3</strong></span> 
     </span>
     <span class='ocr_line' id='line_1_24' title="bbox 88 1793 1505 1840; baseline 0.002 -13"><span class='ocrx_word' id='word_1_202' title='bbox 88 1803 365 1840; x_wconf 89' lang='lat' dir='ltr'>congressum,</span> <span class='ocrx_word' id='word_1_203' title='bbox 399 1805 476 1829; x_wconf 88' lang='lat' dir='ltr'>nec</span> <span class='ocrx_word' id='word_1_204' title='bbox 507 1805 592 1830; x_wconf 90' lang='lat' dir='ltr'>rem</span> <span class='ocrx_word' id='word_1_205' title='bbox 614 1795 844 1831; x_wconf 90' lang='lat' dir='ltr'>Romanam</span> <span class='ocrx_word' id='word_1_206' title='bbox 866 1799 949 1830; x_wconf 91' lang='lat' dir='ltr'>tam</span> <span class='ocrx_word' id='word_1_207' title='bbox 972 1794 1159 1830; x_wconf 88' lang='lat' dir='ltr'>desidem</span> <span class='ocrx_word' id='word_1_208' title='bbox 1181 1805 1360 1840; x_wconf 88' lang='lat' dir='ltr'>unquam</span> <span class='ocrx_word' id='word_1_209' title='bbox 1383 1793 1505 1830; x_wconf 90' lang='lat' dir='ltr'>fuisse</span> 
     </span>
     <span class='ocr_line' id='line_1_25' title="bbox 90 1861 1545 1912; baseline 0.001 -14"><span class='ocrx_word' id='word_1_210' title='bbox 90 1866 210 1910; x_wconf 90' lang='lat' dir='ltr'>atque</span> <span class='ocrx_word' id='word_1_211' title='bbox 242 1862 457 1900; x_wconf 89' lang='lat' dir='ltr'>imbellem.</span> <span class='ocrx_word' id='word_1_212' title='bbox 513 1864 665 1901; x_wconf 90' lang='lat' dir='ltr'>Sardos</span> <span class='ocrx_word' id='word_1_213' title='bbox 695 1864 928 1912; x_wconf 90' lang='lat' dir='ltr'>Corsosque</span> <span class='ocrx_word' id='word_1_214' title='bbox 963 1870 1003 1900; x_wconf 90' lang='lat' dir='ltr'>et</span> <span class='ocrx_word' id='word_1_215' title='bbox 1030 1864 1189 1901; x_wconf 90' lang='lat' dir='ltr'>Histros</span> <span class='ocrx_word' id='word_1_216' title='bbox 1214 1869 1335 1911; x_wconf 88' lang='lat' dir='ltr'>atque</span> <span class='ocrx_word' id='word_1_217' title='bbox 1352 1861 1545 1912; x_wconf 65' lang='lat' dir='ltr'>Illyrios-4</span> 
     </span>
     <span class='ocr_line' id='line_1_26' title="bbox 90 1932 1507 1983; baseline 0.001 -15"><span class='ocrx_word' id='word_1_218' title='bbox 90 1932 300 1969; x_wconf 90' lang='lat' dir='ltr'>lacessisse</span> <span class='ocrx_word' id='word_1_219' title='bbox 338 1934 467 1983; x_wconf 89' lang='lat' dir='ltr'>magis</span> <span class='ocrx_word' id='word_1_220' title='bbox 507 1946 629 1982; x_wconf 87' lang='lat' dir='ltr'>quam</span> <span class='ocrx_word' id='word_1_221' title='bbox 669 1935 896 1971; x_wconf 88' lang='lat' dir='ltr'>exercuisse</span> <span class='ocrx_word' id='word_1_222' title='bbox 934 1935 1123 1970; x_wconf 89' lang='lat' dir='ltr'>Romana</span> <span class='ocrx_word' id='word_1_223' title='bbox 1162 1946 1295 1978; x_wconf 88' lang='lat' dir='ltr'>arma,</span> <span class='ocrx_word' id='word_1_224' title='bbox 1337 1939 1377 1970; x_wconf 89' lang='lat' dir='ltr'>et</span> <span class='ocrx_word' id='word_1_225' title='bbox 1416 1946 1507 1970; x_wconf 90' lang='lat' dir='ltr'>cum</span> 
     </span>
     <span class='ocr_line' id='line_1_27' title="bbox 89 2002 1544 2053; baseline 0.003 -15"><span class='ocrx_word' id='word_1_226' title='bbox 89 2002 216 2039; x_wconf 86' lang='lat' dir='ltr'>Gallis</span> <span class='ocrx_word' id='word_1_227' title='bbox 240 2004 523 2041; x_wconf 85' lang='lat' dir='ltr'>tumultuatum</span> <span class='ocrx_word' id='word_1_228' title='bbox 539 2005 669 2041; x_wconf 88' lang='lat' dir='ltr'>verius</span> <span class='ocrx_word' id='word_1_229' title='bbox 688 2017 809 2053; x_wconf 90' lang='lat' dir='ltr'>quam</span> <span class='ocrx_word' id='word_1_230' title='bbox 826 2005 1124 2053; x_wconf 86' lang='lat' dir='ltr'>belligeratum;</span> <span class='ocrx_word' id='word_1_231' title='bbox 1150 2004 1321 2041; x_wconf 88' lang='lat' dir='ltr'>Poenum</span> <span class='ocrx_word' id='word_1_232' title='bbox 1346 2002 1544 2042; x_wconf 75' lang='lat' dir='ltr'>hostem5</span> 
     </span>
     <span class='ocr_line' id='line_1_28' title="bbox 92 2074 1507 2124; baseline 0.001 -15"><span class='ocrx_word' id='word_1_233' title='bbox 92 2078 338 2118; x_wconf 87' lang='lat' dir='ltr'>veteranum,</span> <span class='ocrx_word' id='word_1_234' title='bbox 372 2074 490 2111; x_wconf 91' lang='lat' dir='ltr'>trium</span> <span class='ocrx_word' id='word_1_235' title='bbox 521 2080 562 2111; x_wconf 90' lang='lat' dir='ltr'>et</span> <span class='ocrx_word' id='word_1_236' title='bbox 590 2075 729 2124; x_wconf 88' lang='lat' dir='ltr'>viginti</span> <span class='ocrx_word' id='word_1_237' title='bbox 760 2088 960 2112; x_wconf 87' lang='lat' dir='ltr'>annorum</span> <span class='ocrx_word' id='word_1_238' title='bbox 991 2075 1131 2111; x_wconf 85' lang='lat' dir='ltr'>militia</span> <span class='ocrx_word' id='word_1_239' title='bbox 1160 2074 1374 2111; x_wconf 88' lang='lat' dir='ltr'>durissima</span> <span class='ocrx_word' id='word_1_240' title='bbox 1404 2074 1507 2111; x_wconf 90' lang='lat' dir='ltr'>inter</span> 
     </span>
     <span class='ocr_line' id='line_1_29' title="bbox 91 2142 1505 2194; baseline 0.001 -15"><span class='ocrx_word' id='word_1_241' title='bbox 91 2142 297 2192; x_wconf 89' lang='lat' dir='ltr'>Hispanas</span> <span class='ocrx_word' id='word_1_242' title='bbox 328 2150 472 2193; x_wconf 87' lang='lat' dir='ltr'>gentes</span> <span class='ocrx_word' id='word_1_243' title='bbox 506 2158 665 2194; x_wconf 90' lang='lat' dir='ltr'>semper</span> <span class='ocrx_word' id='word_1_244' title='bbox 696 2146 902 2189; x_wconf 88' lang='lat' dir='ltr'>victorem,</span> <span class='ocrx_word' id='word_1_245' title='bbox 932 2146 1026 2182; x_wconf 88' lang='lat' dir='ltr'>duci</span> <span class='ocrx_word' id='word_1_246' title='bbox 1059 2146 1254 2182; x_wconf 89' lang='lat' dir='ltr'>acerrimo</span> <span class='ocrx_word' id='word_1_247' title='bbox 1287 2151 1505 2189; x_wconf 83' lang='lat' dir='ltr'>assuetum,</span> 
     </span>
     <span class='ocr_line' id='line_1_30' title="bbox 90 2215 1505 2266; baseline 0.001 -17"><span class='ocrx_word' id='word_1_248' title='bbox 90 2218 296 2251; x_wconf 89' lang='lat' dir='ltr'>recentem</span> <span class='ocrx_word' id='word_1_249' title='bbox 325 2215 376 2251; x_wconf 87' lang='lat' dir='ltr'>ab</span> <span class='ocrx_word' id='word_1_250' title='bbox 407 2216 567 2253; x_wconf 85' lang='lat' dir='ltr'>excidio</span> <span class='ocrx_word' id='word_1_251' title='bbox 599 2217 913 2266; x_wconf 78' lang='lat' dir='ltr'>opulentissimae</span> <span class='ocrx_word' id='word_1_252' title='bbox 937 2216 1058 2260; x_wconf 88' lang='lat' dir='ltr'>urbis,</span> <span class='ocrx_word' id='word_1_253' title='bbox 1091 2215 1286 2251; x_wconf 90' lang='lat' dir='ltr'>Hiberum</span> <span class='ocrx_word' id='word_1_254' title='bbox 1318 2215 1505 2257; x_wconf 83' lang='lat' dir='ltr'>transire;</span> 
     </span>
     <span class='ocr_line' id='line_1_31' title="bbox 90 2284 1544 2335; baseline 0.003 -16"><span class='ocrx_word' id='word_1_255' title='bbox 90 2284 249 2320; x_wconf 88' lang='lat' dir='ltr'>trahere</span> <span class='ocrx_word' id='word_1_256' title='bbox 285 2297 423 2322; x_wconf 89' lang='lat' dir='ltr'>secum</span> <span class='ocrx_word' id='word_1_257' title='bbox 455 2291 516 2323; x_wconf 88' lang='lat' dir='ltr'>tot</span> <span class='ocrx_word' id='word_1_258' title='bbox 546 2288 699 2324; x_wconf 86' lang='lat' dir='ltr'>excitos</span> <span class='ocrx_word' id='word_1_259' title='bbox 721 2286 998 2335; x_wconf 88' lang='lat' dir='ltr'>Hispanorum</span> <span class='ocrx_word' id='word_1_260' title='bbox 1028 2287 1203 2334; x_wconf 92' lang='lat' dir='ltr'>populos</span> <span class='ocrx_word' id='word_1_261' title='bbox 1214 2297 1223 2330; x_wconf 86' lang='lat'>;</span> <span class='ocrx_word' id='word_1_262' title='bbox 1257 2284 1544 2324; x_wconf 76' lang='lat' dir='ltr'>conciturumss</span> 
     </span>
     <span class='ocr_line' id='line_1_32' title="bbox 92 2354 1506 2405; baseline 0 -14"><span class='ocrx_word' id='word_1_263' title='bbox 92 2354 233 2392; x_wconf 88' lang='lat' dir='ltr'>avidas</span> <span class='ocrx_word' id='word_1_264' title='bbox 267 2368 426 2405; x_wconf 90' lang='lat' dir='ltr'>semper</span> <span class='ocrx_word' id='word_1_265' title='bbox 457 2369 659 2394; x_wconf 88' lang='lat' dir='ltr'>armorum</span> <span class='ocrx_word' id='word_1_266' title='bbox 683 2356 860 2394; x_wconf 88' lang='lat' dir='ltr'>Gallicas</span> <span class='ocrx_word' id='word_1_267' title='bbox 877 2361 1042 2405; x_wconf 87' lang='lat' dir='ltr'>gentes;</span> <span class='ocrx_word' id='word_1_268' title='bbox 1074 2368 1165 2392; x_wconf 90' lang='lat' dir='ltr'>cum</span> <span class='ocrx_word' id='word_1_269' title='bbox 1194 2357 1292 2392; x_wconf 93' lang='lat' dir='ltr'>orbe</span> <span class='ocrx_word' id='word_1_270' title='bbox 1315 2362 1506 2392; x_wconf 89' lang='lat' dir='ltr'>terrarum</span> 
     </span>
     <span class='ocr_line' id='line_1_33' title="bbox 92 2424 1505 2475; baseline 0.001 -15"><span class='ocrx_word' id='word_1_271' title='bbox 92 2424 239 2462; x_wconf 86' lang='lat' dir='ltr'>bellum</span> <span class='ocrx_word' id='word_1_272' title='bbox 269 2428 495 2474; x_wconf 90' lang='lat' dir='ltr'>gerendum</span> <span class='ocrx_word' id='word_1_273' title='bbox 527 2428 569 2465; x_wconf 90' lang='lat' dir='ltr'>in</span> <span class='ocrx_word' id='word_1_274' title='bbox 600 2427 714 2464; x_wconf 88' lang='lat' dir='ltr'>Italia</span> <span class='ocrx_word' id='word_1_275' title='bbox 746 2439 794 2463; x_wconf 90' lang='lat' dir='ltr'>ac</span> <span class='ocrx_word' id='word_1_276' title='bbox 826 2439 900 2475; x_wconf 90' lang='lat' dir='ltr'>pro</span> <span class='ocrx_word' id='word_1_277' title='bbox 931 2427 1133 2463; x_wconf 86' lang='lat' dir='ltr'>moenibus</span> <span class='ocrx_word' id='word_1_278' title='bbox 1166 2427 1362 2463; x_wconf 89' lang='lat' dir='ltr'>Romanis</span> <span class='ocrx_word' id='word_1_279' title='bbox 1402 2438 1505 2462; x_wconf 90' lang='lat' dir='ltr'>esse.</span> 
     </span>
    </p>

    <p class='ocr_par' dir='ltr' id='par_1_4' title="bbox 90 2494 1545 2686">
     <span class='ocr_line' id='line_1_34' title="bbox 209 2494 1506 2546; baseline 0 -15"><span class='ocrx_word' id='word_1_280' title='bbox 209 2494 439 2534; x_wconf 87' lang='lat' dir='ltr'>Nominatae</span> <span class='ocrx_word' id='word_1_281' title='bbox 470 2497 551 2534; x_wconf 90' lang='lat' dir='ltr'>iam</span> <span class='ocrx_word' id='word_1_282' title='bbox 583 2502 705 2534; x_wconf 87' lang='lat' dir='ltr'>antea</span> <span class='ocrx_word' id='word_1_283' title='bbox 737 2497 970 2534; x_wconf 91' lang='lat' dir='ltr'>consulibus</span> <span class='ocrx_word' id='word_1_284' title='bbox 1003 2497 1220 2546; x_wconf 88' lang='lat' dir='ltr'>provinciae</span> <span class='ocrx_word' id='word_1_285' title='bbox 1253 2501 1386 2540; x_wconf 90' lang='lat' dir='ltr'>erant;</span> <span class='ocrx_word' id='word_1_286' title='bbox 1424 2500 1506 2532; x_wconf 87' lang='lat' dir='ltr'>tum</span> 
     </span>
     <span class='ocr_line' id='line_1_35' title="bbox 94 2565 1506 2616; baseline 0.001 -16"><span class='ocrx_word' id='word_1_287' title='bbox 94 2565 222 2601; x_wconf 87' lang='lat' dir='ltr'>sortiri</span> <span class='ocrx_word' id='word_1_288' title='bbox 239 2565 348 2604; x_wconf 87' lang='lat' dir='ltr'>iussi.</span> <span class='ocrx_word' id='word_1_289' title='bbox 397 2566 590 2604; x_wconf 89' lang='lat' dir='ltr'>Cornelio</span> <span class='ocrx_word' id='word_1_290' title='bbox 609 2566 822 2616; x_wconf 86' lang='lat' dir='ltr'>Hispania,</span> <span class='ocrx_word' id='word_1_291' title='bbox 847 2567 1089 2616; x_wconf 92' lang='lat' dir='ltr'>Sempronio</span> <span class='ocrx_word' id='word_1_292' title='bbox 1112 2567 1248 2603; x_wconf 83' lang='lat' dir='ltr'>Africa</span> <span class='ocrx_word' id='word_1_293' title='bbox 1265 2578 1356 2602; x_wconf 89' lang='lat' dir='ltr'>cum</span> <span class='ocrx_word' id='word_1_294' title='bbox 1374 2566 1506 2602; x_wconf 89' lang='lat' dir='ltr'>Sicilia</span> 
     </span>
     <span class='ocr_line' id='line_1_36' title="bbox 90 2635 1545 2686; baseline 0.004 -17"><span class='ocrx_word' id='word_1_295' title='bbox 90 2635 238 2672; x_wconf 81' lang='lat' dir='ltr'>evenit.</span> <span class='ocrx_word' id='word_1_296' title='bbox 286 2636 364 2674; x_wconf 88' lang='lat' dir='ltr'>Sex</span> <span class='ocrx_word' id='word_1_297' title='bbox 388 2637 429 2675; x_wconf 91' lang='lat' dir='ltr'>in</span> <span class='ocrx_word' id='word_1_298' title='bbox 453 2650 544 2674; x_wconf 88' lang='lat' dir='ltr'>eum</span> <span class='ocrx_word' id='word_1_299' title='bbox 569 2650 720 2675; x_wconf 89' lang='lat' dir='ltr'>annum</span> <span class='ocrx_word' id='word_1_300' title='bbox 738 2638 912 2675; x_wconf 87' lang='lat' dir='ltr'>decretae</span> <span class='ocrx_word' id='word_1_301' title='bbox 929 2638 1112 2686; x_wconf 88' lang='lat' dir='ltr'>legiones</span> <span class='ocrx_word' id='word_1_302' title='bbox 1130 2642 1170 2673; x_wconf 86' lang='lat' dir='ltr'>et</span> <span class='ocrx_word' id='word_1_303' title='bbox 1187 2636 1354 2680; x_wconf 85' lang='lat' dir='ltr'>socium,</span> <span class='ocrx_word' id='word_1_304' title='bbox 1378 2648 1504 2684; x_wconf 88' lang='lat' dir='ltr'>quan-</span> <span class='ocrx_word' id='word_1_305' title='bbox 1520 2638 1545 2675; x_wconf 72' lang='lat'><em>2</em></span> 
     </span>
    </p>
   </div>
   <div class='ocr_carea' id='block_1_3' title="bbox 1603 1224 1646 1268">
    <p class='ocr_par' dir='ltr' id='par_1_5' title="bbox 1603 1224 1646 1268">
     <span class='ocr_line' id='line_1_37' title="bbox 1603 1224 1646 1268; baseline 0.023 -1"><span class='ocrx_word' id='word_1_306' title='bbox 1603 1224 1646 1268; x_wconf 85' lang='grc'>16</span> 
     </span>
    </p>
   </div>
   <div class='ocr_carea' id='block_1_4' title="bbox 1606 2492 1647 2536">
    <p class='ocr_par' dir='ltr' id='par_1_6' title="bbox 1606 2492 1647 2536">
     <span class='ocr_line' id='line_1_38' title="bbox 1606 2492 1647 2536; baseline 0 0"><span class='ocrx_word' id='word_1_307' title='bbox 1606 2492 1647 2536; x_wconf 90' lang='grc'>17</span> 
     </span>
    </p>
   </div>
  </div>
 </body>
</html>
