1768 2943
556 929 783 980 Liber·
827 929 999 980 ΧΧΙ.

64 1112 113 1177 In
144 1144 258 1189 parte
291 1139 425 1189 operis
458 1139 537 1175 mei
569 1139 662 1175 licet
699 1138 795 1174 mihi
834 1139 1012 1187 praefari,
1053 1139 1167 1187 quod
1203 1139 1245 1176 in
1283 1139 1481 1188 principio

65 1227 230 1253 summae
262 1216 384 1252 totius
406 1215 580 1264 professi
601 1215 781 1264 plerique
804 1220 897 1252 sunt
916 1227 1049 1252 rerum
1071 1215 1301 1264 scriptores,
1334 1216 1481 1252 bellurn

65 1287 238 1323 maxime
271 1286 452 1323 omnium
484 1286 760 1331 memorabile,
795 1298 883 1334 quae
916 1298 1095 1334 unquam
1126 1292 1242 1335 gesta
1275 1286 1376 1327 sint.
1416 1299 1480 1322 me

66 1357 316 1406 scripturum,
334 1357 448 1405 quod
464 1356 696 1393 Hannibale
719 1358 823 1394 duce
842 1356 1199 1405 Carthaginienses
1220 1369 1311 1393 cum
1327 1358 1481 1406 populo

65 1429 254 1465 Romano
271 1439 449 1477 gessere.
497 1427 603 1464 Nam
626 1440 760 1476 neque
778 1427 994 1464 validiores
1019 1427 1165 1476 opibus
1188 1428 1276 1464 ullae
1308 1427 1412 1464 inter
1439 1440 1482 1464 se
1498 1424 1523 1463 2

66 1499 246 1535 civitates
276 1504 502 1547 gentesque
526 1499 783 1535 contulerunt
815 1510 939 1542 arma,
972 1510 1107 1546 neque
1124 1498 1184 1534 his
1207 1498 1304 1547 ipsis
1326 1503 1481 1534 tantum

65 1581 243 1617 unquam
275 1569 414 1605 virium
446 1575 514 1605 aut
545 1568 703 1606 roboris
736 1569 821 1613 fuit,
856 1574 896 1605 et
927 1569 1037 1604 haud
1069 1569 1231 1616 ignotas
1256 1569 1348 1605 belli
1377 1574 1483 1605 artes

65 1641 167 1677 inter
200 1652 303 1681 sese,
337 1640 412 1676 sed
445 1644 630 1688 expertas
662 1639 792 1688 primo
810 1639 964 1676 Punico
990 1639 1257 1676 conferebant
1289 1639 1410 1683 bello,
1446 1646 1485 1675 et

66 1712 174 1748 adeo
192 1711 301 1747 varia
319 1710 480 1749 fortuna
501 1710 595 1746 belli
623 1721 857 1757 ancepsque
881 1708 991 1745 Mars
1016 1709 1100 1752 fuit,
1125 1714 1168 1745 ut
1191 1709 1356 1757 propius
1381 1709 1483 1757 peri-

67 1782 198 1819 culum
231 1781 389 1825 fuerint,
424 1781 492 1828 qui
524 1780 716 1816 vicerunt.
781 1778 897 1816 Odiis
937 1779 1058 1815 etiam
1097 1791 1225 1828 prope
1263 1779 1483 1816 maioribus
1500 1776 1524 1815 3

66 1857 269 1888 certarunt
285 1863 406 1899 quarn
423 1851 583 1895 viribus,
602 1850 799 1886 Romanis
813 1849 1134 1898 indignantibus,
1145 1850 1258 1897 quod
1268 1850 1484 1886 victoribus

66 1922 157 1959 victi
188 1922 291 1958 ultro
323 1921 517 1958 inferrent
549 1933 680 1964 arma,
721 1920 877 1964 Pcenis‚
918 1920 1031 1968 quod
1072 1920 1245 1968 superbe
1284 1932 1484 1968 avareque

67 1993 280 2029 crederent
310 1992 582 2041 imperitatum
613 1991 726 2027 victis
759 2003 862 2027 esse.
911 1990 1038 2026 Fama
1070 1995 1131 2026 est
1163 1991 1297 2034 etiam,
1329 1988 1527 2027 Hanni-4

66 2063 199 2100 balem
231 2074 431 2100 annorum
464 2061 588 2098 ferme
620 2073 782 2105 novem,
826 2060 1028 2109 pueriliter
1066 2061 1346 2097 blandientem
1384 2061 1484 2108 patri

68 2133 298 2178 Hamilcari,
331 2138 375 2169 ut
397 2133 612 2169 duceretur
634 2132 676 2168 in
693 2131 947 2180 Hispaniam,
978 2143 1113 2179 quum,
1147 2130 1329 2179 perfecto
1348 2130 1485 2167 Africo

68 2204 188 2248 bello,
208 2203 425 2240 exercitum
443 2215 494 2239 eo
514 2202 749 2239 traiecturus
768 2201 1023 2246 sacrificaret,
1043 2201 1233 2238 altaribus
1257 2202 1483 2243 admotum,

68 2274 183 2311 tactis
202 2274 338 2318 sacris,
362 2273 446 2310 iure
471 2273 644 2309 iurando
669 2273 874 2316 adactum,
904 2284 959 2315 se,
990 2284 1113 2320 quum
1136 2272 1307 2320 primum
1331 2276 1484 2320 posset,

69 2345 228 2382 hostem
270 2345 357 2381 fore
398 2345 552 2394 populo
585 2344 788 2381 Romano.
851 2343 1070 2391 Angebant
1108 2342 1283 2390 ingentis
1327 2338 1528 2389 spiritusf)

69 2415 193 2452 virum
210 2415 344 2452 Sicilia
360 2414 628 2462 Sardiniaque
661 2413 837 2450 amissae:
872 2425 967 2449 nam
1000 2418 1039 2449 et
1063 2412 1237 2448 Siciliam
1269 2411 1387 2447 nimis
1421 2422 1485 2446 ce-

70 2485 139 2521 leri
171 2485 459 2534 desperatione
484 2496 615 2521 rerum
639 2495 880 2521 concessam
904 2488 944 2520 et
961 2482 1190 2519 Sardiniam
1212 2482 1314 2517 inter
1332 2485 1485 2516 motum

71 2554 214 2592 Africae
248 2555 389 2592 fraude
407 2556 700 2598 Romanorum,
726 2552 932 2602 stipendio
960 2553 1082 2589 etiam
1099 2552 1262 2599 insuper
1279 2550 1484 2598 imposito,

70 2623 346 2674 interceptam.
395 2625 469 2662 His
501 2625 643 2662 anxius
676 2624 779 2661 curis
810 2624 866 2660 ita
898 2636 941 2660 se
958 2622 1094 2659 Africo
1120 2621 1240 2665 bello,
1274 2621 1388 2668 quod
1413 2620 1485 2655 fuit

143 2689 241 2716 Livius
262 2699 297 2716 ex
318 2699 373 2716 rec.
394 2690 548 2723 Madvigii.
588 2690 636 2716 111.
1207 2688 1224 2720 1

1577 2615 1604 2658 2
