1789 2955
560 92 664 123 Liber
689 91 796 124 XXV.
839 89 894 133 (A.
921 91 982 122 Ch.
1011 88 1104 129 212.)
1449 90 1532 131 229

117 226 312 274 adempta
322 235 331 269 ;
364 223 492 261 hostis
524 223 701 271 denique
729 227 791 259 est
814 223 946 266 datus,
981 234 1069 258 cum
1095 233 1175 269 quo
1201 220 1442 266 dimicantes
1467 225 1535 257 aut

118 297 238 332 vitam
267 295 391 332 semel
418 299 487 330 aut
514 293 778 342 ignominiam
804 293 982 344 finirent;
1016 304 1106 336 nos,
1136 292 1293 339 quibus,
1323 291 1397 327 nisi
1423 291 1534 339 quod
1552 289 1603 329 17

119 365 405 408 commisimus,
439 369 482 399 ut
513 364 723 412 quisquam
757 377 805 401 ex
830 363 1036 400 Cannensi
1070 363 1157 399 acie
1184 362 1298 398 miles
1324 362 1534 398 Romanus

119 439 360 484 superesset,
387 434 484 471 nihil
509 434 628 470 obiici
653 439 801 482 potest,
826 445 910 470 non
936 434 1065 470 solum
1091 445 1114 469 a
1139 433 1268 481 patria
1291 433 1432 480 procul
1456 432 1533 468 Ita-

119 506 265 554 liaque,
291 505 365 542 sed
389 505 440 540 ab
466 504 582 540 hoste
606 504 726 540 etiam
751 504 917 552 relegati
942 515 1092 547 sumus,
1120 503 1187 539 ubi
1211 514 1472 539 senescamus
1496 502 1536 538 in
1554 500 1607 541 18

120 576 274 620 exsilio,
287 588 340 612 ne
352 587 432 623 qua
445 586 552 623 spes,
567 587 617 611 ne
633 587 712 622 qua
725 574 889 611 occasio
903 575 1118 610 abolendae
1131 573 1378 621 ignominiae,
1393 585 1443 609 ne
1457 584 1537 620 qua

119 646 331 695 placandae
349 645 492 682 civium
505 645 585 689 irae,
603 657 656 681 ne
669 657 748 693 qua
761 645 938 692 denique
950 645 1056 680 bene
1070 644 1271 680 moriendi
1285 643 1347 680 sit.
1395 642 1538 690 Neque
1556 641 1608 681 19

119 715 354 764 ignominiae
379 715 499 751 finem
517 727 593 752 nec
611 716 762 752 virtutis
780 715 985 764 praemium
1004 715 1195 763 petimus;
1222 715 1350 750 modo
1369 713 1538 761 experiri

120 786 297 823 animum
331 790 371 821 et
401 785 585 822 virtutem
618 797 804 822 exercere
837 786 968 822 liceat.
1030 784 1234 821 Laborem
1258 790 1297 821 et
1319 784 1538 833 periculum

120 857 307 907 petimus,
336 862 378 893 ut
400 857 586 902 virorum,
612 862 655 894 ut
678 857 844 893 militum
869 856 1004 894 officio
1030 856 1256 905 fungamur.
1320 855 1474 892 Bellum
1499 855 1539 892 in
1555 853 1611 894 20

122 928 255 965 Sicilia
279 928 359 964 iam
384 928 551 964 alterurn
577 940 726 964 annum
752 928 906 976 ingenti
932 927 1196 963 dimicatione
1220 927 1387 975 geritur;
1420 927 1541 962 urbes

122 998 221 1035 alias
237 998 400 1042 Poenus,
426 998 524 1034 alias
542 999 751 1035 Romanus
770 1003 995 1047 expugnat;
1021 998 1217 1046 peditum,
1237 997 1415 1045 equitum
1433 997 1541 1032 acies

122 1073 386 1112 concurrunt;
412 1069 467 1104 ad
485 1069 702 1117 Syracusas
727 1074 831 1105 terra
849 1069 1028 1116 marique
1045 1068 1194 1116 geritur
1210 1079 1295 1111 res;
1322 1068 1540 1103 clamorem
1554 1064 1605 1105 21

122 1139 389 1189 pugnantium
422 1139 698 1187 crepitumque
726 1151 928 1175 armorum
952 1138 1190 1175 exaudimus
1215 1138 1370 1175 resides
1394 1138 1469 1186 ipsi
1494 1150 1542 1174 ac

124 1222 285 1258 segnes,
314 1214 508 1257 tanquam
532 1221 609 1246 nec
632 1222 776 1246 manus
800 1222 876 1246 nec
901 1222 1012 1246 arma
1036 1209 1273 1245 habeamus.
1329 1209 1543 1244 Servorum

123 1279 352 1328 legionibus
377 1280 439 1317 Ti.
458 1281 720 1329 Sempronius
746 1281 886 1317 consul
911 1280 1032 1317 toties
1056 1280 1136 1315 iam
1161 1291 1251 1315 cum
1276 1280 1393 1316 hoste
1418 1278 1542 1326 signis

125 1349 280 1387 collatis
302 1350 518 1398 pugnavit;
545 1362 679 1399 operae
704 1351 875 1399 pretium
900 1352 1052 1387 habent
1075 1351 1299 1387 libertatem
1324 1350 1543 1387 civitatem-

123 1432 220 1468 que;
261 1432 334 1469 pro
368 1421 490 1458 servis
523 1422 663 1458 saltem
697 1423 751 1458 ad
784 1422 862 1458 hoc
895 1422 1041 1458 bellum
1076 1422 1220 1470 emptis
1253 1421 1367 1458 vobis
1401 1418 1614 1464 simus522

124 1491 320 1539 congredi
353 1503 443 1528 cum
476 1492 593 1529 hoste
626 1493 745 1530 liceat
776 1497 816 1529 et
847 1494 1073 1541 pugnando
1102 1505 1281 1541 quaerere
1304 1492 1542 1528 libertatern.

124 1561 197 1598 Vis
228 1566 269 1597 tu
293 1562 406 1606 mari,
441 1563 499 1599 vis
523 1568 641 1607 terra,
675 1563 732 1599 vis
756 1564 856 1606 acie,
891 1564 947 1599 vis
973 1563 1136 1600 urbibus
1162 1562 1452 1612 oppugnandis
1478 1574 1543 1597 ex-

124 1632 243 1681 periri
266 1631 476 1669 virtutem?
510 1633 739 1682 Asperrima
762 1646 933 1681 quaeque
958 1634 1012 1669 ad
1038 1634 1218 1670 laborem
1242 1633 1543 1682 periculumque
1559 1630 1614 1671 23

125 1702 399 1751 deposcimus,
419 1708 473 1747 ut,
493 1704 606 1751 quod
624 1705 678 1739 ad
694 1703 858 1740 Cannas
877 1704 1112 1740 faciundum
1131 1704 1216 1749 fuit,
1235 1716 1357 1752 quam
1374 1704 1544 1752 primum

124 1772 206 1817 fiat,
235 1773 442 1821 quoniam,
471 1774 663 1822 quicquid
695 1779 840 1823 postea
867 1774 1047 1818 viximus,
1076 1775 1120 1810 id
1148 1787 1269 1811 omne
1298 1774 1545 1810 destinatum

124 1843 357 1892 ignominiae
381 1849 481 1880 est.»
535 1844 616 1880 Sub
641 1845 726 1881 haec
752 1844 861 1881 dicta
885 1842 940 1881 ad
964 1857 1099 1893 genua
1116 1845 1296 1881 Marcelli
1320 1845 1547 1893 procubue-
1610 1839 1637 1882 7

123 1918 228 1950 runt.
291 1913 504 1951 Marcellus
535 1914 579 1951 id
610 1927 687 1951 nec
717 1915 812 1951 iuris
845 1928 912 1950 nec
942 1915 1157 1963 potestatis
1190 1928 1271 1952 suae
1304 1927 1394 1952 esse
1427 1914 1544 1958 dixit;

126 1984 284 2021 senatui
307 1984 544 2033 scripturum
570 1997 614 2022 se
638 1986 857 2033 omniaque
882 1986 935 2021 de
954 1986 1155 2022 sententia
1173 1991 1331 2034 patrum
1350 1986 1547 2022 facturum

126 2067 230 2092 esse.
293 2055 364 2092 Eae
391 2055 529 2092 litterae
555 2057 609 2092 ad
635 2068 766 2092 novos
791 2056 979 2092 consules
1003 2057 1132 2094 allatae
1157 2069 1205 2092 ac
1228 2069 1300 2105 per
1324 2068 1396 2092 eos
1420 2056 1461 2094 in
1481 2040 1547 2092 se-
1562 2054 1588 2094 2

125 2130 223 2162 natu
262 2125 439 2162 recitatae
471 2130 583 2170 sunt3
624 2127 914 2174 consultusque
946 2127 999 2162 de
1031 2127 1079 2163 iis
1112 2127 1248 2163 litteris
1281 2126 1336 2162 ita
1369 2126 1548 2162 decrevit

127 2200 305 2240 senatus,
323 2196 526 2240 militibus,
546 2196 613 2244 qui
630 2198 685 2233 ad
703 2196 869 2233 Cannas
887 2197 1184 2234 commilitones
1203 2209 1298 2234 suos
1317 2201 1546 2245 pugnantes
1562 2195 1588 2235 3

128 2266 415 2311 deseruissent,
450 2271 634 2303 senatum
667 2267 764 2304 nihil
796 2268 948 2312 videre,
981 2280 1050 2304 cur
1081 2280 1145 2304 res
1178 2268 1338 2317 publica
1363 2267 1546 2304 commit-

127 2338 254 2373 tenda
271 2341 390 2374 esset.
439 2337 479 2373 Si
496 2336 551 2374 M.
572 2336 745 2374 Claudio
764 2338 996 2386 proconsuli
1015 2338 1128 2374 aliter
1145 2339 1359 2382 videretur,
1379 2337 1543 2381 faceret,
1558 2335 1586 2376 4

127 2408 241 2456 quod
273 2420 296 2443 e
327 2419 370 2444 re
402 2407 562 2456 publica
596 2407 758 2455 fideque
792 2420 864 2445 sua
887 2409 1067 2453 duceret,
1102 2409 1198 2444 dum
1221 2421 1273 2445 ne
1297 2409 1385 2456 quis
1408 2419 1547 2444 eorum

127 2489 294 2514 munere
333 2483 496 2514 vacaret
534 2490 614 2514 neu
655 2478 769 2514 dono
808 2479 965 2514 militari
1004 2479 1155 2516 virtutis
1195 2491 1293 2527 ergo
1328 2479 1548 2514 donaretur

128 2560 208 2585 neu
231 2549 272 2586 in
296 2548 450 2586 Italiam
475 2553 760 2597 reportaretur,
788 2549 924 2585 donec
950 2549 1077 2585 hostis
1101 2549 1142 2585 in
1167 2554 1269 2585 terra
1288 2548 1401 2584 Italia
1427 2553 1546 2585 esset.
