1768 2943
119 1477 163 1521 18

233 81 288 122 74
660 79 763 110 Liber
788 80 898 110 xxn.
932 78 987 122 (A.
1015 89 1044 110 u.
1073 90 1101 110 e.
1128 78 1224 122 537.)

231 211 361 247 vivum
403 211 457 246 ad
499 210 660 258 imaque
703 222 855 247 cornua
892 211 1058 248 veniens
1097 211 1204 247 velut
1247 211 1470 248 stimulatos
1514 211 1646 249 furore

191 281 217 320 3
232 282 381 330 agebat
412 282 553 318 boves.
602 280 695 327 Quo
719 286 885 329 repente
910 281 1105 326 discursu,
1134 282 1244 318 haud
1268 293 1384 318 secus
1402 294 1524 330 quam
1542 283 1646 320 silvis

231 352 518 400 montibusque
543 351 738 396 accensis,
773 351 910 388 omnia
934 352 1038 389 circa
1061 352 1228 401 virgulta
1246 353 1332 388 visa
1356 353 1512 397 ardere,
1539 353 1647 402 capi-

232 428 396 471 tumque
428 423 536 458 irrita
568 421 775 470 quassatio
809 422 988 459 excitans
1020 423 1223 458 flammam
1256 423 1464 459 hominum
1496 423 1648 472 passim

189 491 538 531 4discurrentium
573 493 750 541 speciem
783 479 1001 541 praebebat.
1066 493 1145 539 Qui
1183 493 1238 529 ad
1276 494 1486 529 transitum
1525 494 1648 531 saltus

230 564 494 600 insidendum
527 563 648 599 locati
681 567 808 607 erant,
842 563 909 598 ubi
941 563 982 599 in
1016 563 1180 600 summis
1213 563 1417 600 montibus
1449 576 1497 600 ac
1529 576 1648 613 super

232 646 275 670 se
293 635 495 682 quosdam
518 635 634 683 ignes
652 645 916 682 conspexere,
951 634 1245 671 circumventos
1270 647 1313 671 se
1338 646 1428 671 esse
1451 635 1524 670 rati
1549 647 1649 683 prae-

232 704 336 740 sidio
370 716 594 741 excessere.
644 704 736 750 Qua
758 704 923 741 minime
947 706 1087 741 densae
1111 705 1317 742 micabant
1334 705 1518 749 flammae,
1544 705 1650 741 velut

230 774 469 810 tutissimum
513 775 586 811 iter
629 780 815 824 petentes
858 787 1012 812 summa
1055 776 1252 812 montium
1290 775 1396 824 iuga,
1440 781 1577 812 tamen
1608 776 1649 812 in

190 844 432 893 5quosdam
480 846 605 882 boves
653 846 812 895 palatos
860 858 883 881 a
931 846 1012 882 suis
1058 846 1247 894 gregibus
1294 846 1535 882 inciderunt.
1599 846 1651 882 Et

230 916 360 964 primo
404 928 526 964 quum
568 917 707 965 procul
756 921 980 960 cernerent,
1027 916 1145 952 veluti
1189 916 1372 952 flammas
1415 916 1650 965 spirantium

189 985 214 1024 (5
230 985 422 1022 miraculo
456 986 616 1022 attoniti
650 986 935 1031 constiterunt;
971 986 1123 1023 deinde
1165 991 1207 1022 ut
1249 986 1426 1023 humana
1466 987 1651 1036 apparuit

230 1056 350 1101 fraus,
385 1062 469 1093 tum
486 1069 580 1093 vero
598 1056 767 1093 insidias
790 1057 863 1093 rati
888 1069 992 1101 esse,
1026 1069 1116 1093 cum
1141 1058 1295 1094 maiore
1321 1058 1490 1093 tumultu
1515 1057 1651 1094 conci-

230 1132 317 1163 tant
342 1139 384 1163 se
409 1128 450 1163 in
475 1127 625 1175 fugam.
673 1127 770 1163 Levi
797 1140 961 1176 quoque
987 1133 1196 1164 armaturae
1225 1127 1401 1164 hostium
1427 1128 1648 1171 incurrere;

230 1202 406 1234 ceterum
439 1210 521 1234 nox
554 1203 713 1246 aequato
747 1198 890 1235 timore
923 1203 1089 1235 neutros
1121 1210 1300 1247 pugnarn
1332 1197 1572 1246 incipientes
1597 1198 1650 1233 ad

191 1267 212 1307 7
232 1268 359 1304 lucem
393 1268 534 1305 tenuit.
596 1268 756 1305 Interea
789 1275 876 1306 toto
910 1269 1072 1318 agmine
1105 1268 1311 1305 Hannibal
1354 1269 1540 1304 traducto
1580 1280 1651 1317 per

230 1339 386 1383 saltum,
427 1343 468 1375 et
499 1339 742 1387 quibusdam
779 1340 821 1375 in
861 1340 950 1388 ipso
992 1339 1093 1376 saltu
1133 1339 1308 1375 hostium
1351 1338 1570 1387 oppressis,
1610 1338 1652 1374 in

230 1422 328 1458 agro
362 1410 538 1446 Allifano
570 1410 707 1459 posuit
738 1415 882 1447 castra.

349 1480 468 1517 Hunc
502 1481 712 1517 tumultum
745 1481 871 1518 sensit
894 1481 1061 1524 Fabius;
1096 1485 1272 1516 ceterum
1306 1485 1346 1515 et
1368 1479 1536 1516 insidias
1561 1491 1650 1516 esse

230 1555 337 1588 ratus
371 1556 411 1588 et
436 1552 486 1587 ab
512 1557 713 1588 nocturno
738 1552 875 1599 utique
900 1552 1124 1587 abhorrens
1142 1550 1375 1594 certamine,
1403 1562 1498 1587 suos
1523 1550 1651 1587 muni-

189 1621 374 1660 2mentis
407 1622 547 1658 tenuit.
611 1621 720 1658 Luce
760 1622 888 1670 prima
927 1622 1000 1658 sub
1039 1621 1135 1669 iugo
1167 1620 1316 1657 montis
1349 1620 1533 1669 proelium
1565 1620 1649 1665 fuit,

231 1704 312 1740 quo
357 1693 616 1729 interclusam
658 1694 708 1728 ab
753 1692 833 1729 suis
875 1692 1003 1728 levem
1048 1696 1291 1728 armaturam
1337 1691 1454 1728 facile
1487 1689 1649 1741 (etenim

230 1775 398 1799 numero
441 1763 691 1811 aliquantum
733 1763 994 1813 praestabant)
1036 1762 1210 1799 Romani
1254 1766 1531 1810 superassent,
1575 1761 1650 1798 nisi

230 1834 507 1883 Hispanorum
531 1834 679 1871 cohors
705 1835 759 1870 ad
780 1834 824 1870 id
846 1834 979 1882 ipsum
1003 1833 1170 1870 remissa
1194 1833 1244 1868 ab
1263 1832 1495 1869 Hannibale
1513 1844 1650 1880 super-

189 1902 418 1941 3venisset.
482 1904 543 1940 Ea
575 1904 773 1941 assuetior
800 1904 1006 1941 montibus
1039 1909 1079 1940 et
1111 1904 1165 1939 ad
1198 1903 1523 1940 concursandum
1547 1903 1651 1939 inter

231 1987 327 2012 saxa
358 1987 560 2024 rupesque
599 1975 730 2023 aptior
769 1987 818 2011 ac
856 1974 980 2011 levior
1018 1986 1140 2022 quum
1173 1973 1386 2010 velocitate
1418 1985 1648 2021 corporum,

231 2050 313 2081 tum
356 2057 558 2082 armorum
602 2045 754 2090 habitu,
798 2050 1066 2094 campestrem
1109 2044 1281 2088 hostem,
1324 2055 1487 2091 gravem
1530 2043 1649 2080 armis

191 2115 532 2164 4statariumque‚
566 2128 712 2165 pugnae
744 2127 894 2164 genere
928 2115 1045 2151 facile
1073 2115 1201 2151 elusit.
1249 2114 1309 2150 Ita
1332 2114 1649 2162 haudquaquam

231 2186 315 2234 pari
364 2186 583 2223 certamine
632 2187 816 2235 digressi,
864 2185 1037 2234 Hispani
1090 2185 1172 2221 fere
1220 2196 1363 2221 omnes
1410 2183 1648 2227 incolumes,

231 2257 405 2293 Romani
438 2257 592 2305 aliquot
624 2258 704 2294 suis
737 2257 893 2294 amissis
926 2257 967 2293 in
999 2261 1131 2293 castra
1163 2255 1476 2292 contenderunt.

190 2326 216 2365 ἶ)
351 2327 500 2364 Fabius
542 2340 705 2376 quoque
748 2327 873 2364 movit
915 2332 1058 2371 castra,
1107 2331 1461 2374 transgressusque
1505 2324 1649 2361 saltum

192 2398 216 2434 ὅ
233 2410 352 2446 super
370 2397 508 2435 Allifas
540 2398 632 2434 loco
667 2399 748 2434 alto
783 2410 830 2434 ac
862 2397 1017 2433 munito
1050 2396 1251 2433 consedit.
1300 2395 1406 2431 Tum
1437 2407 1508 2444 per
1535 2395 1648 2432 Sam-

230 2467 338 2504 nium
358 2469 531 2504 Romam
564 2480 606 2505 se
639 2473 776 2518 petere
802 2468 994 2504 simulans
1013 2466 1220 2503 Hannibal
1243 2477 1370 2514 usque
1393 2465 1433 2501 in
1457 2464 1647 2512 Pelignos

230 2539 546 2587 populabundus
577 2539 715 2583 rediit;
759 2538 906 2574 Fabius
951 2537 1109 2573 medius
1151 2537 1253 2573 inter
1292 2535 1466 2572 hostium
1499 2546 1648 2582 agmen

231 2609 450 2657 urbemque
463 2609 636 2645 Romam
649 2609 751 2657 iugis
765 2609 954 2652 ducebat,
968 2619 1044 2644 nec
1057 2606 1257 2643 absistens
1271 2617 1346 2642 nec
1360 2604 1645 2654 congrediens.
