1768 2943
671 135 775 166 Liber
801 135 893 166 XXI.
1460 136 1485 175 3

70 267 310 306 Hannibalis
343 266 559 303 fruendum
591 266 773 315 praebuit,
807 265 912 302 iusto
945 265 1030 301 iure
1064 277 1156 301 eum
1188 278 1213 301 a
1245 265 1325 302 filio
1358 266 1486 314 repeti

70 343 228 382 censet;
261 349 338 374 nos
356 342 493 373 tamen
510 337 675 373 minime
693 338 813 373 decet
831 336 1079 372 iuventutem
1096 340 1279 372 nostram
1296 348 1370 384 pro
1388 336 1488 372 mili-

69 408 143 445 tari
174 408 404 444 rudimento
438 407 694 444 assuefacere
720 407 876 443 libidini
903 411 1133 455 praetorum.
1179 406 1243 442 An
1267 406 1346 442 hoc
1374 404 1528 444 time-5

69 491 170 523 mus,
203 491 255 515 ne
287 477 528 515 Hamilcaris
566 477 668 514 filius
706 478 824 514 nimis
864 489 955 513 sero
988 476 1157 525 imperia
1194 476 1417 513 immodica
1449 481 1489 512 et

68 549 182 598 regni
199 548 356 598 paterni
375 548 551 597 speciem
577 548 726 592 videat,
752 553 804 592 et,
829 548 940 584 cuius
958 547 1064 596 regis
1085 558 1239 595 genero
1257 546 1489 582 hereditarii

69 620 148 657 sint
163 619 288 656 relicti
315 618 512 655 exercitus
528 618 670 663 nostri,
689 618 775 655 eius
803 618 883 654 filio
910 629 1052 666 parum
1068 622 1224 653 mature
1242 614 1488 653 serviamus?

69 691 159 739 Ego
192 690 311 726 istum
342 690 530 725 iuvenem
563 688 675 725 domi
698 689 923 724 tenendum
948 688 1021 724 sub
1051 687 1221 736 legibus,
1256 688 1329 724 sub
1361 686 1528 735 magi-6

70 760 270 805 stratibus,
303 760 538 796 docendum
557 759 688 795 vivere
707 770 824 807 aequo
841 758 925 794 iure
950 770 1042 795 cum
1069 758 1212 794 ceteris
1237 769 1403 802 censeo,
1435 770 1488 793 ne

69 831 320 879 quandoque
351 842 497 879 parvus
529 830 593 866 hic
625 829 730 878 ignis
768 829 1005 866 incendium
1042 829 1188 877 ingens
1228 828 1483 864 exsuscitet.»

69 902 205 946 Pauci,
237 913 286 938 ac
318 901 443 937 ferme
476 901 652 949 optimus
685 899 867 949 quisque,
901 899 1097 936 Hannoni
1137 900 1480 942 assentiebantur;

71 973 157 1017 sed,
190 977 233 1008 ut
263 973 499 1021 plerumque
531 970 586 1015 fit,
619 971 749 1008 maior
781 982 874 1020 pars
906 971 1115 1007 meliorem
1147 970 1253 1007 vicit.

187 1042 336 1080 Missus
367 1042 574 1079 Hannibal
605 1042 647 1078 in
680 1041 920 1090 Hispaniam
963 1042 1093 1090 primo
1132 1041 1264 1078 statim
1309 1041 1488 1076 adventu

71 1126 234 1150 omnem
267 1113 484 1150 exercitum
508 1114 550 1149 in
574 1125 618 1150 se
642 1113 858 1156 convertit;
892 1111 1165 1148 Hamilcarem
1187 1112 1375 1148 iuvenem
1397 1112 1488 1147 red—
1503 1110 1529 1149 2

71 1184 198 1220 ditum
230 1183 304 1220 sibi
336 1189 492 1220 veteres
516 1184 661 1219 milites
686 1183 873 1227 credere;
907 1183 1085 1218 eundem
1108 1182 1289 1230 vigorem
1316 1182 1357 1218 in
1380 1182 1488 1217 vultu

69 1254 229 1302 vimque
260 1255 302 1290 in
334 1254 474 1299 oculis,
506 1254 688 1290 habitum
721 1253 801 1290 oris
828 1254 1156 1301 lineamentaque
1178 1252 1337 1289 intueri.
1382 1252 1487 1288 Dein

70 1325 179 1361 brevi
207 1322 355 1369 effecit,
388 1329 432 1360 ut
450 1329 565 1373 pater
589 1325 630 1360 in
656 1337 698 1361 se
723 1324 931 1360 minimum
953 1328 1206 1360 momentum
1228 1324 1283 1360 ad
1309 1323 1486 1360 favorem

69 1395 370 1432 conciliandum
403 1400 523 1431 esset.
571 1395 789 1443 Nunquam
821 1395 1030 1444 ingenium
1057 1395 1168 1431 idem
1195 1395 1250 1430 ad
1272 1406 1337 1430 res
1360 1394 1488 1430 diver-
1504 1392 1529 1431 3

69 1466 261 1510 sissimas,
293 1466 521 1514 parendum
553 1471 675 1514 atque
698 1467 995 1515 imperandum,
1030 1466 1201 1502 habilius
1230 1465 1314 1501 fuit.
1347 1465 1487 1512 Itaque

69 1537 179 1573 haud
211 1536 328 1573 facile
361 1536 627 1580 discerneres,
661 1541 791 1572 utrum
815 1537 1048 1585 imperatori
1072 1549 1124 1572 an
1150 1536 1340 1572 exercitui
1359 1536 1489 1572 carior

68 1612 194 1651 esset;
227 1619 360 1655 neque
378 1606 611 1643 Hasdrubal
629 1607 750 1643 alium
774 1618 1021 1655 quemquam
1042 1607 1247 1655 praeficere
1271 1607 1402 1650 malle,
1422 1606 1487 1641 ubi
1503 1602 1530 1642 4

68 1678 166 1725 quid
199 1677 353 1714 fortiter
385 1689 433 1713 ac
465 1682 627 1713 strenue
660 1678 867 1726 agendum
901 1683 1030 1721 esset,
1064 1688 1198 1724 neque
1230 1677 1376 1713 milites
1409 1676 1487 1712 alio

68 1749 172 1784 duce
204 1747 292 1796 plus
325 1747 533 1784 confidere
557 1753 627 1784 aut
648 1748 813 1784 audere.
862 1748 1079 1784 Plurimum
1104 1746 1287 1783 audaciae
1312 1748 1366 1782 ad
1384 1747 1487 1795 peri·
1502 1745 1528 1783 ζ)

67 1819 156 1855 cula
188 1819 457 1867 capessenda,
491 1818 705 1866 plurimum
738 1819 895 1854 consilii
927 1818 1031 1854 inter
1062 1819 1151 1866 ipsa
1182 1818 1360 1866 pericula
1388 1823 1486 1853 erat.

66 1888 185 1926 Nullo
218 1889 357 1925 labore
389 1893 459 1924 aut
490 1901 638 1937 corpus
671 1889 830 1937 fatigari
862 1894 932 1924 aut
970 1889 1128 1924 animus
1170 1888 1275 1924 vinci
1314 1892 1487 1936 poterat.

67 1959 223 1996 Caloris
256 1971 303 1996 ac
336 1959 494 2008 frigoris
526 1959 725 2009 patientia
755 1970 847 2008 par;
882 1959 959 1995 cibi
992 1959 1254 2008 potionisque
1280 1958 1486 1995 desiderio
1503 1956 1527 1995 6

65 2030 248 2074 naturali,
268 2042 354 2066 non
372 2031 579 2080 voluptate
599 2031 747 2067 modus
766 2030 899 2066 finitus
910 2041 919 2074 ;
938 2029 1160 2078 vigiliarum
1177 2029 1393 2077 somnique
1411 2041 1487 2065 nec

66 2100 132 2136 die
164 2112 240 2137 nec
257 2105 380 2137 nocte
399 2101 676 2138 discriminata
700 2106 907 2149 tempora;
933 2100 989 2144 id,
1016 2100 1130 2147 quod
1155 2100 1349 2148 gerendis
1366 2100 1486 2135 rebus
1503 2097 1524 2136 7

65 2175 307 2218 superesset,
341 2171 465 2219 quieti
487 2172 648 2215 datum;
682 2184 732 2207 ea
748 2183 882 2219 neque
900 2171 1010 2207 molli
1029 2175 1153 2206 strato
1172 2181 1308 2217 neque
1327 2169 1486 2205 silentio

64 2241 279 2284 accersita;
313 2242 425 2277 multi
458 2254 566 2290 saepe
592 2242 751 2277 militari
776 2241 918 2290 sagulo
944 2246 1129 2290 opertum
1158 2241 1268 2276 humi
1285 2240 1486 2276 iacentem

64 2311 166 2347 inter
198 2312 407 2348 custodias
440 2312 722 2360 stationesque
754 2310 921 2348 militum
955 2315 1271 2360 conspexerunt.
1305 2308 1526 2347 Vestitusss

64 2381 160 2417 nihil
176 2381 279 2418 inter
297 2382 472 2430 aequales
491 2383 693 2419 excellens
704 2394 713 2426 ;
732 2395 843 2418 arma
863 2388 984 2430 atque
1003 2382 1095 2430 equi
1114 2380 1484 2428 conspiciebantur.

64 2450 253 2499 Equitum
284 2453 548 2500 peditumque
579 2454 689 2489 idem
722 2453 844 2501 longe
876 2452 1027 2501 primus
1065 2456 1168 2494 erat;
1217 2450 1405 2498 princeps
1444 2449 1484 2484 in

63 2522 246 2570 proelium
271 2522 368 2567 ibat,
401 2523 561 2559 ultimus
585 2528 776 2560 conserto
797 2523 940 2572 proelio
965 2522 1203 2558 excedebat.
1237 2519 1324 2555 Has
1342 2523 1476 2555 tantas
1500 2519 1524 2558 9

64 2591 132 2627 viri
149 2592 311 2629 virtutes
329 2593 509 2642 ingentia
531 2594 625 2629 vitia
649 2594 878 2641 aequabant,
900 2593 1120 2628 inhumana
1139 2589 1367 2633 crudelitas,
1392 2601 1482 2637 per-

64 2661 159 2698 fidia
190 2663 278 2710 plus
311 2675 432 2711 quam
453 2664 618 2708 Punica,
654 2664 750 2700 nihil
773 2664 867 2706 veri,
903 2662 998 2698 nihil
1025 2660 1166 2704 sancti,
1202 2659 1333 2695 nullus
1362 2660 1483 2695 deum

1204 2726 1242 2759 1*
