1789 2955
528 129 632 159 Liber
658 129 764 159 XXV.
812 128 866 170 (A.
895 129 956 160 Ch.
983 128 1077 172 212.)
1429 131 1513 171 253

96 261 221 309 polim
253 265 294 296 et
324 259 506 308 Tycham
540 258 723 310 (nomina
748 273 796 296 ea
821 261 991 308 partium
1015 261 1122 297 urbis
1147 266 1186 296 et
1210 261 1334 296 instar
1359 261 1514 297 urbium

98 327 204 380 sunt)
236 329 373 379 posuit
404 335 548 374 castra,
582 330 741 375 timens,
776 343 840 375 ne,
875 332 907 368 si
940 331 1166 378 frequentia
1198 331 1387 367 intrasset
1409 332 1512 374 loca,

98 400 296 437 contineri
321 400 372 436 ab
397 400 580 436 discursu
605 401 718 436 miles
743 401 884 437 avidus
902 402 1050 449 praedae
1069 413 1153 437 non
1170 406 1323 448 posset.
1372 401 1515 449 Legati
1530 401 1555 440 ὃ

98 482 149 507 eo
182 471 233 506 ab
266 469 409 518 Tycha
441 475 480 506 et
503 469 677 518 Neapoli
710 482 800 506 cum
824 471 957 507 infulis
983 476 1022 507 et
1046 471 1281 507 velamentis
1306 477 1514 511 venerunt,

97 545 324 589 precantes,
349 544 392 576 ut
416 552 440 576 a
465 540 643 576 caedibus
669 546 709 576 et
733 541 784 576 ab
809 541 1009 577 incendiis
1035 546 1278 589 parceretur.
1329 540 1390 576 De
1417 553 1516 589 quo·
1533 540 1553 579 Ῑ

97 623 183 647 rum
206 611 393 659 precibus
417 622 538 658 quam
555 611 767 659 postulatis
786 612 914 659 magis
933 612 1104 648 consilio
1123 611 1276 655 habito,
1302 611 1517 648 Marcellus

98 694 147 718 ex
172 682 352 718 omnium
377 680 579 717 sententia
603 681 728 716 edixit
752 681 954 726 militibus,
988 694 1040 717 ne
1065 682 1153 729 quis
1178 682 1345 717 liberum
1371 693 1518 730 corpus

98 752 284 789 violaret:
318 756 454 787 cetera
485 751 633 798 praedae
660 751 802 788 futura.
867 751 1010 787 Castra
1035 752 1197 788 obiectu
1221 752 1419 799 parietum
1444 764 1517 800 pro
1534 752 1557 791 ὃ

98 834 212 858 muro
246 827 389 870 saepta;
426 821 553 869 portis
586 822 753 869 regione
787 823 1008 870 platearum
1042 822 1286 870 patentibus,
1321 822 1518 858 stationes

98 892 368 941 praesidiaque
392 891 607 939 disposuit,
633 904 684 927 ne
710 892 797 939 quis
822 893 863 928 in
888 893 1071 930 discursu
1095 893 1263 928 militum
1286 893 1460 941 impetus
1478 893 1518 928 in

100 967 231 999 castra
261 961 344 997 fieri
369 967 522 1009 posset.
571 961 674 997 Inde
699 962 816 1010 signo
843 963 941 999 dato
966 964 1109 999 milites
1137 964 1425 1006 discurrerunt;
1458 963 1559 1001 re-9

101 1032 316 1080 fractisque
341 1031 507 1076 foribus,
536 1044 657 1079 quum
684 1033 821 1069 omnia
844 1038 995 1070 terrore
1020 1046 1067 1070 ac
1094 1034 1262 1069 tumultu
1281 1038 1518 1081 streperent,

101 1115 125 1139 a
180 1102 359 1139 caedibus
412 1107 548 1138 tamen
597 1108 862 1151 temperatum
911 1110 990 1148 est;
1047 1104 1198 1152 rapinis
1248 1103 1377 1139 nullus
1425 1109 1520 1138 ante

100 1174 248 1210 modus
280 1172 366 1217 fuit,
407 1184 528 1220 quam
562 1173 699 1209 omnia
732 1174 920 1211 diuturna
952 1174 1142 1210 felicitate
1176 1173 1378 1210 cumulata
1410 1173 1521 1209 bona

103 1249 353 1292 egesserunt.
431 1242 540 1279 Inter
580 1244 664 1280 haec
704 1250 744 1280 et
774 1245 1050 1289 Philodemus,
1092 1257 1215 1292 quum
1255 1255 1348 1292 spes
1388 1244 1521 1279 auxilii
1538 1244 1592 1283 10

100 1314 209 1350 nulla
241 1319 362 1358 esset,
396 1312 477 1349 fide
510 1319 693 1362 accepta,
728 1320 770 1350 ut
800 1315 1015 1352 inviolatus
1043 1315 1098 1351 ad
1123 1315 1336 1363 Epicyden
1358 1315 1520 1358 rediret,

101 1385 280 1421 deducto
299 1383 488 1432 praesidio
507 1384 675 1420 tradidit
690 1386 884 1421 tumulum
898 1386 1108 1422 Romanis.
1157 1385 1317 1421 Aversis
1335 1385 1523 1421 omnibus
1542 1384 1589 1423 11

101 1456 156 1492 ad
195 1455 406 1494 tumultum
443 1467 492 1491 ex
531 1460 644 1503 parte
678 1461 807 1504 captae
839 1456 961 1500 urbis,
1002 1455 1203 1492 Bomilcar
1235 1461 1399 1492 noctem
1433 1467 1522 1491 eam

100 1531 257 1570 nactus,
298 1537 378 1574 qua
415 1531 582 1574 propter
620 1527 697 1562 vim
737 1527 989 1575 tempestatis
1029 1532 1135 1562 stare
1169 1527 1223 1562 ad
1255 1538 1449 1563 ancoram
1482 1525 1522 1561 in

101 1596 188 1633 salo
205 1597 395 1633 Romana
417 1597 556 1633 classis
581 1609 666 1633 non
690 1602 844 1645 posset,
871 1610 961 1633 cum
979 1597 1141 1645 triginta
1159 1597 1337 1645 quinque
1356 1596 1524 1632 navibus
1542 1595 1594 1636 12

102 1679 151 1702 ex
195 1671 314 1714 portu
346 1666 603 1714 Syracusano
646 1667 853 1715 profectus
899 1668 1024 1703 libero
1068 1667 1167 1702 mari
1208 1667 1296 1703 vela
1327 1667 1368 1703 in
1401 1667 1523 1702 altum

102 1737 230 1781 dedit,
249 1737 427 1784 quinque
445 1742 485 1772 et
503 1737 797 1785 quinquaginta
813 1738 983 1774 navibus
995 1736 1190 1786 Epicydae
1209 1742 1249 1773 et
1261 1736 1523 1785 Syracusanis

101 1806 268 1850 relictis3
303 1806 543 1855 edoctisque
568 1806 985 1856 Carthaginiensibus,
1018 1808 1059 1844 in
1084 1812 1238 1855 quanto
1264 1819 1326 1843 res
1356 1807 1524 1855 Syracu·
1542 1806 1595 1847 13

102 1889 203 1914 sana
235 1877 466 1914 discrimine
490 1883 610 1922 esset,
645 1890 734 1914 cum
760 1883 920 1915 centum
945 1879 1114 1914 navibus
1138 1883 1233 1926 post
1255 1889 1410 1925 paucos
1435 1877 1524 1913 dies

101 1947 218 1993 redit,
244 1947 390 1992 multis,
415 1954 459 1984 ut
483 1948 591 1985 fama
616 1954 689 1993 est,
715 1949 836 1985 donis
861 1961 909 1985 ex
927 1949 1118 1985 Hieronis
1142 1961 1244 1997 gaza
1269 1948 1320 1983 ab
1339 1946 1523 1995 Epicyde

102 2018 294 2055 donatus.

219 2088 447 2134 Marcellus,
472 2089 648 2139 Euryalo
673 2096 839 2138 recepto
858 2090 1129 2139 praesidioque
1147 2089 1305 2132 addito,
1332 2100 1412 2124 una
1431 2100 1525 2124 cura
1589 2085 1650 2130 26

102 2159 201 2195 liber
240 2164 338 2204 erat,
378 2172 429 2196 ne
470 2172 549 2208 qua
582 2161 633 2197 ab
666 2166 781 2208 tergo
815 2161 872 2197 vis
905 2161 1080 2197 hostium
1112 2161 1154 2196 in
1186 2171 1322 2196 arcem
1355 2163 1525 2207 accepta

102 2230 281 2267 inclusos
312 2229 616 2279 impeditosque
647 2231 848 2267 moenibus
873 2242 968 2267 suos
993 2231 1183 2267 turbaret.
1247 2230 1524 2267 Achradinam
1540 2228 1566 2268 2

102 2300 213 2343 inde,
238 2299 351 2336 trinis
376 2300 515 2337 castris
540 2312 611 2348 per
627 2300 781 2338 idonea
799 2302 1007 2350 dispositis
1025 2302 1129 2345 loca,
1155 2313 1241 2349 spe,
1271 2301 1325 2336 ad
1342 2300 1524 2348 inopiam

104 2370 284 2407 omnium
308 2381 440 2406 rerum
465 2370 645 2407 inclusos
671 2372 942 2416 redacturum,
968 2371 1238 2408 circumsedit.
1294 2370 1428 2416 Quum
1454 2368 1565 2418 per3

103 2441 259 2488 aliquot
282 2441 372 2478 dies
397 2441 542 2489 quietae
560 2441 756 2478 stationes
775 2442 960 2489 utrinque
979 2441 1161 2486 fuissent,
1186 2445 1354 2488 repente
1372 2440 1524 2475 adven-

103 2516 167 2548 tus
184 2510 446 2560 Hippocratis
471 2516 511 2547 et
528 2510 781 2556 Himilconis,
807 2517 849 2547 ut
872 2512 975 2548 ultro
994 2512 1174 2559 undique
1192 2515 1524 2559 oppugnarentur

104 2582 293 2626 Romani,
321 2581 427 2618 fecit.
475 2581 580 2618 Nam
604 2586 644 2617 et
661 2581 948 2630 Hippocrates,
978 2582 1117 2619 castris
1143 2582 1198 2617 ad
1222 2592 1413 2628 magnum
1431 2579 1565 2628 por-4

105 2656 189 2688 tum
212 2652 468 2689 communitis
494 2652 693 2700 signoque
716 2652 763 2688 iis
788 2653 901 2697 dato,
927 2653 994 2700 qui
1011 2650 1287 2688 Achradinam
1315 2651 1521 2694 tenebant,
