1789 2955
225 107 311 148 264
655 107 759 138 Liber
785 107 893 138 xxv.
937 107 990 151 (A.
1012 119 1042 140 u.
1065 119 1092 140 c.
1115 108 1209 152 542.)

186 235 208 274 7
225 242 377 286 posset,
406 237 494 286 ipse
519 243 626 274 certe
652 250 742 275 cum
766 239 884 275 fratre
910 240 1174 289 coniungeret
1199 239 1368 290 copias?
1400 242 1473 279 His
1498 243 1639 280 anxius

226 307 329 344 curis
353 307 396 343 id
419 308 547 344 modo
572 320 662 344 esse
688 309 860 345 salutare
884 309 924 346 in
950 321 1127 358 praesens
1145 312 1351 355 credebat,
1378 313 1524 349 cedere
1541 314 1639 349 inde

226 382 419 425 quantum
459 383 618 426 posset;
660 383 699 414 et
736 391 817 415 una
856 386 990 424 nocte,
1030 380 1179 428 ignaris
1220 381 1402 418 hostibus
1441 387 1481 418 et
1512 383 1566 418 ob
1599 383 1640 418 id

186 445 210 487 8
226 446 383 495 quietis,
424 447 672 495 aliquantum
712 461 900 486 emensus
940 455 1000 487 est
1038 451 1124 487 iter.
1201 450 1311 488 Luce
1350 457 1392 487 ut
1430 457 1643 488 senserunt

226 517 447 566 profectos,
481 518 619 554 hostes
652 519 866 567 praemissis
894 519 1079 556 Numidis
1113 533 1232 568 quam
1257 526 1447 570 poterant
1469 522 1642 558 maxime

227 587 350 624 citato
369 587 530 635 agmine
549 589 901 638 sequi-coeperunt.
945 591 1050 627 Ante
1068 596 1230 627 noctem
1250 591 1423 628 assecuti
1441 591 1641 636 Numidae,

186 656 212 696 9
226 669 334 694 nunc
352 658 403 693 ab
422 662 550 706 tergo,
569 672 677 697 nunc
694 660 735 696 in
753 661 878 696 latera
895 659 1160 704 incursantes,
1181 662 1402 698 consistere
1422 667 1644 710 coegerunt

228 740 274 764 ac
317 727 435 764 tutari
479 740 646 776 agmen;
695 735 887 778 quantum
928 736 1098 778 possent
1139 736 1274 767 tamen
1316 732 1398 773 niti,
1448 737 1490 767 ut
1530 732 1643 768 simul

227 803 456 846 pugnarent
482 801 847 848 procederentque,
878 801 1012 849 Scipio
1041 801 1286 845 hortabatur,
1316 802 1547 850 priusquam
1575 815 1644 851 pe-

102 863 164 908 36
226 869 383 905 destres
416 869 545 918 copiae
577 876 900 918 assequerentur.
965 870 1151 907 Ceterum
1184 884 1292 909 nunc
1325 873 1503 921 agendo,
1537 885 1644 910 nunc

229 939 470 976 sustinendo
488 952 635 988 agmen
653 953 773 988 quum
793 942 1039 990 aliquamdiu
1058 942 1167 978 haud
1180 943 1345 979 multum
1359 943 1646 991 procederetur

187 1007 214 1048 2
229 1015 269 1046 et
293 1021 374 1046 nox
398 1009 479 1046 iam
502 1009 681 1056 instaret,
709 1018 873 1049 revocat
898 1026 916 1048 e
939 1013 1082 1061 proelio
1107 1025 1203 1050 suos
1227 1013 1362 1061 Scipio
1388 1018 1427 1049 et
1452 1013 1645 1050 collectos

229 1080 269 1116 in
295 1080 489 1116 tumulum
513 1082 720 1128 quendam
743 1094 828 1119 non
854 1082 1017 1131 quidem
1044 1083 1140 1119 satis
1164 1088 1305 1127 tutum,
1330 1083 1550 1131 praesertim
1576 1096 1646 1132 ag-

229 1150 326 1187 mini
363 1151 564 1200 perculso,
607 1152 820 1189 editiorem
860 1158 1010 1197 tamen,
1055 1166 1173 1202 quam
1214 1159 1347 1190 cetera
1380 1153 1485 1190 eirca
1517 1158 1645 1197 erant,

190 1218 433 1260 3subducit.
504 1221 563 1258 Ibi
602 1222 731 1271 primo
771 1223 1072 1272 impedimentis
1113 1229 1152 1260 et
1183 1225 1361 1273 equitatu
1394 1224 1435 1260 in
1466 1223 1646 1265 medium

229 1292 402 1341 receptis
428 1292 662 1329 circumdati
687 1294 847 1342 pedites
872 1295 982 1330 haud
1007 1294 1220 1331 difficulter
1243 1295 1415 1343 impetus
1439 1295 1647 1331 incursan-

189 1359 328 1400 4tium
351 1362 618 1399 Numidarum
641 1365 853 1408 arcebant;
888 1366 996 1409 dein,
1029 1370 1245 1413 postquam
1271 1370 1358 1401 toto
1383 1365 1544 1413 agmine
1566 1371 1647 1400 tres

230 1433 495 1482 imperatores
513 1445 604 1470 cum
621 1433 745 1471 tribus
762 1434 874 1471 iustis
893 1435 1131 1472 exercitibus
1149 1436 1321 1471 aderant
1338 1435 1646 1484 apparebatque,

230 1516 373 1553 parurn
413 1503 532 1540 armis
570 1504 625 1539 ad
662 1505 857 1541 tuendum
890 1506 1022 1542 locum
1056 1505 1142 1542 sine
1174 1506 1426 1541 munimento
1459 1505 1649 1542 valituros

191 1571 337 1618 5esse‚
371 1574 706 1622 circumspectare
738 1580 858 1623 atque
892 1576 1044 1624 agitare
1077 1576 1158 1611 dux
1191 1575 1325 1623 coepit,
1360 1575 1391 1611 si
1416 1587 1496 1623 quo
1521 1576 1649 1612 modo

233 1649 375 1692 posset
397 1644 542 1680 vallum
567 1644 850 1682 circumiicere.
906 1646 989 1682 Sed
1013 1651 1098 1682 erat
1121 1646 1229 1682 adeo
1253 1646 1389 1682 nudus
1413 1646 1586 1682 tumulus
1611 1650 1651 1682 et

234 1715 367 1763 asperi
400 1715 488 1758 soli,
522 1721 565 1751 ut
595 1728 670 1752 nec
704 1716 871 1765 virgulta
903 1717 1006 1752 vallo
1041 1716 1242 1753 caedendo
1271 1728 1347 1752 nec
1370 1721 1474 1752 terra
1498 1716 1649 1765 caespiti

235 1785 426 1822 faciendo
465 1790 534 1821 aut
572 1786 773 1823 ducendae
813 1786 932 1822 fossae
966 1786 1079 1822 aliive
1113 1785 1178 1822 ulli
1212 1786 1324 1834 operi
1357 1791 1452 1835 apta
1483 1785 1651 1823 inveniri

194 1856 218 1894 6
234 1861 393 1904 posset;
419 1868 495 1892 nec
519 1861 662 1892 natura
686 1856 899 1904 quicquam
924 1857 1020 1893 satis
1045 1857 1213 1892 arduum
1240 1861 1308 1892 aut
1332 1857 1533 1893 abscisum
1551 1862 1649 1901 erat,

236 1927 349 1974 quod
380 1925 486 1962 hosti
519 1927 672 1962 aditum
705 1928 1000 1963 adscensumve
1032 1926 1235 1963 difficilem
1264 1927 1480 1975 praeberet;
1515 1927 1652 1963 omnia

197 1995 217 2034 7
237 1996 398 2044 fastigio
437 1997 515 2032 leni
554 1997 744 2033 subvexa.
822 1996 878 2033 Ut
916 2002 1052 2033 tamen
1092 1997 1267 2044 aliquam
1307 1996 1524 2044 imaginem
1563 1995 1651 2032 valli

238 2066 473 2111 obiicerent,
499 2066 664 2103 clitellas
688 2067 859 2115 illigatas
885 2067 1074 2103 oneribus
1099 2067 1204 2102 velut
1229 2072 1427 2103 struentes
1452 2067 1506 2102 ad
1523 2066 1652 2102 altitu-

238 2137 375 2174 dinem
401 2137 559 2174 solitam
585 2137 904 2181 circumdabant,
931 2138 1091 2174 cumulo
1117 2138 1361 2174 sarcinarum
1381 2137 1512 2173 omnis
1529 2149 1654 2185 gene-

199 2207 290 2247 Sris
330 2208 506 2252 obiecto,
546 2206 613 2243 ubi
652 2207 706 2242 ad
737 2207 988 2243 moliendum
1022 2207 1174 2244 clitellae
1208 2207 1435 2244 defuerant.
1513 2205 1652 2243 Punici

239 2278 435 2315 exercitus
467 2282 683 2326 postquam
717 2278 933 2321 advenere,
967 2278 1007 2313 in
1040 2278 1234 2314 tumulum
1267 2277 1430 2326 quidem
1462 2277 1654 2326 perfacile

239 2361 385 2396 agmen
411 2359 592 2391 erexere;
621 2347 854 2384 munitionis
880 2347 1004 2384 facies
1028 2360 1135 2384 nova
1157 2348 1287 2396 primo
1313 2360 1384 2384 eos
1409 2347 1514 2383 velut
1537 2346 1654 2382 mira-

199 2417 223 2457 9
240 2419 330 2456 culo
355 2419 536 2467 quodam
554 2418 693 2461 tenuit,
723 2429 845 2465 quum
863 2418 989 2454 duces
1006 2418 1186 2466 undique
1204 2417 1530 2460 vociferarentur,
1557 2416 1654 2464 quid

240 2494 392 2526 starent
416 2494 456 2524 et
479 2501 564 2525 non
588 2487 802 2524 ludibrium
826 2487 936 2530 illud,
965 2487 1027 2524 vix
1052 2487 1211 2524 feminis
1235 2488 1418 2536 puerisve
1445 2487 1654 2523 morandis

240 2559 336 2595 satis
377 2558 568 2603 validum,
611 2558 881 2594 distraherent
923 2556 1248 2606 diriperentque?
1297 2563 1456 2606 captum
1496 2558 1662 2593 hostem·

171 2627 380 2673 lOteneri‚
403 2628 596 2666 latentem
621 2633 715 2677 post
738 2627 930 2664 sarcinas.
978 2627 1077 2665 Haec
1102 2628 1364 2676 contemptim
1384 2628 1509 2664 duces
1527 2627 1657 2664 incre-
