1789 2955
513 69 628 104 Liber
654 66 816 102 xxvn.
873 68 932 109 (A.
961 67 1024 101 Ch.
1051 68 1147 111 209.)
1493 73 1539 109 71

115 200 246 245 fuere;
278 197 376 235 adeo
408 210 455 233 ex
485 196 619 245 parvis
660 208 763 244 saepe
795 207 1026 243 magnarum
1059 198 1257 232 momenta
1288 209 1420 233 rerum
1450 210 1545 246 pen-

116 270 221 307 dent.
267 268 469 307 Fremitus
488 269 593 306 enim
612 268 716 304 inter
733 266 902 303 Latinos
920 267 1125 316 sociosque
1153 267 1192 303 in
1226 268 1407 305 conciliis
1426 271 1546 314 ortus,
1565 270 1587 305 2

114 341 310 379 decimum
355 353 501 378 annum
547 339 781 385 dilectibus,
831 338 1042 387 stipendiis
1090 353 1131 376 se
1184 339 1396 377 exhaustos
1443 354 1544 387 esse3

117 413 330 463 quotannis
355 412 478 449 ferme
511 410 623 448 clade
653 422 797 459 magna
828 423 1026 459 pugnare;
1073 411 1173 448 alios
1219 411 1258 447 in
1291 412 1375 448 acie
1407 412 1549 459 occidi,
1569 414 1591 450 3

115 485 213 522 alios
245 483 381 521 morbo
413 483 589 529 absumi3
622 482 746 531 magis
769 481 902 531 perire
934 482 1012 519 sibi
1037 483 1173 530 civem,
1207 483 1275 532 qui
1299 483 1347 520 ab
1366 483 1545 520 Romano

116 556 227 593 miles
258 555 383 592 lectus
414 554 477 601 sit,
510 568 628 604 quam
659 554 728 603 qui
753 553 802 591 ab
828 553 952 590 Poeno
986 557 1141 604 captus:
1175 556 1322 604 quippe
1354 555 1403 592 ab
1434 554 1546 592 hoste

112 627 240 677 gratis
271 627 422 664 remitti
455 626 496 663 in
526 626 710 676 patriam,
744 625 793 663 ab
820 625 1013 663 Romanis
1045 630 1155 664 extra
1186 626 1349 663 Italiam
1372 626 1413 663 in
1446 627 1546 664 exsi—

114 699 211 736 lium
242 699 372 736 verius
414 712 532 747 quam
571 698 612 734 in
652 697 839 734 militiam
882 697 1074 746 ablegari.
1137 697 1332 737 Octavum
1372 699 1449 735 iam
1488 699 1589 736 ibi4

114 783 260 808 annum
292 782 494 807 senescere
527 769 773 807 Cannensem
805 769 985 815 militem,
1024 770 1261 807 moriturum
1293 774 1396 817 ante,
1428 783 1547 820 quam

113 841 234 880 Italia
278 842 415 889 hostis,
461 841 608 891 quippe
653 854 758 878 nunc
803 854 923 890 quum
976 842 1146 879 maxime
1191 842 1337 880 florens
1382 842 1547 890 viribus,

113 913 293 954 excedat.
355 912 399 950 Si
431 916 586 950 veteres
634 913 784 950 milites
815 926 894 950 non
939 913 1107 950 redeant
1152 914 1192 950 in
1224 914 1417 963 patriam,
1456 913 1589 952 novi5

112 985 307 1034 legantur,
337 985 451 1022 brevi
483 985 682 1022 neminem
707 985 1018 1034 superfuturum.
1081 985 1235 1035 Itaque,
1268 986 1375 1035 quod
1407 999 1547 1036 prope-

113 1056 217 1094 diem
247 1070 309 1095 res
339 1057 426 1106 ipsa
457 1060 650 1105 negatura
667 1057 729 1103 sit,
759 1057 991 1107 priusquam
1017 1057 1067 1094 ad
1090 1058 1271 1095 ultimam
1289 1058 1546 1096 solitudinem

111 1132 231 1179 atque
263 1132 476 1178 egestatem
508 1129 766 1179 perveniant,
801 1129 1026 1178 negandum
1059 1130 1205 1179 populo
1237 1130 1418 1167 Romano
1452 1143 1547 1167 esse.

111 1200 156 1238 Si
187 1201 479 1239 consentientes
512 1201 552 1238 in
584 1200 658 1237 hoc
691 1200 823 1238 socios
864 1200 1031 1238 videant
1061 1201 1258 1247 Romani,
1295 1203 1472 1251 profecto
1504 1201 1550 1239 de
1569 1202 1591 1237 6

112 1286 210 1323 pace
242 1286 330 1310 cum
347 1272 746 1321 Carthaginiensibus
771 1273 972 1320 iungenda
1000 1274 1267 1322 cogitaturos3
1300 1274 1418 1312 aliter
1449 1287 1547 1311 nun-

113 1358 232 1395 quam
262 1345 353 1383 vivo
385 1345 614 1382 Hannibale
647 1345 730 1382 sine
761 1345 867 1381 bello
905 1344 1068 1381 Italiam
1099 1346 1194 1383 fore.
1257 1345 1354 1382 Haec
1386 1348 1474 1382 acta
1505 1346 1549 1382 in

111 1417 303 1456 conciliis⁴
351 1416 536 1465 Triginta
565 1419 655 1453 tum
689 1416 854 1454 coloniae
887 1416 1026 1466 populi
1054 1416 1226 1453 Romani
1258 1420 1390 1463 erant3
1425 1430 1471 1453 ex
1504 1417 1552 1454 iis
1572 1417 1593 1451 7

111 1489 334 1536 duodecim,
366 1502 486 1538 quum
517 1489 690 1526 omnium
723 1488 943 1537 legationes
960 1489 1099 1525 Romae
1127 1491 1268 1534 essent,
1301 1491 1549 1537 negaverunt

112 1561 355 1607 consulibus,
388 1574 482 1607 esse,
514 1560 620 1598 unde
652 1560 801 1598 milites
832 1560 1118 1610 pecuniamque
1142 1560 1293 1598 darent.
1339 1560 1408 1596 Eae
1440 1560 1549 1596 fuere

114 1633 263 1682 Ardea,
283 1633 446 1682 Nepete,
465 1632 657 1681 Sutrium,
686 1631 806 1678 Alba,
834 1631 1025 1680 Carseoli,
1057 1632 1166 1679 Sora,
1198 1631 1355 1681 Suessa,
1391 1631 1548 1678 Circeii,

115 1703 238 1751 Setia,
262 1704 390 1751 Cales,
417 1703 583 1750 Narnia,
610 1703 852 1741 Interamna.
897 1704 1011 1742 Nova
1042 1717 1083 1740 re
1116 1704 1297 1740 consules
1330 1704 1410 1750 icti,
1427 1703 1590 1752 quumS

115 1776 338 1815 absterrere
370 1789 436 1813 eos
468 1789 490 1812 a
519 1778 600 1812 tam
633 1775 864 1813 detestabili
905 1776 1073 1813 consilio
1112 1776 1281 1825 vellent,
1315 1775 1549 1824 castigando

115 1847 440 1898 increpandoque
471 1848 561 1897 plus
593 1860 710 1896 quam
743 1847 886 1884 leniter
917 1847 1071 1895 agendo
1088 1847 1339 1896 profecturos
1363 1847 1452 1893 rati,
1484 1860 1549 1884 eos

116 1933 232 1958 ausos
249 1933 333 1957 esse
351 1919 578 1957 consulibus
596 1919 735 1956 dicere
754 1918 926 1965 aiebant,
957 1919 1064 1968 quod
1082 1919 1264 1956 consules
1294 1921 1338 1955 ut
1357 1918 1397 1955 in
1415 1921 1555 1955 senatu
1573 1919 1595 1954 9

114 1992 430 2042 pronuntiarent,
474 1992 515 2028 in
556 1991 734 2029 animum
774 1990 961 2027 inducere
1001 2003 1079 2027 non
1119 1993 1297 2039 possent,
1337 2004 1414 2028 non
1448 1991 1550 2027 enirn

117 2063 447 2101 detrectationem
479 2077 564 2100 eam
587 2075 795 2100 munerum
824 2062 988 2108 militiae,
1008 2062 1077 2099 sed
1094 2065 1273 2111 apertam
1289 2061 1550 2099 defectionem

117 2148 140 2172 a
170 2136 319 2185 populo
351 2135 531 2172 Romano
565 2148 660 2172 esse.
707 2134 904 2171 Redirent
935 2134 1069 2183 itaque
1101 2147 1271 2184 propere
1303 2134 1345 2171 in
1378 2134 1555 2171 colonias
1576 2134 1627 2172 10

119 2209 168 2253 et,
199 2210 390 2256 tanquam
422 2207 581 2255 integra
611 2220 665 2253 re,
690 2206 815 2244 locuti
841 2206 967 2254 magis
994 2219 1112 2255 quam
1139 2206 1225 2243 ausi
1255 2209 1411 2243 tantum
1429 2206 1551 2251 nefas,

120 2291 207 2315 cum
254 2279 335 2316 suis
374 2279 637 2316 consulerent.
708 2277 1000 2324 Admonerent,
1046 2291 1124 2315 non
1158 2278 1379 2327 Campanos
1424 2290 1552 2326 neque

119 2350 358 2388 Tarentinos
405 2363 487 2387 esse
519 2363 596 2400 eos.
645 2350 713 2387 sed
746 2349 968 2396 R01nan0s3
1014 2350 1106 2386 inde
1147 2349 1346 2396 oriundos,
1386 2349 1477 2385 inde
1517 2348 1625 2385 11111

119 2422 294 2459 colonias
326 2425 445 2471 atque
477 2421 516 2458 in
548 2434 685 2470 agrum
717 2422 822 2459 bello
851 2425 1010 2471 captum
1045 2422 1182 2471 stirpis
1214 2421 1404 2468 augendae
1437 2433 1554 2457 causa

121 2494 272 2532 missos
334 2494 433 2540 Quae
465 2494 585 2530 liberi
618 2494 850 2543 parentibus
882 2493 1097 2540 deberent,
1144 2506 1188 2530 ea
1232 2492 1320 2529 illos
1361 2492 1553 2529 Romanis

123 2564 278 2611 debere,
309 2565 341 2602 si
373 2566 456 2603 ulla
484 2566 623 2615 pietaS,
654 2566 689 2602 si
719 2566 908 2602 memoria
926 2565 1101 2613 antiquae
1128 2564 1270 2613 patriae
1296 2567 1408 2600 esset.
1458 2562 1558 2600 Con-
1582 2564 1629 2599 12

123 2636 299 2673 sulerent
344 2636 469 2685 igitur
514 2638 562 2674 de
596 2638 771 2686 integr03
820 2651 909 2673 nam
956 2640 1039 2672 tum
1082 2636 1242 2685 quidem
1290 2649 1376 2684 quae
1407 2638 1554 2672 temere
