1789 2955
261 107 345 148 252
687 105 792 136 Liber
818 105 925 136 XXV.
970 104 1025 146 (A.
1047 115 1078 135 u.
1098 115 1127 135 c.
1146 103 1240 146 542.)

260 241 475 284 postquam
516 235 728 284 conspexit
765 235 902 272 omnia
940 235 1044 272 circa
1078 235 1273 284 Epipolas
1307 235 1426 272 armis
1459 236 1674 284 completa,

192 305 245 345 10
262 306 450 342 lacessito
474 310 628 342 tantum
655 306 771 342 hoste
796 306 935 353 paucis
960 306 1188 350 missilibus,
1212 311 1318 342 retro
1337 306 1376 341 in
1402 305 1676 342 Achradinam

259 388 406 423 agmen
438 376 646 419 convertit,
676 388 760 412 non
786 380 867 412 tam
891 377 967 412 vim
994 375 1372 423 multitudinemque
1396 375 1569 412 hostium
1594 387 1677 411 me-

259 450 390 489 tuens,
424 458 545 493 quam
577 458 629 481 ne
654 458 733 494 qua
756 446 947 482 intestina
971 446 1077 482 fraus
1102 457 1174 494 per
1197 445 1459 481 occasionem
1485 450 1675 489 oreretur,

260 515 498 562 clausasque
525 516 627 551 inter
654 517 863 552 tumultum
892 517 1135 552 Achradinae
1164 520 1285 562 atque
1311 514 1455 551 Insulae
1482 515 1679 551 inveniret

193 584 239 623 11
259 590 410 632 portas.
474 585 688 623 Marcellus
721 592 764 622 ut
795 586 945 623 moenia
977 587 1182 634 ingressus
1208 597 1256 621 ex
1280 585 1552 633 superioribus
1578 585 1676 622 locis

261 655 398 690 urbem
425 656 604 691 omnium
630 656 754 693 ferme
777 657 843 693 illa
868 661 1110 704 tempestate
1127 655 1435 703 pulcherrimam
1454 655 1675 692 subiectam

260 725 385 762 oculis
419 726 529 769 vidit,
563 725 822 762 illacrimasse
856 726 999 763 dicitur
1031 725 1175 774 partim
1207 725 1360 773 gaudio
1389 730 1510 762 tantae
1534 737 1677 774 perpe-

192 794 244 834 12
260 799 370 831 tratae
398 795 466 838 rei,
501 794 645 843 partim
673 801 829 832 vetusta
856 796 985 844 gloria
1010 796 1131 831 urbis.
1195 795 1502 831 Atheniensium
1527 796 1676 832 classes

260 865 456 901 demersae
497 870 537 901 et
569 866 652 901 duo
685 865 871 913 ingentes
905 866 1100 911 exercitus
1133 877 1224 902 cum
1257 866 1418 901 duobus
1451 865 1678 901 clarissimis

260 935 429 971 ducibus
455 935 577 971 deleti
603 936 869 972 occurrebant
892 941 931 971 et
955 941 1015 972 tot
1039 936 1143 972 bella
1168 948 1258 972 cum
1277 935 1678 983 Carthaginiensibus

192 1004 244 1045 13
260 1010 373 1041 tanto
400 1017 488 1042 cum
509 1005 739 1042 discrimine
757 1010 887 1053 gesta,
913 1011 973 1042 tot
990 1011 1071 1042 tam
1090 1006 1271 1054 opulenti
1289 1006 1447 1053 tyranni
1465 1017 1676 1053 regesque,

260 1080 403 1122 praeter
430 1080 588 1111 ceteros
615 1075 755 1119 Hiero,
790 1088 912 1123 quum
942 1076 1228 1112 recentissimae
1254 1076 1458 1112 memoriae
1485 1087 1566 1120 rex,
1595 1080 1677 1111 tum

259 1150 354 1181 ante
380 1146 530 1189 omnia,
564 1157 653 1192 quae
679 1145 799 1182 virtus
827 1146 862 1181 ei
889 1146 1130 1194 fortunaque
1157 1158 1228 1182 sua
1253 1146 1437 1190 dederat,
1472 1145 1678 1182 beneficiis

194 1215 299 1254 14in
334 1216 527 1263 populum
553 1216 783 1251 Romanum
807 1216 989 1264 insignis.
1054 1217 1114 1252 Ea
1139 1228 1260 1264 quum
1284 1216 1470 1252 universa
1497 1227 1679 1252 occurre-

258 1290 347 1320 rent
388 1285 538 1329 animo,
580 1285 810 1333 subiretque
849 1286 1057 1334 cogitatio,
1098 1287 1177 1322 iam
1216 1287 1281 1322 illa
1321 1291 1529 1323 momento
1571 1286 1679 1322 horae

192 1355 244 1395 15
261 1367 399 1391 arsura
424 1356 561 1391 omnia
588 1360 626 1391 et
651 1356 705 1391 ad
730 1355 885 1392 cineres
910 1357 1100 1401 reditura,
1130 1357 1361 1405 priusquam
1387 1357 1503 1404 signa
1528 1356 1680 1393 Achra-

260 1425 398 1461 dinam
433 1426 682 1470 admoveret,
717 1427 918 1474 praemittit
942 1428 1232 1474 Syracusanos,
1267 1427 1333 1475 qui
1365 1427 1468 1463 intra
1492 1426 1680 1475 praesidia

259 1496 459 1540 Romana,
494 1501 537 1532 ut
568 1502 662 1533 ante
696 1497 847 1533 dictum
882 1502 955 1541 est,
999 1497 1169 1541 fuerant,
1212 1503 1254 1534 ut
1286 1498 1463 1546 alloquio
1496 1497 1575 1534 leni
1607 1497 1678 1532 im-

259 1566 455 1614 pellerent
487 1567 626 1603 hostes
659 1568 713 1603 ad
747 1567 986 1603 dedendam
1020 1568 1172 1604 urbem.

134 1632 195 1683 25
378 1635 596 1673 Tenebant
608 1637 850 1674 Achradinae
869 1642 1008 1685 portas
1026 1650 1243 1686 murosque
1260 1638 1433 1674 maxime
1445 1638 1676 1687 transsugae,

260 1705 403 1753 quibus
436 1707 544 1742 nulla
577 1712 662 1743 erat
694 1719 765 1756 per
798 1707 1065 1744 condiciones
1099 1709 1225 1745 veniae
1259 1720 1370 1757 spes;
1405 1709 1441 1745 ei
1465 1721 1542 1745 nec
1566 1707 1678 1744 adire

219 1776 394 1816 2muros
419 1789 494 1814 nec
519 1778 668 1826 alloqui
693 1790 936 1826 quemquam
962 1779 1085 1826 passi.
1144 1778 1285 1827 Itaque
1312 1779 1539 1823 Marcellus,
1567 1783 1679 1828 post-

259 1858 380 1893 quam
397 1847 440 1883 id
457 1847 663 1896 inceptum
680 1848 830 1884 irritum
850 1848 934 1892 fuit,
954 1849 1008 1884 ad
1027 1849 1243 1897 Euryalum
1262 1849 1377 1898 signa
1394 1849 1531 1886 referri
1549 1849 1675 1885 iussit.

260 1917 455 1954 Tumulus
494 1924 555 1955 est
593 1919 632 1954 in
673 1923 851 1954 extrema
885 1923 998 1966 parte
1031 1919 1138 1955 urbis
1171 1931 1307 1956 versus
1341 1932 1364 1955 a
1396 1919 1493 1955 mari
1526 1919 1679 1965 viaeque

259 1988 472 2024 imminens
484 1988 625 2024 ferenti
638 1989 678 2024 in
692 2000 812 2037 agros
826 1988 1204 2037 mediterraneaque
1218 1990 1369 2034 insulae,
1384 1989 1677 2038 percommode

219 2055 244 2095 3
272 2057 368 2094 situs
393 2059 446 2093 ad
472 2063 722 2095 commeatus
747 2058 1026 2106 excipiendos.
1074 2059 1248 2096 Praeerat
1273 2060 1363 2096 huic
1388 2060 1469 2096 arci
1493 2059 1682 2096 Philode—

270 2140 357 2165 mus
381 2129 563 2177 Argivus,
592 2129 642 2164 ab
667 2129 850 2177 Epicyde
877 2129 1102 2177 impositus,
1132 2131 1187 2166 acl
1215 2142 1334 2178 quem
1361 2131 1505 2167 missus
1529 2142 1553 2166 a
1576 2129 1683 2165 Mar-

260 2199 362 2235 cello
388 2200 513 2243 Sosis,
542 2211 645 2235 unus
674 2212 722 2235 ex
749 2199 1074 2237 interfectoribus
1102 2201 1273 2249 tyranni,
1302 2213 1424 2249 quum
1450 2201 1576 2249 longo
1601 2212 1682 2237 ser-

260 2281 383 2305 mone
408 2269 546 2306 habito
573 2269 719 2306 dilatus
744 2282 815 2317 per
839 2270 1140 2307 frustrationem
1159 2275 1278 2315 esset,
1303 2271 1452 2307 rettulit
1469 2270 1678 2315 Marcello,

216 2336 417 2388 4tempus
451 2352 541 2376 eum
567 2340 620 2375 ad
644 2340 953 2376 deliberandum
979 2341 1211 2389 sumpsisse.
1277 2340 1412 2387 Quum
1435 2341 1469 2378 is
1494 2341 1602 2377 diem
1628 2342 1680 2378 de

259 2409 326 2446 die
368 2409 557 2454 differret,
599 2410 694 2446 dum
734 2409 1006 2458 Hippocrates
1047 2416 1168 2459 atque
1201 2411 1374 2448 Himilco
1415 2412 1681 2448 admoverent

260 2485 390 2516 cast1a
423 2480 700 2528 legionesque,
734 2480 843 2516 haud
867 2481 1027 2525 dubius,
1062 2481 1093 2518 si
1117 2481 1157 2517 in
1184 2493 1317 2518 arcem
1342 2483 1567 2530 accepisset
1591 2494 1679 2527 eos,

218 2548 384 2588 5deleri
409 2551 637 2587 Romanum
664 2551 880 2587 exercitum
905 2551 1101 2588 inclusum
1127 2551 1248 2588 muris
1278 2564 1413 2600 posse,
1448 2551 1674 2596 Marcellus,

259 2624 301 2656 ut
326 2619 543 2668 Euryalum
573 2632 707 2668 neque
735 2621 839 2656 tradi
868 2633 1001 2669 neque
1031 2621 1120 2670 capi
1147 2621 1245 2658 vidit
1271 2633 1407 2670 posse,
1440 2622 1543 2658 inter
1570 2621 1675 2658 Nea-
