1789 2955
245 94 326 131 258
641 91 758 125 Liber
783 90 909 127 XXX.
960 93 1022 133 (A.
1049 104 1082 126 u.
1109 103 1138 127 c.
1167 94 1258 136 552.)

242 230 380 267 pacem
412 221 576 267 propter
609 221 754 255 metum
781 231 908 267 neque
939 231 1097 256 manere
1131 219 1172 255 in
1205 233 1251 256 ea
1274 233 1355 269 prae
1381 220 1502 258 insita
1532 222 1677 260 animis

199 289 223 325 8
241 288 411 338 perfidia
441 289 676 338 potuissent.
723 288 790 326 Ad
816 290 890 328 hoc
916 289 1159 339 colloquium
1178 290 1423 329 Hannibalis
1451 292 1491 329 in
1522 296 1677 332 secreto

201 359 425 398 9habitum
467 374 511 398 ac
552 361 723 398 liberum
763 361 956 411 fingenti,
1003 375 1080 411 qua
1111 362 1219 408 vult,
1250 362 1387 402 flectit.
1450 362 1676 412 Ominatur,

242 432 388 481 quibus
419 433 619 482 quondam
651 433 842 483 auspiciis
874 436 1006 482 patres
1034 446 1171 470 eorum
1203 434 1252 471 ad
1279 434 1446 483 AEgates
1475 448 1675 485 pugnave-

241 504 325 541 rint
358 504 531 551 insulas,
573 518 619 542 ea
650 505 732 542 illis
765 505 1005 542 exeuntibus
1048 505 1088 541 in
1126 505 1252 542 aciem
1282 506 1537 555 portendisse
1569 507 1676 546 deos.

173 577 224 613 10
240 575 397 613 Adesse
428 575 546 614 finem
577 577 675 614 belli
707 590 752 613 ac
783 577 951 622 laboris3
986 577 1026 614 in
1057 577 1240 615 manibus
1271 591 1355 615 esse
1384 577 1563 627 praedam
1580 578 1674 616 Car-

237 647 438 696 thaginiS‚
469 648 640 686 reditum
674 648 833 686 domum
874 649 912 686 in
945 649 1134 698 patriam,
1181 649 1232 686 ad
1263 652 1472 698 parentes,
1511 650 1671 697 liberos,

170 720 217 756 11
240 720 426 768 coniuges
457 723 701 770 penatesque
734 719 841 757 deos.
902 720 1040 758 Celsus
1081 720 1164 757 haec
1196 734 1362 770 corpore
1392 721 1587 770 vultuque
1617 722 1676 759 ita

238 792 341 837 laeto,
374 794 419 829 ut
441 792 584 830 vicisse
607 793 685 829 iam
713 792 905 839 crederes,
932 791 1105 831 dicebat.
1152 792 1328 829 Instruit
1355 792 1499 830 deinde
1520 793 1670 843 primos

241 862 431 910 hastatos,
457 868 548 914 post
565 878 630 902 eos
657 864 877 914 principes3
909 863 1063 901 triariis
1094 867 1335 913 postremam
1362 865 1486 902 aciem
1518 865 1676 903 clausit.

89 931 144 980 33
236 934 327 974 Non
375 936 574 974 confertas
627 940 759 973 autem
806 937 987 974 cohortes
1033 939 1125 973 ante
1180 949 1250 973 sua
1303 949 1502 985 quamque
1555 937 1669 986 signa

237 1006 481 1055 instruebat,
520 1008 587 1046 sed
618 1007 847 1057 manipulos
878 1007 1128 1056 aliquantum
1161 1007 1267 1044 inter
1308 1021 1349 1044 se
1381 1008 1598 1055 distantes,
1629 1011 1674 1045 ut

244 1083 346 1117 esset
376 1080 561 1130 spatium,
593 1093 672 1129 qua
705 1079 909 1130 elephanti
941 1079 1115 1116 hostium
1156 1079 1234 1116 acti
1267 1079 1368 1116 nihil
1401 1079 1561 1117 ordines
1591 1084 1674 1117 tur·

196 1152 218 1188 2
237 1151 390 1191 barent.
444 1152 634 1202 Laelium,
669 1152 780 1190 cuius
812 1155 904 1190 ante
935 1151 1072 1201 legati,
1105 1164 1151 1188 eo
1184 1164 1287 1188 anno
1319 1152 1529 1200 quaestoris
1561 1154 1675 1189 extra

237 1226 386 1261 sortem
418 1237 464 1260 ex
496 1227 656 1261 senatus
689 1224 870 1261 consulto
898 1236 1020 1272 opera
1050 1223 1248 1269 utebatur,
1279 1236 1367 1260 cum
1392 1223 1539 1261 Italico
1563 1223 1672 1272 equi-

235 1298 323 1332 tatu
363 1295 412 1332 ab
459 1295 624 1333 sinistro
667 1309 810 1341 cornu,
842 1295 1098 1332 Masinissam
1129 1294 1405 1344 Numidasque
1444 1296 1492 1332 ab
1531 1294 1672 1332 dextro

195 1366 439 1417 3opposuit.
517 1367 618 1405 Vias
663 1371 846 1417 patentes
892 1368 996 1404 inter
1046 1367 1272 1416 manipulos
1318 1366 1670 1415 antesignanorum

234 1439 427 1477 velitibus
460 1440 524 1486 (ea
553 1443 648 1477 tunc
681 1439 782 1477 levis
814 1442 1018 1476 armatura
1049 1436 1153 1490 erat)
1187 1438 1415 1488 complevit,
1448 1438 1540 1476 dato
1571 1451 1670 1488 prae-

235 1515 362 1561 cepto,
394 1514 440 1548 ut
470 1511 520 1548 ad
551 1512 743 1561 impetum
775 1510 1077 1560 elephantorum
1100 1513 1169 1547 aut
1193 1513 1285 1559 post
1311 1509 1484 1547 directos
1514 1510 1670 1558 refuge-

234 1587 325 1620 rent
356 1583 526 1629 ordines,
558 1587 626 1620 aut
658 1583 699 1620 in
733 1582 913 1620 dextram
951 1583 1172 1632 laevamque
1205 1581 1388 1620 discursu
1420 1582 1670 1631 applicantes

234 1668 275 1692 se
293 1655 564 1704 antesignanis
580 1655 699 1701 viam,
725 1667 803 1704 qua
827 1655 1030 1692 irruerent
1054 1654 1095 1691 in
1122 1653 1319 1703 ancipitia
1334 1653 1428 1700 tela,
1455 1653 1585 1690 beluis
1603 1654 1670 1691 da-

184 1726 210 1762 4
231 1730 332 1763 rent.
378 1726 584 1764 Hannibal
616 1726 665 1764 ad
696 1729 892 1764 terrorem
917 1726 1069 1776 primos
1093 1726 1324 1776 elephantos
1356 1725 1578 1774 (octoginta
1601 1738 1668 1762 au·
1728 1742 1731 1744 ·

231 1801 312 1835 tem
330 1802 454 1845 erant,
480 1801 578 1848 quot
601 1798 714 1836 nulla
731 1811 905 1847 unquam
933 1798 975 1835 in
1001 1798 1085 1835 acie
1112 1801 1204 1836 ante
1232 1798 1444 1846 habuerat)
1466 1796 1668 1843 instruxit,

195 1870 218 1908 5
238 1869 384 1907 deinde
415 1870 567 1908 auxilia
597 1870 793 1919 Ligurum
830 1869 1139 1919 Gallorumque,
1169 1869 1402 1906 Baliaribus
1433 1868 1669 1918 Maurisque

232 1942 441 1990 admixtis,
475 1943 515 1978 in
547 1942 720 1979 secunda
744 1942 829 1979 acie
857 1941 1209 1990 Carthaginienses
1234 1940 1438 1990 Afrosque
1471 1943 1510 1978 et
1534 1939 1668 1977 Mace-

187 2014 211 2053 6
229 2013 376 2051 donum
393 2014 608 2063 legionem3
634 2014 793 2051 modico
814 2013 958 2051 deinde
975 2012 1189 2051 intervallo
1206 2013 1358 2059 relicto,
1383 2011 1666 2050 subsidiariam

231 2086 355 2123 aciem
373 2085 608 2123 Italicorum
632 2086 806 2124 militum
832 2085 1004 2133 (Bruttii
1030 2085 1216 2135 plerique
1247 2087 1373 2131 erant,
1396 2084 1437 2121 vi
1461 2097 1505 2120 ac
1532 2096 1666 2120 neces-

231 2158 349 2195 sitate
380 2158 515 2208 plures
547 2171 665 2207 quam
691 2171 761 2195 sua
783 2158 992 2194 voluntate
1016 2156 1271 2194 decedentem
1299 2170 1347 2193 ex
1371 2155 1495 2193 Italia
1523 2151 1666 2206 secuti)

194 2231 215 2266 7
235 2229 435 2267 instruxit.
487 2229 724 2279 Equitatum
757 2232 796 2266 et
826 2230 911 2278 ipse
944 2228 1210 2266 circumdedit
1241 2227 1448 2273 cornibus,
1481 2226 1666 2264 dextrum

191 2302 217 2338 8
236 2300 602 2351 Carthaginienses,
634 2301 842 2338 sinistrum
875 2300 1059 2338 Numidae
1089 2302 1317 2338 tenuerunt.
1364 2298 1493 2336 Varia
1523 2298 1668 2335 adhor-

231 2373 332 2411 tatio
366 2377 453 2410 erat
492 2373 532 2410 in
564 2372 741 2410 exercitu
778 2373 882 2410 inter
913 2375 972 2409 tot
1003 2371 1193 2418 homines,
1226 2371 1372 2421 quibus
1402 2383 1483 2407 non
1515 2369 1666 2418 lingua,

229 2458 308 2482 non
341 2458 444 2491 mos,
475 2458 554 2482 non
586 2445 672 2491 lex,
703 2457 782 2481 non
822 2457 951 2491 arma,
982 2457 1061 2481 non
1093 2444 1261 2481 vestitus
1292 2441 1554 2490 habitusque,
1584 2453 1663 2477 non

182 2517 205 2554 9
226 2529 345 2554 causa
368 2516 569 2554 militandi
598 2516 735 2553 eadem
764 2519 877 2554 esset.
925 2514 1209 2552 Auxiliaribus
1238 2517 1277 2551 et
1302 2526 1476 2563 praesens
1505 2515 1544 2549 et
1564 2511 1663 2549 mul-

227 2588 414 2638 tiplicata
445 2601 493 2626 ex
525 2588 663 2638 praeda
694 2600 842 2625 merces
888 2589 1132 2632 ostentatur,
1177 2584 1288 2623 Galli
1332 2584 1497 2635 proprio
1545 2586 1664 2633 atque

227 2660 351 2697 insito
385 2660 426 2696 in
451 2660 653 2698 Romanos
682 2659 772 2697 odio
800 2658 1090 2704 accenduntur;
1121 2657 1340 2707 Liguribus
1367 2655 1497 2705 campi
1522 2655 1663 2693 uberes
