1789 2955
462 119 578 154 Liber
602 119 791 154 XXVIII.
842 119 902 163 (A.
929 120 995 155 Oh.
1018 121 1114 164 206.)
1423 122 1498 158 139

67 248 182 286 Fessi
219 248 345 296 igitur
387 247 621 297 corporibus
663 247 886 296 animisque
932 247 1123 284 rettulere
1161 248 1314 296 pedem,
1347 246 1549 284 ordinesss

69 323 200 358 tamen
232 321 446 365 servantes,
478 318 584 355 haud
616 331 727 356 secus
759 331 877 368 quam
910 318 943 355 si
974 319 1142 367 imperio
1173 318 1285 356 ducis
1318 317 1503 355 cederent

67 392 226 441 integra
258 391 353 428 acie.
415 391 495 429 Sed
528 403 647 439 quum
680 404 725 428 eo
756 390 842 438 ipso
875 390 1017 436 acrius,
1050 390 1121 427 ubi
1154 390 1386 427 inclinatam
1418 402 1504 427 sen-
1525 390 1545 424 7

66 477 151 503 sere
182 477 276 509 rem,
307 463 479 500 victores
511 475 551 498 se
581 461 760 510 undique
793 461 1035 507 inveherent,
1080 474 1151 498 nec
1182 461 1300 498 facile
1331 461 1503 510 impetus

67 535 256 573 sustineri
285 537 431 584 posset,
464 546 692 582 quanquam
723 532 924 570 retinebat
949 533 1246 582 obsistebatque
1272 532 1506 570 cedentibus
1525 533 1549 568 8

65 606 311 651 Hasdrubal,
357 606 405 643 ab
437 609 549 653 tergo
582 617 665 641 esse
699 605 821 641 colles
851 607 1061 654 tutumque
1092 608 1309 655 receptum,
1354 604 1388 641 si
1420 617 1499 640 mo-

68 678 155 716 dice
186 691 226 716 se
258 678 495 727 reciperent,
530 676 751 721 clamitans,
783 678 927 722 tamen,
957 676 1143 713 vincente
1174 679 1283 714 metu
1313 688 1501 713 verecun-
1522 676 1543 712 9

66 750 184 796 diam,
212 763 330 799 quum
355 749 560 798 proximus
586 748 755 797 quisque
783 747 935 784 hostem
962 748 1131 794 caderet,
1161 750 1276 796 terga
1300 747 1500 796 extemplo

66 822 172 867 data,
205 825 323 870 atque
356 821 397 858 in
429 821 563 869 fugam
596 833 679 857 sese
711 832 844 856 omnes
875 819 1109 856 effuderunt.
1170 819 1233 856 Ac
1257 819 1386 869 primo
1411 832 1501 856 con-
1527 819 1574 856 10

65 893 230 930 stituere
271 893 386 940 signa
427 892 467 929 in
508 892 712 929 radicibus
755 891 912 928 collium
954 905 999 928 ac
1040 904 1227 929 revocare
1268 892 1310 928 in
1342 891 1501 928 ordines

64 964 229 1002 militem
273 966 486 1013 coeperant,
532 963 810 1000 cunctantibus
852 963 891 999 in
929 962 1140 1000 adversum
1173 963 1313 1000 00110111
1346 962 1501 1011 erigere

66 1036 191 1074 aciem
222 1035 437 1079 Romanis3
484 1035 638 1081 deinde,
683 1039 727 1071 ut
766 1035 903 1071 inferri
944 1035 1115 1083 impigre
1155 1035 1269 1083 signa
1299 1034 1501 1079 viderunt,

64 1108 265 1157 integrata
304 1107 399 1155 fuga
439 1107 479 1143 in
521 1109 650 1143 castra
691 1106 827 1155 pavidi
866 1106 1172 1155 compelluntur.
1240 1106 1324 1144 Nec
1362 1106 1502 1154 procul
1526 1105 1571 1141 11

63 1180 170 1217 vallo
201 1179 406 1216 Romanus
439 1178 599 1224 aberat3
643 1178 891 1227 cepissetque
921 1181 1033 1215 tanto
1065 1179 1217 1227 impetu
1248 1182 1389 1224 castra,
1422 1177 1500 1214 nisi

65 1265 112 1288 ex
144 1251 367 1288 vehementi
400 1250 495 1295 sole,
542 1249 674 1298 qualis
707 1249 812 1286 inter
843 1263 982 1298 graves
1013 1250 1138 1287 imbre
1169 1250 1293 1287 nubes
1325 1249 1497 1297 effulget.

62 1325 175 1359 tanta
206 1323 266 1359 vis
298 1335 410 1371 aquae
444 1321 595 1359 deiecta
627 1324 738 1366 esset,
769 1324 813 1357 ut
844 1321 911 1359 vix
940 1322 981 1358 in
1014 1325 1145 1359 castra
1177 1335 1248 1359 sua
1272 1321 1501 1370 receperint

62 1407 103 1431 se
134 1394 318 1440 victores,
350 1394 541 1443 quosdam
573 1393 692 1429 etiam
725 1393 870 1442 religio
903 1395 1056 1443 ceperit
1086 1394 1254 1431 ulterius
1286 1393 1499 1442 quicquam

61 1478 107 1502 eo
140 1465 204 1502 die
236 1465 420 1503 conandi.
482 1465 847 1514 Carthaginienses,
879 1479 1105 1515 quanquam
1137 1466 1260 1503 fessos
1292 1465 1431 1502 labore
1459 1476 1503 1500 ac
1525 1464 1573 1499 12

59 1537 294 1575 vulneribus
325 1550 404 1574 nox
450 1536 657 1585 imberque
691 1537 739 1573 ad
785 1538 1051 1574 necessariam
1099 1537 1275 1586 quietem
1314 1535 1499 1581 vocabat,

61 1613 204 1655 tamen,
247 1609 342 1658 quia
373 1611 500 1645 metus
533 1612 571 1645 et
601 1608 823 1657 periculum
857 1609 1038 1646 cessandi
1070 1623 1148 1646 non
1181 1608 1304 1646 dabat
1333 1611 1503 1656 tempus,
1528 1607 1575 1643 13

61 1681 192 1731 prima
223 1681 310 1717 luce
343 1680 635 1730 oppugnaturis
667 1680 850 1717 hostibus
883 1683 1021 1726 castra,
1054 1680 1161 1717 saxis
1187 1680 1368 1729 undique
1395 1679 1500 1716 circa

62 1767 110 1790 ex
142 1752 382 1802 propinquis
414 1752 587 1790 vallibus
626 1752 823 1800 congestis
861 1755 1010 1800 augent
1047 1752 1207 1798 vallum,
1253 1751 1500 1787 munimento

61 1837 155 1871 sese,
202 1825 362 1873 quando
402 1824 442 1861 in
484 1824 603 1861 armis
635 1837 774 1872 parum
806 1824 984 1872 praesidii
1016 1824 1132 1870 foret,
1163 1823 1384 1868 defe11sur13
1431 1820 1502 1859 sed
1522 1822 1573 1858 14

60 1896 251 1933 transitio
297 1896 513 1942 sociorum,
569 1896 664 1944 fuga
708 1899 752 1931 ut
796 1896 922 1932 tutior
966 1909 1076 1932 mora
1120 1895 1340 1943 videretur,
1394 1894 1499 1930 fecit.

63 1967 317 2017 Principium
350 1967 581 2004 defectionis
613 1967 662 2003 ab
696 1966 858 2013 Attene,
890 1967 1028 2016 regulo
1053 1966 1388 2011 Turdetanorum,
1419 1966 1497 2002 fac-

61 2042 145 2076 tum
185 2043 261 2085 est3
307 2039 340 2077 is
379 2052 466 2076 cum
505 2052 650 2087 magna
680 2039 933 2088 popularium
965 2051 1085 2075 manu
1121 2038 1358 2086 transfugit3
1406 2036 1500 2074 inde
1524 2036 1573 2073 15

63 2111 142 2149 duo
167 2112 319 2148 munita
344 2110 493 2161 oppida
518 2123 603 2147 cum
629 2110 829 2159 praesidiis
852 2111 1002 2148 tradita
1027 2124 1048 2146 a
1070 2110 1270 2160 praefectis
1297 2108 1499 2146 Romano:

65 2186 103 2220 et
135 2197 183 2220 ne
215 2183 349 2229 latius,
383 2182 587 2219 inclinatis
618 2183 738 2219 semel
771 2182 821 2219 ad
853 2182 1117 2220 defectionem
1143 2181 1297 2227 animis,
1321 2183 1503 2230 serperet
1525 2180 1571 2216 16

62 2268 135 2301 res,
167 2255 329 2292 silentio
360 2254 552 2304 proximae
584 2253 712 2291 noctis
744 2253 976 2292 Hasdrubal
1007 2258 1137 2292 castra
1167 2255 1311 2290 movet.

134 2330 147 2331 7
177 2325 327 2376 Scipio,
352 2330 397 2363 ut
423 2326 553 2376 prima
576 2326 675 2372 luce,
701 2326 770 2375 qui
796 2326 836 2362 in
862 2326 1100 2364 stationibus
1117 2328 1241 2371 erant,
1258 2323 1502 2361 rettulerunt
1588 2318 1638 2365 16

62 2398 265 2447 profectos
295 2399 442 2445 hostes,
470 2397 675 2447 praemisso
702 2398 882 2447 equitatu
909 2399 1022 2448 signa
1045 2398 1143 2435 ferri
1166 2397 1294 2441 iubet3
1326 2395 1505 2443 adeoque
1524 2395 1546 2430 2

62 2470 185 2507 citato
218 2470 373 2519 agmine
405 2469 516 2507 ducti
547 2472 650 2514 sunt,
696 2472 750 2514 ut,
791 2470 824 2506 si
854 2470 921 2507 via
952 2473 1060 2506 recta
1090 2468 1259 2516 vestigia
1288 2470 1499 2516 sequentes

60 2541 196 2588 issent,
236 2541 343 2579 haud
374 2541 495 2578 dubie
527 2541 747 2578 assecuturi
780 2541 952 2588 fuerint;
998 2541 1167 2577 ducibus
1199 2542 1258 2577 est
1289 2538 1498 2585 creditum,

62 2613 223 2650 brevius
270 2614 380 2650 aliud
427 2626 508 2650 esse
555 2612 632 2649 iter
673 2612 723 2649 ad
762 2612 906 2649 Baetim
945 2612 1121 2658 fluvium,
1165 2614 1210 2648 ut
1246 2613 1499 2647 transeuntes

64 2685 398 2734 aggrederentur.
438 2683 683 2730 Hasdrubal,
700 2684 832 2721 clauso
850 2684 1023 2721 transitu
1039 2682 1226 2729 fluminis,
1239 2681 1289 2718 ad
1302 2680 1503 2718 Oceanum
1522 2681 1545 2716 ὃ
