1789 2955
514 92 630 127 Liber
654 91 799 127 XXVI.
849 92 911 136 (A.
939 92 1003 128 Ch.
1028 93 1122 137 210.)
1477 96 1529 133 53

103 235 234 273 posse3
267 234 388 271 opera
419 223 457 258 et
487 220 670 258 difficilia
702 234 784 258 esse
815 223 854 257 et
884 223 1039 270 tempus
1072 220 1216 258 datura
1245 219 1295 257 ad
1326 221 1529 258 ferendam

103 307 218 345 opem
248 293 558 343 imperatoribus
589 293 682 332 suis.

217 365 298 403 Vix
327 365 438 415 prior
467 365 661 403 tumultus
693 365 952 411 conticuerat,
985 378 1106 414 quum
1138 363 1273 414 Scipio
1299 365 1348 402 ab
1373 364 1535 402 defessis
1553 366 1575 402 6

103 438 182 475 iam
221 436 524 486 vulneratisque
560 440 738 475 recentes
771 437 1028 486 integrosque
1060 437 1160 475 alios
1192 437 1372 486 accipere
1403 437 1530 475 scalas

102 510 216 548 iubet
240 513 278 548 et
300 510 341 547 vi
363 509 513 547 maiore
544 509 709 558 aggredi
739 509 888 546 urbem.
950 509 1055 558 Ipse,
1085 513 1130 546 ut
1161 509 1198 546 ei
1221 509 1448 546 nuntiatum
1476 512 1535 546 est
1553 510 1573 545 7

102 584 241 619 aestum
273 581 477 630 decedere,
511 581 618 631 quod
649 595 720 631 per
744 581 962 631 piscatores
986 580 1314 628 Tarraconenses,
1345 594 1448 618 nunc
1474 581 1528 619 le-

100 654 218 692 vibus
243 653 407 700 cumbis,
430 666 546 700 nunc,
569 653 642 690 ubi
666 666 719 691 eae
737 653 926 699 siderent,
948 653 1062 691 vadis
1079 656 1319 703 pervagatos
1336 657 1531 703 stagnum,

101 729 347 776 compertum
391 725 576 773 habebat,
621 726 777 763 facilem
822 724 992 775 pedibus
1032 727 1081 763 ad
1123 739 1277 764 murum
1317 726 1531 764 transitum

102 798 200 846 dari,
232 811 277 835 eo
302 799 546 846 quingentos
570 811 700 836 secum
724 801 897 836 armatos
921 797 1047 835 duxit.
1106 798 1284 836 Medium
1309 799 1431 836 ferme
1456 799 1536 836 diei
1553 799 1577 836 8

101 874 196 918 erat,
235 873 276 908 et
312 870 363 907 ad
402 870 456 916 id,
495 871 603 920 quod
642 884 711 908 sua
742 874 881 920 sponte
913 871 1077 908 cedente
1108 871 1150 907 in
1181 884 1288 908 mare
1320 875 1418 909 aestu
1448 875 1527 910 tra-

99 943 271 981 hebatur
302 955 416 992 aqua,
449 956 539 980 acer
570 943 686 980 etiam
711 943 927 992 septentrio
951 946 1060 979 ortus
1084 942 1320 981 inclinatum
1347 947 1530 993 stagnum

100 1016 252 1062 eodem,
291 1027 369 1065 quo
402 1018 531 1062 aestus,
567 1015 720 1052 ferebat
751 1018 790 1052 et
821 1015 918 1052 adeo
950 1015 1170 1052 nudaverat
1199 1016 1313 1063 vada,
1356 1020 1400 1054 ut
1430 1016 1530 1054 alibi

99 1088 292 1126 umbilico
333 1091 449 1125 tenus
491 1101 593 1137 aqua
624 1090 739 1133 esset,
778 1086 878 1124 alibi
910 1100 1039 1136 genua
1068 1087 1135 1124 vix
1167 1092 1382 1137 superaret.
1442 1089 1531 1126 Hoc
1551 1089 1572 1124 9

100 1174 195 1198 cura
239 1173 285 1198 ac
329 1160 486 1198 ratione
524 1163 767 1210 compertum
808 1160 848 1196 in
885 1159 1117 1209 prodigium
1158 1174 1202 1197 ac
1243 1160 1335 1198 deos
1372 1164 1529 1198 vertens

101 1230 250 1282 Scipio,
295 1232 365 1282 qui
407 1232 456 1270 ad
485 1233 697 1270 transitum
728 1232 920 1269 Romanis
952 1245 1058 1269 mare
1089 1235 1290 1270 verterent
1321 1236 1360 1270 et
1390 1236 1530 1282 stagna

99 1304 304 1342 auferrent
332 1305 497 1354 viasque
523 1308 614 1342 ante
637 1318 839 1354 nunquam
866 1304 985 1341 initas
1010 1304 1181 1342 humano
1205 1305 1376 1354 vestigio
1400 1305 1529 1355 aperi-

98 1379 198 1423 rent,
229 1376 459 1427 Neptunum
489 1376 654 1414 iubebat
685 1376 824 1414 ducem
849 1376 1006 1413 itineris
1031 1376 1145 1426 sequi
1169 1390 1213 1414 ac
1235 1377 1365 1414 medio
1390 1381 1530 1427 stagno

99 1449 266 1487 evadere
313 1449 363 1486 ad
409 1449 562 1486 moenia.
631 1448 699 1486 Ab
741 1452 849 1485 terra
888 1448 1028 1498 ingens
1069 1448 1184 1486 labor
1224 1449 1531 1487 succedentibus
1618 1444 1677 1492 46

99 1524 204 1568 erat3
236 1534 309 1559 nec
334 1521 547 1559 altitudine
571 1523 725 1559 tantum
751 1521 939 1557 moenium
965 1520 1301 1571 impediebantur,
1334 1521 1400 1559 sed
1424 1521 1530 1571 quod

98 1597 255 1631 tuentes
294 1593 344 1630 ad
383 1594 580 1643 ancipites
618 1593 806 1642 utrinque
848 1593 950 1630 ictus
989 1593 1186 1631 subiectos
1223 1593 1423 1632 habebant
1452 1593 1531 1632 Ro-

99 1679 248 1713 manos,
277 1670 323 1703 ut
352 1666 478 1703 latera
509 1666 718 1703 infestiora
749 1665 1008 1702 subeuntibus
1034 1679 1152 1714 quam
1177 1665 1343 1703 adversa
1367 1680 1532 1714 corpora

100 1741 241 1776 essent.
302 1737 362 1775 At
392 1741 507 1788 parte
539 1738 580 1774 in
611 1738 692 1775 alia
724 1737 957 1787 quingentis
990 1740 1028 1774 et
1068 1751 1139 1787 per
1179 1741 1361 1787 stagnum
1402 1739 1532 1777 facilis
1552 1739 1574 1774 2

97 1810 293 1849 transitus
325 1812 364 1847 et
393 1811 434 1848 in
466 1823 617 1847 murum
652 1810 865 1847 adscensus
896 1809 987 1846 inde
1019 1810 1112 1856 fuit3
1143 1823 1234 1847 nam
1258 1823 1386 1860 neque
1413 1824 1531 1860 opere

101 1883 299 1920 emunitus
338 1885 432 1929 erat,
477 1886 521 1920 ut
557 1882 627 1919 ubi
665 1867 793 1932 ipsius
832 1882 909 1919 loci
948 1895 992 1918 ac
1031 1882 1164 1931 stagni
1203 1882 1388 1931 praesidio
1434 1883 1530 1921 satis

101 1955 296 1993 creditum
326 1954 442 2001 foret,
474 1968 545 1991 nec
578 1955 659 1992 ulla
691 1958 932 1992 armatorum
963 1953 1081 1991 statio
1114 1956 1183 1991 aut
1208 1955 1388 1992 custodia
1410 1968 1531 2005 oppo-

99 2028 187 2074 sita,
220 2027 387 2064 intentis
419 2027 601 2064 omnibus
632 2027 682 2064 ad
713 2041 828 2077 opem
860 2039 904 2063 eo
937 2026 1150 2073 ferendam,
1181 2026 1284 2063 unde
1310 2027 1531 2076 periculum

101 2099 398 2138 ostendebatur.
460 2099 542 2137 Ubi
579 2100 717 2136 urbem
760 2099 845 2136 sine
877 2098 1091 2136 certamine
1124 2099 1332 2146 intravere,
1364 2099 1577 2149 pergunt3

100 2172 204 2221 inde,
245 2175 393 2221 quanto
432 2171 603 2208 maximo
636 2184 754 2208 cursu
785 2174 982 2220 poterant,
1022 2170 1072 2208 ad
1103 2184 1189 2208 eam
1219 2174 1388 2221 portam,
1427 2171 1532 2208 circa

105 2258 222 2294 quam
255 2257 368 2282 omne
400 2247 646 2281 contractum
678 2247 879 2280 certamen
911 2246 1013 2290 erat3
1051 2243 1090 2280 in
1122 2243 1228 2293 quod
1260 2243 1359 2281 adeo
1391 2242 1578 2280 intenti4

101 2315 277 2354 omnium
306 2329 386 2353 non
416 2316 540 2354 animi
573 2316 700 2353 solum
731 2316 901 2362 fuerant,
942 2315 1010 2352 sed
1052 2316 1174 2353 etiam
1205 2315 1309 2353 oculi
1339 2327 1531 2364 auresque

102 2388 368 2438 pugnantium
415 2388 756 2438 spectantiumque
797 2391 836 2424 et
874 2388 1172 2426 adhortantium
1212 2390 1447 2438 pugnantes,
1492 2385 1578 2423 ut5

103 2473 217 2498 nemo
259 2464 349 2498 ante
389 2474 410 2497 a
449 2464 562 2509 tergo
603 2460 772 2497 senserit
812 2463 968 2509 captam
1008 2460 1158 2507 urbem,
1204 2474 1322 2509 quam
1365 2459 1445 2496 tela
1491 2458 1530 2495 in

104 2545 262 2570 aversos
307 2532 534 2570 inciderunt
572 2536 610 2570 et
646 2532 835 2582 utrinque
874 2533 1088 2582 ancipitem
1126 2533 1277 2570 hostem
1318 2531 1530 2568 habebant.

105 2603 216 2641 Tunc
256 2605 429 2642 turbatis
469 2605 742 2642 defensoribus
780 2608 897 2651 metu,
944 2608 982 2641 et
1019 2605 1165 2642 moenia
1204 2607 1320 2653 capta
1352 2607 1389 2640 et
1420 2603 1576 2652 portati

106 2676 215 2715 intus
245 2677 419 2726 forisque
451 2677 603 2726 pariter
634 2676 802 2725 refringi
834 2680 980 2725 coepta,
1022 2681 1060 2714 et
1091 2690 1192 2723 mox,
1225 2675 1409 2713 caedendo
1441 2688 1530 2713 con-
