1768 2943
243 77 297 118 95
665 76 770 107 Liber
794 76 904 107 xxn.
941 75 996 118 (A.
1026 87 1055 107 u.
1083 86 1109 108 c.
1139 75 1232 118 538.)

199 206 225 245 4
359 207 420 243 Ab
446 207 523 243 hoc
549 218 738 243 sermone
763 206 991 256 profectum
1015 208 1181 244 Paulum
1206 209 1382 252 tradunt,
1416 221 1665 257 prosequen—

241 278 346 314 tibus
363 277 604 327 primoribus
623 282 801 325 patrum;
830 278 1033 325 plebeium
1051 280 1259 316 consulem
1279 291 1350 315 sua
1368 279 1510 327 plebes
1528 291 1666 327 prose·

200 346 346 392 beuta,
376 349 492 385 turba
516 348 789 396 conspectior,
816 360 938 396 quum
962 350 1138 398 dignitas
1164 350 1340 386 deesset.
1390 349 1445 386 Ut
1469 350 1510 385 in
1536 356 1666 386 castra

244 425 450 463 venerunt,
484 419 682 467 permixto
716 431 824 455 novo
858 421 1034 456 exercitu
1063 432 1109 457 ac
1136 426 1282 462 vetere,
1317 420 1456 456 castris
1482 420 1664 456 bifariam

242 489 371 533 factis,
406 495 448 525 ut
479 501 586 525 nova
619 489 777 526 minora
803 496 940 527 essent
964 491 1130 540 propius
1148 490 1435 534 Hannibalern,
1462 490 1502 526 in
1526 492 1666 527 veteri·

202 558 317 597 ssbus
350 560 479 596 maior
511 572 603 608 pars
636 565 676 596 et
709 572 830 596 omne
862 562 984 597 robur
1007 562 1145 597 virium
1179 566 1298 604 esset,
1333 561 1542 597 consulum
1571 563 1665 598 anni

241 631 384 679 prioris
402 630 458 667 M.
477 630 653 674 Atilium,
681 636 841 667 aetatem
860 639 1134 676 excusantem,
1161 633 1335 668 Romam
1360 631 1565 675 miserunt,
1586 631 1667 669 Ge-

241 701 393 737 minum
427 701 634 737 Servilium
681 702 722 738 in
761 703 982 739 minoribus
1023 703 1162 739 castris
1202 702 1353 751 legioni
1391 702 1587 739 Romanae
1628 708 1667 738 et

204 769 224 809 ’ἶ
244 771 397 808 socium
419 772 601 819 peditum
621 772 880 820 equitumque
899 773 1060 809 duobus
1077 773 1249 808 millibus
1272 772 1506 821 praeficiunt.
1555 772 1667 808 Han·

243 842 353 878 nibal
371 854 604 890 quanquam
630 848 743 890 parte
762 842 930 879 dimidia
949 849 1088 880 auctas
1107 844 1282 880 hostium
1301 842 1441 891 copias
1460 843 1665 887 cernebat,

205 912 383 950 &tamen
417 914 595 949 adventu
628 914 838 950 consulum
872 914 968 950 mire
1001 915 1196 963 gaudere.
1258 913 1353 949 Non
1397 913 1525 949 solum
1559 913 1665 949 enim

240 983 338 1019 nihil
371 996 419 1019 ex
451 984 575 1032 raptis
600 984 640 1020 in
666 985 774 1020 diem
800 985 1092 1021 commeatibus
1118 985 1348 1033 superabat,
1375 984 1448 1019 sed
1477 996 1529 1020 ne
1558 983 1666 1020 unde

241 1060 402 1102 raperet
419 1055 597 1102 quidem,
613 1055 827 1102 quicquam
845 1055 985 1102 reliqui
1004 1062 1101 1099 erat,
1122 1055 1232 1091 omni
1251 1055 1431 1102 undique
1450 1053 1664 1097 frumento,

241 1129 459 1172 postquam
493 1137 590 1173 ager
615 1138 755 1174 parum
781 1131 887 1162 tutus
913 1132 1010 1169 erat,
1044 1126 1086 1162 in
1110 1126 1229 1161 urbes
1254 1125 1428 1162 munitas
1453 1131 1665 1169 convecto,

203 1192 227 1232 9
243 1200 285 1230 ut
303 1195 365 1230 vix
383 1196 527 1232 decem
547 1196 718 1239 dierum,
745 1197 859 1244 quod
885 1202 1136 1245 compertum
1160 1201 1305 1244 postea
1323 1200 1396 1239 est,
1424 1195 1665 1232 frumentum

242 1272 485 1313 superesset,
509 1265 870 1315 Hispanorumque
888 1267 941 1303 ob
965 1267 1147 1315 inopiam
1172 1266 1354 1302 transitio
1373 1273 1517 1314 parata
1534 1266 1664 1310 fuerit,

242 1336 274 1372 si
306 1337 514 1373 maturitas
548 1342 773 1386 temporum
808 1343 1042 1386 exspectata
1076 1337 1191 1374 foret.

132 1401 178 1445 41
361 1406 549 1443 Ceterum
574 1410 787 1444 temeritati
812 1408 988 1444 consulis
1011 1420 1058 1444 ac
1076 1419 1336 1456 praepropero
1355 1407 1521 1456 ingenio
1540 1413 1666 1444 mate-

240 1476 340 1512 riam
374 1477 495 1513 etiam
528 1478 689 1515 fortuna
718 1479 845 1522 dedit,
880 1479 992 1526 quod
1017 1479 1058 1514 in
1082 1479 1348 1527 prohibendis
1372 1478 1665 1526 praedatoribus

241 1547 497 1584 tumultuario
530 1549 672 1596 proelio
703 1561 749 1586 ac
774 1561 967 1598 procursu
990 1549 1119 1597 magis
1144 1548 1311 1584 militum
1337 1560 1457 1596 quam
1486 1560 1535 1584 ex
1565 1560 1666 1599 prae-

240 1623 383 1665 parato
417 1623 486 1654 aut
516 1619 626 1655 iussu
658 1620 946 1669 imperatorum
979 1626 1068 1656 orto
1097 1619 1414 1667 haudquaquam
1439 1631 1510 1667 par
1528 1619 1665 1655 Poenis

200 1686 448 1726 2dimicatio
483 1688 566 1725 fuit.
615 1691 679 1726 Ad
712 1691 817 1726 mille
851 1696 890 1726 et
922 1690 1168 1738 septingenti
1201 1690 1306 1733 caesi,
1340 1701 1425 1725 non
1457 1690 1545 1738 plus
1573 1702 1665 1726 cen-

242 1767 324 1793 tum
357 1759 637 1796 Romanorum
670 1761 954 1808 sociorumque
988 1761 1148 1797 occisis.
1226 1760 1415 1797 Ceterum
1447 1761 1664 1797 victoribus

242 1828 367 1865 effuse
409 1830 671 1877 sequentibus
711 1836 820 1867 metu
857 1831 1094 1868 insidiarum
1135 1831 1288 1867 obstitit
1319 1831 1465 1867 Paulus
1506 1832 1662 1875 consul,

201 1898 226 1937 3
242 1899 352 1935 cuius
379 1911 429 1935 eo
455 1900 522 1936 die
547 1899 657 1950 (nam
689 1901 851 1938 alternis
879 1899 1179 1951 imperitabant)
1203 1901 1414 1950 imperium
1438 1908 1536 1945 erat,
1564 1901 1664 1938 Var-

241 1980 341 2006 rone
373 1970 614 2018 indignante
639 1982 687 2007 ac
711 1971 972 2016 vociferante,
1007 1972 1197 2008 emissum
1230 1972 1389 2008 hostem
1422 1984 1444 2008 e
1477 1973 1663 2009 manibus

203 2038 532 2089 4debellarique,
567 2041 607 2077 ni
632 2047 832 2077 cessatum
858 2041 974 2086 foret,
1008 2043 1203 2090 potuisse.
1252 2041 1458 2079 Hannibal
1482 2043 1525 2078 id
1552 2043 1664 2078 dam-

241 2124 337 2147 num
356 2112 465 2147 haud
483 2112 689 2160 aegerrime
707 2112 810 2160 pati;
845 2112 941 2160 quin
966 2113 1099 2161 potius
1119 2114 1298 2156 credere,
1319 2114 1424 2149 velut
1440 2113 1662 2150 inescatam

242 2182 509 2218 temeritatem
543 2181 750 2218 ferocioris
784 2183 960 2219 consulis
994 2195 1040 2220 ac
1073 2195 1271 2220 novorum
1300 2183 1472 2220 maxime
1497 2184 1664 2220 militum

201 2249 228 2290 5
245 2264 349 2288 esse.
398 2251 450 2288 Et
475 2252 612 2288 omnia
637 2253 673 2288 ei
702 2252 876 2289 hostium
902 2254 1012 2290 haud
1036 2266 1152 2291 secus
1178 2267 1297 2302 quam
1322 2266 1393 2290 sua
1411 2259 1510 2290 nota
1529 2260 1661 2291 erant:

243 2322 458 2359 dissimiles
477 2322 771 2371 discordesque
789 2324 1032 2372 imperitare,
1060 2325 1162 2361 duas
1188 2337 1317 2374 prope
1335 2330 1469 2374 partes
1487 2325 1662 2361 tironum

201 2392 225 2432 6
244 2393 413 2429 militum
444 2393 485 2429 in
519 2393 694 2429 exercitu
727 2405 830 2431 esse.
893 2394 1033 2443 Itaque
1073 2395 1206 2432 locum
1245 2402 1285 2431 et
1317 2401 1474 2443 tempus
1507 2395 1662 2432 insidiis

242 2469 380 2512 aptum
407 2476 449 2500 se
475 2463 624 2500 habere
649 2469 771 2508 ratus,
804 2470 926 2501 nocte
949 2465 1144 2514 proxima,
1179 2466 1275 2502 nihil
1302 2471 1446 2514 praeter
1469 2477 1580 2501 arma
1606 2465 1662 2501 fe—

242 2540 355 2570 rente
390 2546 528 2573 secum
560 2534 695 2578 milite,
729 2540 863 2571 castra
895 2535 1014 2583 plena
1040 2536 1171 2572 omnis
1198 2535 1367 2572 fortunae
1392 2535 1561 2583 publicae
1585 2536 1662 2584 pri·

202 2602 225 2643 7
241 2610 424 2653 vataeque
449 2604 651 2653 relinquit,
678 2611 868 2653 transque
893 2605 1098 2653 proximos
1124 2612 1284 2642 montes
1310 2606 1408 2642 laeva
1425 2607 1584 2655 pedites
1602 2606 1661 2643 in-
