1789 2955
259 113 343 154 258
692 112 795 144 Liber
813 112 919 143 XXV.
963 112 1019 154 (A.
1039 123 1068 144 u.
1093 124 1120 143 c.
1145 113 1240 156 542.)

218 244 241 283 8
376 243 524 280 Omnia
563 249 603 280 et
640 244 905 292 impetrabilia
945 251 984 281 et
1022 251 1106 282 tuta
1145 252 1259 282 erant
1297 248 1406 294 apud
1440 248 1667 292 Romanos;

256 314 359 350 inter
390 315 502 362 ipsos
533 315 622 363 plus
655 315 746 350 belli
778 326 824 351 ac
858 315 1020 363 periculi
1054 322 1150 352 erat.
1220 316 1404 364 Namque
1437 318 1667 366 transfugae,

257 385 360 420 tradi
386 397 429 421 se
452 385 648 422 Romanis
671 386 757 428 rati,
783 387 1121 422 mercenariorum
1146 399 1307 434 quoque
1333 388 1497 423 militum
1524 389 1668 424 auxilia

215 455 297 492 ΕΗΒ
336 456 512 491 eundem
552 456 783 504 compulere
822 461 991 500 metum;
1036 458 1284 505 arreptisque
1325 458 1443 494 armis
1475 464 1667 506 praetores

255 525 426 572 primum
444 526 699 569 obtruncant,
718 527 814 562 inde
832 527 886 562 ad
901 528 1055 563 caedem
1071 528 1412 574 Syracusanorum
1429 528 1666 573 discurrunt,

256 607 439 643 quosque
472 596 554 632 fors
588 597 742 641 obtulit,
774 598 861 633 irati
894 597 1131 633 interfecere
1164 602 1285 645 atque
1319 598 1468 642 omnia,
1507 611 1595 646 quae
1627 600 1667 635 in

187 664 241 705 lO
254 671 442 714 promptu
461 672 587 711 erant,
612 667 875 716 diripuerunt.
923 667 1041 711 Tum,
1067 680 1118 703 ne
1137 667 1223 703 sine
1242 668 1411 704 ducibus
1430 675 1578 713 essent,
1599 682 1667 705 sex

253 736 468 783 praefectos
500 749 701 782 creavere,
736 743 777 774 ut
808 739 909 774 terni
944 738 1183 775 Achradinae
1217 751 1263 775 ac
1287 738 1399 776 Naso
1433 745 1666 788 praeessent.

253 806 407 843 Sedato
430 808 597 843 tandem
621 809 802 853 tumultu,
836 809 1147 857 exsequentibus
1171 809 1431 853 sciscitando,
1461 822 1548 858 quae
1577 816 1667 846 acta

253 887 343 912 cum
362 878 557 915 Romanis
575 886 724 924 essent,
750 881 939 921 dilucere,
957 879 1000 915 id
1018 880 1130 927 quod
1148 886 1245 923 erat,
1265 880 1398 928 coepit,
1418 881 1536 916 aliam
1554 893 1666 917 suam

127 943 188 988 30
252 959 299 983 ac
333 948 589 997 perfugarum
622 962 786 987 causam
819 962 921 986 esse.
985 950 1030 986 In
1063 955 1245 998 tempore
1277 951 1397 999 legati
1427 963 1451 986 a
1474 950 1666 988 Marcello

252 1018 470 1064 redierunt,
497 1019 598 1056 falsa
622 1033 694 1057 eos
719 1021 950 1069 suspicione
974 1020 1163 1057 incitatos
1191 1027 1462 1058 memorantes
1480 1034 1555 1058 nec
1574 1034 1667 1058 cau—

211 1088 338 1128 2sam
371 1091 610 1138 expetendae
643 1103 774 1139 poenae
808 1103 947 1127 eorum
980 1091 1100 1127 ullam
1123 1092 1318 1128 Romanis
1351 1104 1454 1128 esse.
1518 1092 1614 1128 Erat
1645 1105 1666 1129 e

251 1159 374 1195 tribus
407 1161 649 1197 Achradinae
681 1161 879 1210 praefectis
909 1161 1114 1210 Hispanus
1139 1160 1328 1199 Moericus
1360 1163 1539 1198 nomine.
1603 1164 1667 1199 Ad

252 1241 343 1265 eum
366 1230 469 1266 inter
492 1232 661 1268 comites
679 1232 902 1280 legatorum
922 1233 974 1268 de
991 1232 1188 1268 industria
1205 1244 1307 1269 unus
1326 1245 1373 1268 ex
1392 1232 1664 1281 Hispanorum

250 1300 505 1338 auxiliaribus
543 1307 603 1338 est
648 1302 804 1346 missus,
845 1303 911 1350 qui
945 1303 1031 1339 sine
1064 1303 1219 1339 arbitris
1252 1303 1463 1339 Moericum
1490 1307 1666 1340 'nanctus

250 1371 434 1418 primum,
473 1384 553 1420 quo
586 1372 627 1408 in
660 1378 764 1409 statu
796 1374 1021 1421 reliquisset
1054 1373 1292 1422 Hispaniam
1325 1371 1380 1423 (et
1410 1385 1538 1421 nuper
1569 1374 1666 1410 inde

209 1439 442 1492 3venerat),
468 1444 653 1491 exponit:
689 1443 826 1480 omnia
851 1444 1046 1480 Romanis
1072 1444 1125 1479 ibi
1150 1444 1321 1480 obtineri
1347 1443 1479 1480 armis.
1539 1444 1664 1481 Posse

250 1523 354 1556 eum,
381 1512 412 1548 si
438 1524 572 1561 operae
596 1514 767 1562 pretium
792 1513 925 1557 faciat,
953 1515 1173 1563 principem
1192 1514 1445 1562 popularium
1464 1526 1567 1558 esse,
1593 1526 1663 1550 seu

249 1581 417 1618 militare
451 1595 539 1619 cum
569 1584 764 1621 Romanis
798 1597 867 1620 seu
896 1585 937 1621 in
965 1586 1134 1633 patriam
1162 1585 1304 1620 reverti
1334 1585 1474 1629 libeat;
1509 1591 1663 1630 contra,

250 1652 281 1687 si
325 1653 443 1688 malle
483 1654 662 1690 obsideri
700 1660 854 1703 pergat,
899 1667 1019 1703 quam
1059 1667 1173 1703 spem
1212 1667 1301 1691 esse
1341 1661 1444 1691 terra
1484 1657 1664 1704 marique

207 1721 415 1763 4clauso?
447 1723 583 1761 Motus
607 1725 667 1761 his
685 1725 888 1770 Moericus,
914 1738 1035 1774 quum
1058 1726 1215 1774 legatos
1241 1727 1295 1761 ad
1312 1725 1546 1762 Marcellum
1564 1727 1664 1763 mitti

248 1793 477 1841 placuisset,
518 1795 678 1831 fratrem
717 1797 820 1832 inter
860 1808 932 1833 eos
970 1797 1099 1840 mittit,
1144 1797 1210 1844 qui
1242 1808 1314 1844 per
1346 1798 1523 1833 eundem
1555 1798 1662 1833 illum

249 1863 475 1912 Hispanum
494 1871 672 1903 secretus
690 1867 740 1902 ab
759 1867 845 1903 aliis
858 1867 913 1903 ad
925 1867 1158 1903 Marcellum
1173 1868 1386 1911 deductus,
1406 1879 1527 1914 quum
1542 1868 1663 1903 fidem

248 1935 473 1983 accepisset
494 1937 871 1985 composuissetque
894 1939 1066 1986 agendae
1089 1937 1273 1974 ordinem
1295 1938 1365 1980 rei,
1389 1938 1663 1974 Achradinam

206 2004 362 2044 5redit.
426 2006 531 2042 Tum
554 2006 756 2051 Moericus,
791 2013 833 2043 ut
864 2009 915 2043 ab
946 2009 1177 2056 suspicione
1200 2007 1442 2056 proditionis
1465 2013 1663 2044 averteret

248 2076 426 2111 omnium
461 2077 632 2121 animos,
666 2083 791 2126 negat
822 2079 896 2115 sibi
929 2079 1088 2127 placere
1121 2079 1277 2127 legatos
1307 2090 1536 2114 commeare
1560 2079 1661 2115 ultro

248 2145 448 2194 citroque:
475 2159 608 2195 neque
625 2149 902 2196 recipiendum
922 2161 1165 2197 quemquam
1183 2161 1315 2197 neque
1334 2149 1587 2192 mittendum,
1608 2154 1660 2193 et,

248 2228 329 2264 quo
342 2217 534 2254 intentius
547 2219 742 2255 custodiae
756 2224 974 2264 serventur,
991 2225 1222 2268 opportuna
1233 2220 1455 2255 dividenda
1463 2219 1662 2267 praefectis

207 2286 231 2327 6
248 2298 351 2331 esse,
376 2292 419 2323 ut
442 2299 524 2324 suae
549 2289 717 2336 quisque
742 2290 864 2338 partis
890 2291 1069 2327 tutandae
1094 2303 1184 2327 reus
1210 2291 1271 2327 sit.
1329 2289 1483 2326 Omnes
1507 2289 1662 2326 assensi

247 2363 351 2394 sunt.
399 2358 582 2395 Partibus
608 2359 838 2396 dividendis
861 2361 936 2408 ipsi
960 2361 1072 2409 regio
1100 2361 1233 2397 evenit
1256 2362 1307 2397 ab
1325 2360 1523 2396 Arethusa
1548 2359 1661 2396 fonte

247 2439 374 2475 usque
403 2429 457 2464 ad
486 2430 631 2465 ostium
659 2431 795 2478 magni
824 2436 983 2478 portus;
1023 2431 1066 2467 id
1094 2437 1135 2467 ut
1163 2432 1309 2468 scirent
1336 2430 1523 2474 Romani,
1554 2429 1660 2466 fecit.

206 2496 228 2536 7
246 2498 386 2547 Itaque
403 2499 616 2536 Marcellus
641 2505 762 2536 nocte
787 2513 931 2536 navem
951 2501 1177 2537 onerariam
1195 2514 1284 2538 cum
1303 2501 1464 2537 armatis
1482 2501 1660 2536 remulco

247 2569 512 2616 quadriremis
551 2570 652 2606 trahi
690 2571 744 2606 ad
775 2571 1050 2607 Achradinam
1089 2571 1214 2615 iussit,
1255 2571 1484 2619 exponique
1516 2570 1660 2607 milites

206 2638 413 2688 &regione
436 2645 576 2688 portae,
603 2652 691 2688 quae
715 2652 843 2689 prope
868 2640 1022 2677 fontem
1039 2641 1280 2677 Arethusam
1306 2646 1379 2677 est.
1428 2640 1520 2679 Hoc
1537 2652 1660 2689 quum
