1768 2943
530 85 634 116 Liber
659 85 770 117 xxu.
822 83 876 126 (A.
905 85 966 116 ch.
994 84 1089 126 217.)
1462 87 1517 127 75

99 215 160 252 Ex
190 215 366 264 Pelignis
408 215 556 252 Poenus
600 215 709 252 flexit
750 215 836 260 iter,
879 221 1067 264 retroque
1099 217 1286 265 Apuliam
1327 216 1555 266 repetens?

98 285 349 323 Gereonium
380 285 575 334 pervenit,
610 287 750 323 urbem
781 291 903 331 metu,
938 286 1032 334 quia
1065 287 1244 336 collapsa
1277 288 1399 325 ruinis
1423 300 1516 337 pars

97 356 292 394 moenium
323 361 420 401 erat,
454 357 506 393 ab
531 356 620 394 suis
654 358 881 401 desertam;
915 357 1090 394 dictator
1119 358 1160 394 in
1193 357 1384 395 Larinate
1416 358 1555 407 agro&

97 431 229 464 castra
261 427 510 464 communiit.
562 428 664 465 Inde
697 440 904 465 sacrorum
936 440 1059 466 causa
1083 428 1257 464 Romam
1289 434 1514 473 revocatus,

96 509 181 534 non
213 497 383 546 imperio
423 499 563 544 modo,
607 500 681 536 sed
724 499 896 536 consilio
935 498 1056 535 etiam
1089 511 1137 535 ac
1169 510 1298 547 prope
1330 499 1516 548 precibus

95 580 223 616 agens
256 580 348 604 cum
378 569 572 618 magistro
595 569 787 618 equitum,
822 574 864 606 ut
887 570 974 618 plus
998 569 1170 606 consilio
1197 581 1318 617 quam
1345 569 1515 605 fortunae
1534 568 1558 608 9

95 638 277 676 confidat
299 644 339 675 et
363 651 407 676 se
431 640 566 688 potius
590 641 736 677 ducem
754 653 876 689 quam
894 640 1178 688 Sempronium
1195 640 1517 687 Flaminiumque

94 708 286 746 imitetur:
320 722 373 746 ne
404 710 501 746 nihil
534 715 667 747 actum
701 717 887 748 censeret
914 715 1092 747 extracta
1120 723 1249 759 prope
1277 714 1416 747 aestate
1446 722 1517 758 per

94 779 410 817 ludificationem
443 781 590 825 hostis;
626 783 810 819 medicos
843 793 1007 830 quoque
1032 782 1120 830 plus
1144 781 1348 817 interdum
1379 780 1516 828 quiete

93 862 215 898 quam
247 852 454 888 movendo
487 857 608 900 atque
641 852 806 900 agendo
840 851 1056 900 proficere;
1091 852 1201 888 haud
1234 863 1398 900 parvam
1431 863 1515 887 rem
1532 850 1585 891 10

94 933 185 958 esse
217 922 269 958 ab
302 922 422 959 toties
454 922 606 959 victore
639 923 757 958 hoste
790 922 894 959 vinci
927 922 1084 959 desisse
1124 935 1170 959 ac
1211 921 1431 970 respirasse
1464 922 1515 957 ab

93 991 296 1029 continuis
328 992 525 1036 cladibus,
551 1015 609 1019 —
632 993 716 1030 haec
747 993 1018 1041 nequicquam
1047 992 1288 1042 praemonito
1322 992 1515 1040 magistro

96 1062 275 1111 equitum
307 1063 481 1100 Romam
514 1069 576 1100 est
606 1063 827 1112 profectus.

210 1133 412 1182 Principio
439 1134 601 1178 aestatis,
628 1146 708 1182 qua
732 1135 818 1171 haec
842 1135 1099 1183 gerebantur,
1123 1134 1164 1170 in
1189 1133 1388 1183 Hispania
1413 1145 1514 1181 quo·
1583 1130 1626 1175 19

92 1216 170 1252 que
202 1208 307 1240 terra
338 1204 519 1253 marique
551 1210 728 1253 coeptum
761 1205 909 1241 bellum
941 1210 1015 1241 est.
1069 1204 1301 1241 Hasdrubal
1334 1205 1389 1240 ad
1422 1203 1554 1243 eum?

90 1274 253 1310 navium
284 1286 507 1320 numerum,
541 1287 663 1323 quem
697 1288 721 1311 a
758 1275 877 1311 fratre
901 1275 1137 1312 instructum
1160 1280 1427 1324 paratumque
1451 1287 1517 1312 ac-

92 1349 269 1394 ceperat,
289 1345 434 1382 decem
452 1346 602 1383 adiecit
610 1358 619 1391 ;
639 1346 909 1395 quadraginta
927 1346 1088 1382 navium
1106 1347 1278 1383 classem
1297 1345 1516 1382 Himilconi
1532 1344 1556 1384 3

92 1415 226 1460 tradit,
267 1421 389 1464 atque
430 1417 486 1453 ita
519 1416 765 1466 Carthagine
797 1416 1003 1466 profectus
1036 1429 1161 1453 naves
1193 1429 1321 1466 prope
1355 1422 1514 1461 terram,

93 1486 310 1523 exercitum
343 1486 384 1523 in
415 1487 531 1524 litore
565 1489 755 1533 ducebat,
796 1492 961 1536 paratus
994 1487 1228 1536 confligere,
1270 1499 1514 1535 quacunque

92 1561 205 1605 parte
253 1557 462 1606 copiarum
509 1559 636 1596 hostis
680 1559 933 1596 occurrisset.
998 1557 1073 1594 Cn.
1118 1558 1252 1607 Scipio
1296 1555 1556 1606 postquam-1

91 1627 267 1664 movisse
300 1640 348 1664 ex
371 1628 549 1666 hibernis
577 1629 737 1666 hostem
762 1629 927 1673 audivit,
952 1629 1082 1677 primo
1106 1629 1217 1665 idem
1243 1628 1398 1665 consilii
1424 1628 1513 1673 suit;

92 1698 246 1735 deinde
277 1698 409 1735 minus
442 1705 547 1736 terra
578 1705 745 1748 propter
775 1700 984 1748 ingentem
1010 1699 1159 1734 famam
1182 1711 1380 1735 novorum
1406 1699 1515 1734 auxi-

92 1769 236 1806 liorum
268 1781 508 1806 concurrere
541 1782 676 1815 ausus,
712 1771 873 1806 delecto
906 1769 1030 1806 milite
1062 1770 1118 1805 ad
1150 1782 1274 1806 naves
1306 1769 1513 1818 imposito,

92 1841 271 1889 quinque
304 1846 344 1877 et
376 1840 538 1889 triginta
569 1840 731 1877 navium
765 1841 894 1877 classe
932 1840 989 1876 ire
1029 1840 1191 1876 obviam
1231 1840 1337 1876 hosti
1370 1839 1513 1888 pergit.

91 1911 228 1948 Altero
247 1911 298 1947 ab
316 1911 552 1948 Tarracone
575 1911 642 1947 die
666 1912 722 1947 ad
740 1911 959 1948 stationem
991 1911 1136 1947 decem
1168 1910 1290 1946 millia
1321 1908 1553 1959 passuum5

91 1981 312 2019 distantem
344 1982 395 2018 ab
429 1982 534 2019 ostio
557 1980 698 2018 Hiberi
731 1982 861 2018 amnis
893 1981 1088 2030 pervenit.
1136 1981 1238 2017 Inde
1262 1981 1353 2018 duae
1371 1980 1516 2017 Massi-

91 2052 276 2090 liensium
309 2052 589 2101 speculatoriae
621 2052 837 2102 praemissae
875 2052 1076 2096 rettulere,
1117 2052 1288 2088 classem
1321 2052 1515 2087 Punicam

93 2127 199 2159 stare
230 2123 271 2159 in
305 2123 411 2160 ostio
443 2123 618 2160 fluminis
651 2129 863 2171 castraque
896 2123 937 2159 in
969 2122 1055 2171 ripa
1087 2122 1234 2171 posita.
1298 2121 1439 2169 Itaque
1472 2123 1551 2159 uto

90 2193 341 2242 improvidos
372 2193 641 2242 incautosque
672 2194 859 2230 universo
893 2193 1009 2230 simul
1042 2193 1170 2229 effuso
1204 2199 1355 2229 terrore
1381 2192 1515 2240 oppri-

91 2269 233 2309 meret,
274 2264 439 2301 sublatis
482 2264 642 2300 ancoris
681 2265 735 2300 ad
775 2265 935 2301 hostem
967 2264 1090 2300 vadit.
1155 2264 1302 2300 Multas
1336 2268 1376 2299 et
1414 2261 1514 2299 locis

92 2334 182 2372 altis
214 2334 370 2383 positas
409 2340 535 2371 turres
567 2334 768 2383 Hispania
806 2335 942 2380 habet,
986 2335 1132 2383 quibus
1175 2340 1215 2371 et
1257 2334 1430 2383 speculis
1476 2339 1516 2368 et

93 2406 408 2454 propugnaculis
441 2406 635 2442 adversus
668 2406 845 2442 latrones
878 2410 1054 2442 utuntur.
1116 2405 1219 2441 Inde
1252 2404 1381 2453 primo
1416 2402 1547 2441 con-7

93 2475 241 2525 spectis
259 2476 434 2513 hostium
452 2476 635 2520 navibus,
662 2476 802 2512 datum
828 2476 986 2525 signum
1005 2475 1251 2512 Hasdrubali
1270 2479 1343 2517 est,
1373 2473 1514 2510 tumul-

92 2552 237 2594 tusque
269 2547 377 2596 prius
408 2547 450 2583 in
482 2552 587 2583 terra
618 2553 658 2583 et
690 2547 829 2583 castris
863 2559 983 2594 quam
1016 2547 1071 2582 ad
1103 2558 1213 2582 mare
1241 2550 1281 2581 et
1308 2545 1363 2580 ad
1389 2555 1514 2580 naves

93 2622 154 2653 est
177 2621 301 2662 ortus,
334 2617 519 2653 nondum
544 2622 612 2653 aut
633 2617 749 2665 pulsu
767 2629 967 2654 remorum
986 2617 1234 2665 strepituque
1252 2615 1331 2651 alio
1349 2614 1513 2651 nautico
