1768 2943
509 107 611 138 Liber
637 107 747 138 XXII.
799 106 853 149 (A.
882 107 943 138 Ch.
970 107 1064 150 217.)
1430 109 1484 149 83

76 237 298 282 dimicaret,
313 237 442 286 pridie
465 249 587 287 quam
611 238 835 286 rogationis
864 238 1042 274 ferendae
1062 238 1149 275 dies
1168 240 1344 284 adesset,
1363 245 1484 276 nocte

75 309 129 345 ad
161 307 378 345 exercitum
410 309 519 346 abiit.
553 309 662 346 Luce
688 314 776 345 orta
809 320 929 356 quum
954 309 1082 357 plebis
1117 309 1329 346 concilium
1363 316 1482 354 esset,
1503 308 1553 348 17

74 379 202 428 magis
233 378 355 415 tacita
386 376 538 413 invidia
564 378 773 415 dictatoris
793 379 985 427 favorque
1003 379 1181 428 magistri
1205 380 1381 428 equitum
1400 381 1484 417 ani-

74 461 163 487 mos
194 449 393 492 versabat,
428 459 547 496 quam
574 449 669 486 satis
695 450 903 486 audebant
927 449 1112 486 homines
1140 450 1195 486 ad
1213 451 1481 495 suadendum,

75 521 187 569 quod
210 520 330 569 vulgo
355 519 554 567 placebat,
589 519 765 567 prodire,
800 526 840 556 et
872 520 1008 557 favore
1032 526 1248 571 superante
1266 521 1484 557 auctoritas

75 597 212 628 tamen
242 589 447 639 rogationi
480 590 633 626 deerat.
682 590 798 628 Unus
829 591 1015 628 inventus
1048 597 1109 628 est
1141 603 1282 629 suasor
1315 592 1414 640 legis
1439 592 1484 628 C.
1504 590 1555 630 18

75 661 290 699 Terentius
322 660 466 704 Varro,
501 661 568 709 qui
600 661 733 710 priore
765 674 876 698 anno
909 668 1055 710 praetor
1088 663 1228 706 fuerat,
1275 663 1367 699 loco
1400 675 1485 699 non

74 732 210 769 humili
242 733 385 776 solum,
419 732 492 768 sed
518 731 639 768 etiam
664 733 832 769 sordido
862 737 984 769 ortus.
1018 733 1177 769 Patrem
1195 733 1343 769 lanium
1363 733 1485 770 fuisse
1501 731 1553 771 19

74 803 218 847 ferunt,
251 803 382 852 ipsum
414 802 640 839 institorem
673 803 829 848 mercis,
864 802 1026 851 filioque
1054 804 1133 840 hoc
1155 804 1245 852 ipso
1270 805 1311 840 in
1330 805 1486 841 servilia

74 873 158 910 eius
192 873 284 910 artis
316 872 536 910 ministeria
568 885 696 910 usum.
744 874 782 910 Is
814 873 980 918 iuvenis,
1014 879 1056 910 ut
1080 874 1249 922 primum
1275 887 1323 910 ex
1348 887 1398 911 eo
1416 887 1486 923 ge·
1549 870 1610 914 26

73 956 169 980 nere
203 950 377 992 quaestus
409 944 581 992 pecunia
610 957 633 980 a
651 950 764 993 patre
792 944 929 980 relicta
953 944 1111 981 animos
1137 946 1191 981 ad
1216 957 1329 993 spem
1345 945 1487 981 libera-

73 1015 181 1051 lioris
214 1015 385 1052 fortunae
408 1014 513 1059 fecit,
548 1020 725 1064 togaque
743 1020 783 1051 et
802 1015 930 1052 forum
955 1015 1155 1063 placuere,
1190 1016 1484 1064 proclamando
1500 1013 1526 1053 2

73 1098 146 1134 pro
180 1086 356 1123 sordidis
388 1085 618 1123 hominibus
651 1087 862 1134 causisque
903 1086 1096 1122 adversus
1134 1098 1217 1122 rem
1257 1091 1297 1122 et
1337 1086 1485 1122 famam

74 1157 274 1193 bonorum
296 1157 467 1205 primum
490 1156 530 1192 in
554 1157 740 1193 notitiam
758 1156 909 1206 populi,
937 1156 1088 1192 deinde
1114 1157 1169 1192 ad
1194 1157 1372 1193 honores
1398 1168 1487 1204 per-

74 1227 194 1271 venit,
228 1232 508 1275 quaesturaque
542 1233 582 1263 et
613 1228 771 1264 duabus
803 1227 1072 1271 aedilitatibus,
1107 1227 1268 1275 plebeia
1292 1231 1332 1263 et
1350 1225 1528 1270 curuli,3

74 1303 281 1346 postremo
300 1303 340 1334 et
356 1303 527 1346 praetura
546 1297 792 1346 perfunctus,
811 1298 891 1334 iam
909 1298 964 1333 ad
979 1298 1212 1334 consulatus
1233 1309 1346 1346 spem
1365 1309 1484 1345 quum

75 1368 274 1404 attolleret
302 1368 473 1412 animos,
508 1369 618 1406 haud
636 1381 777 1418 parum
795 1370 939 1406 callide
958 1381 1097 1404 auram
1115 1368 1263 1405 favoris
1281 1369 1487 1417 popularis
1501 1367 1529 1406 4

74 1451 122 1474 ex
154 1438 363 1476 dictatoris
394 1439 546 1476 invidia
577 1440 692 1488 petiit
724 1440 891 1488 scitique
916 1439 1044 1488 plebis
1072 1452 1174 1476 unus
1201 1439 1368 1488 gratiam
1387 1439 1485 1475 tulit.

192 1507 346 1546 Omnes
379 1522 469 1546 eam
502 1511 771 1558 rogationem,
805 1510 953 1558 quique
972 1511 1112 1547 Romae
1146 1510 1293 1558 quique
1312 1511 1352 1546 in
1377 1507 1529 1548 exer—5

73 1579 153 1615 citu
184 1585 311 1624 erant,
345 1581 448 1629 aequi
480 1586 601 1629 atque
633 1580 771 1629 iniqui,
809 1586 952 1629 praeter
990 1581 1121 1630 ipsum
1162 1580 1403 1617 dictatorern
1447 1580 1487 1616 in

73 1651 360 1687 contumeliam
377 1651 462 1688 eius
479 1652 602 1687 latam
620 1656 876 1700 acceperunt.
909 1651 1014 1700 Ipse,
1048 1664 1128 1699 qua
1143 1651 1339 1700 gravitate
1363 1651 1485 1686 animi
1502 1650 1526 1689 6

75 1721 333 1758 criminantes
366 1734 409 1759 se
443 1723 498 1758 ad
529 1722 827 1759 multitudinem
858 1722 1044 1759 inimicos
1077 1723 1233 1766 tulerat,
1269 1722 1416 1757 eadem
1449 1727 1489 1757 et

74 1792 214 1840 populi
251 1791 292 1828 in
331 1804 374 1828 se
412 1793 611 1830 saevientis
649 1792 832 1829 iniuriam
872 1793 976 1837 tulit;
1019 1792 1277 1841 acceptisque
1315 1792 1357 1828 in
1397 1790 1526 1841 ipso'Y

74 1861 216 1898 itinere
232 1862 371 1899 litteris
396 1869 560 1900 senatus
585 1864 638 1900 de
668 1868 827 1911 aequato
853 1862 1035 1911 imperio,
1070 1862 1166 1900 satis
1191 1862 1334 1906 fidens,
1361 1862 1489 1898 haud-

75 1944 277 1981 quaquam
312 1944 402 1970 cum
434 1934 590 1983 imperii
622 1934 706 1970 iure
739 1939 865 1970 artem
898 1933 1125 1982 imperandi
1150 1938 1364 1981 aequatam,
1399 1944 1489 1969 cum

75 2003 222 2040 invicto
270 2016 294 2040 a
341 2004 492 2042 civibus
538 2005 804 2053 hostibusque
844 2004 981 2041 animo
1020 2005 1075 2041 ad
1107 2003 1324 2040 exercitum
1357 2003 1488 2039 rediit.

75 2074 276 2111 Minucius
307 2086 402 2111 vero
436 2087 557 2123 quum
599 2075 678 2112 iam
712 2080 807 2111 ante
839 2075 902 2110 vix
933 2075 1151 2111 tolerabilis
1190 2073 1331 2110 fuisset
1369 2074 1488 2110 rebus
1552 2071 1611 2114 27

78 2144 268 2181 secundis
287 2156 335 2181 ac
353 2144 490 2182 favore
515 2145 634 2194 vulgi,
667 2151 749 2182 tum
776 2145 912 2193 utique
929 2145 1147 2181 immodice
1166 2145 1490 2192 immodesteque
1505 2143 1531 2183 2

76 2227 161 2252 non
194 2214 425 2252 Hannibale
456 2216 586 2264 magis
617 2216 723 2253 victo
756 2216 807 2252 ab
841 2228 884 2252 se
917 2228 1037 2263 quarn
1071 2216 1121 2261 Q.
1155 2215 1284 2251 Fabio
1314 2215 1489 2264 gloriari.

76 2285 188 2322 Illum
220 2287 262 2323 in
294 2287 413 2323 rebus
445 2286 598 2335 asperis
631 2287 792 2323 unicum
826 2287 971 2323 ducem
1012 2298 1059 2323 ac
1099 2298 1237 2335 parem
1279 2284 1530 2334 quaesitum3

77 2355 313 2402 Hannibali,
361 2357 555 2393 maiorem
589 2357 747 2402 minori,
783 2357 1021 2394 dictatorem
1063 2357 1256 2405 magistro
1297 2357 1488 2404 equitum,

77 2427 188 2474 quod
220 2427 329 2464 nulla
360 2428 556 2464 memoria
589 2428 738 2465 habeat
769 2427 994 2473 annalium,
1029 2427 1138 2464 iussu
1177 2427 1317 2476 populi
1357 2438 1490 2473 aequa-

77 2502 160 2533 tum
179 2495 234 2534 ‘in
267 2497 414 2534 eadem
447 2499 628 2544 civitate,
672 2499 713 2535 in
746 2510 825 2547 qua
857 2498 1035 2547 magistri
1070 2498 1245 2546 equitum
1280 2497 1409 2545 virgas
1442 2496 1489 2532 ac

77 2578 238 2604 secures
270 2568 478 2606 dictatoris
511 2574 681 2606 tremere
714 2574 834 2618 atque
867 2569 1030 2605 horrere
1063 2568 1167 2605 soliti
1202 2568 1299 2611 sint;
1334 2565 1531 2605 tantum4

78 2649 192 2674 suam
225 2637 454 2675 felicitatem
487 2639 750 2687 virtutemque
784 2639 989 2676 enituisse.
1044 2640 1152 2687 Ergo
1186 2643 1412 2674 secuturum
1446 2649 1488 2673 se

1138 2704 1178 2739 6*
