1768 2943
216 80 300 122 120
342 70 345 72 ’
643 81 747 112 Liber
768 81 895 113 >mur
935 80 989 123 (A.
1011 92 1042 113 u.
1063 91 1090 113 c.
1113 80 1207 125 538.)

213 211 363 247 domos
381 210 643 259 singulorum,
662 223 763 260 quas
781 212 978 260 praesidiis
996 212 1198 249 clientium
1218 225 1504 262 servorumque
1519 220 1636 252 tuen-

217 287 290 324 tur,
319 293 411 317 cum
429 293 586 318 summo
605 288 738 319 vestro
756 282 950 330 periculo,
970 284 1044 320 sed
1062 288 1188 319 tutam
1206 284 1363 320 habetis
1381 296 1429 320 ac
1446 285 1633 330 liberam;

172 349 198 389 3
214 352 374 388 clausos
408 363 551 388 omnes
583 351 624 388 in
649 352 758 388 curia
782 353 966 401 accipite,
1001 354 1126 398 solos,
1159 354 1347 390 inermes.
1409 353 1497 391 Nee
1524 356 1635 403 quic-

214 434 334 470 quam
366 422 512 470 raptim
539 428 607 458 aut
630 422 734 459 forte
759 427 910 460 temere
934 424 1115 472 egeritis;
1149 425 1202 460 de
1228 424 1476 472 singulorum
1501 426 1635 474 capite

213 492 328 529 vobis
355 492 416 529 ius
441 493 652 529 sententiae
677 493 864 531 dicendae
888 494 1048 539 faciam,
1076 500 1130 541 ut,
1157 506 1257 542 quas
1283 495 1453 542 quisque
1469 496 1637 533 meritus

171 560 287 606 4est,
331 574 476 611 poenas
508 564 664 611 pendat
675 575 684 608 ;
729 565 803 600 sed
835 569 930 601 ante
964 565 1101 601 omnia
1133 564 1188 600 ita
1221 577 1292 601 vos
1324 565 1391 602 irae
1423 566 1634 614 indulgere

215 638 391 681 oportet,
435 638 478 669 ut
516 633 718 682 potiorem
757 634 815 671 ira
854 636 1024 672 salutem
1064 640 1186 682 atque
1221 635 1430 671 utilitatem
1462 641 1637 672 vestram

213 704 410 740 habeatis.
459 703 620 740 Etenim
639 704 727 749 hos,
756 710 798 742 ut
816 698 975 754 opinor,
1003 705 1146 742 odistis
1164 711 1388 749 senatores,
1414 717 1499 742 non
1517 718 1637 742 sena-

172 770 296 811 5tum
324 774 493 810 omnino
521 774 671 811 habere
695 787 780 812 non
805 777 940 819 vultis;
966 776 1116 824 quippe
1140 781 1209 812 aut
1231 788 1313 821 rex,
1342 777 1454 824 quod
1480 776 1638 812 abomi-

214 844 409 889 nandum,
429 850 510 888 aut,
530 846 643 892 quod
661 857 784 881 unum
802 847 936 883 liberae
955 846 1123 883 civitatis
1142 846 1353 883 consilium
1372 851 1445 890 est,
1471 851 1638 883 senatus

214 914 428 951 habendus
461 921 534 952 est.
596 915 738 964 Itaque
771 917 862 952 duae
890 928 953 952 res
979 916 1093 952 simul
1117 917 1290 965 agendae
1313 916 1428 953 vobis
1455 922 1558 960 sunt,
1593 921 1637 952 ut

173 981 198 1022 6
214 989 255 1021 et
285 990 463 1021 veterem
495 991 681 1022 senatum
713 986 862 1022 tollatis
887 992 926 1022 et
951 999 1100 1023 novum
1126 987 1341 1035 cooptetis.
1406 986 1530 1022 Citari
1555 986 1637 1023 sin-

213 1055 332 1103 gulos
365 1061 576 1092 senatores
607 1055 757 1093 iubebo
792 1057 926 1104 deque
959 1069 1099 1093 eorum
1133 1057 1265 1105 capite
1297 1068 1368 1093 vos
1402 1057 1636 1100 consulam;

214 1126 328 1172 quod
360 1126 413 1162 de
446 1137 609 1174 quoque
642 1127 892 1171 censueritis,
933 1127 1019 1171 fiet;
1065 1128 1138 1164 sed
1171 1128 1278 1176 prius
1310 1128 1351 1163 in
1384 1127 1469 1164 eius
1501 1128 1636 1164 locum

214 1196 338 1232 virum
357 1195 502 1232 fortem
520 1208 567 1233 ac
586 1201 793 1233 strenuum
810 1209 960 1234 novum
979 1203 1211 1234 senatorem
1229 1197 1487 1246 cooptabitis,
1514 1209 1637 1245 quarn

175 1263 197 1303 7
215 1265 268 1301 de
292 1266 417 1302 noxio
442 1267 681 1315 supplicium
706 1273 924 1304 sumatur.»
989 1268 1090 1304 Inde
1115 1268 1305 1304 consedit
1327 1273 1379 1310 et,
1404 1267 1637 1304 nominibus

215 1335 255 1371 in
285 1348 427 1372 urnam
451 1338 661 1382 coniectis,
691 1338 815 1382 citari,
844 1339 957 1386 quod
983 1338 1154 1386 primum
1179 1344 1286 1375 sorte
1303 1350 1456 1375 nomen
1474 1337 1638 1382 excidit,

174 1404 427 1455 8ipsumque
460 1420 482 1443 e
515 1408 624 1444 curia
655 1409 826 1457 produci
859 1408 985 1445 iussit.
1049 1408 1129 1445 Ubi
1161 1409 1344 1445 auditum
1376 1413 1437 1444 est
1468 1420 1636 1452 nomen,

215 1477 363 1512 malum
390 1483 430 1514 et
451 1478 680 1526 improbum
704 1491 777 1527 pro
803 1491 846 1515 se
875 1479 1043 1527 quisque
1069 1479 1243 1515 clamare
1269 1483 1309 1514 et
1332 1478 1529 1527 supplicio
1549 1478 1636 1526 dig-

175 1546 325 1587 9num.
396 1548 501 1584 Tum
533 1549 749 1586 Pacuvius:
796 1548 971 1592 «Video,
1013 1561 1101 1597 quae
1135 1549 1188 1585 de
1220 1549 1299 1584 hoc
1332 1549 1534 1584 sententia
1567 1548 1635 1592 sit;

217 1617 313 1654 date
354 1618 473 1667 igitur
511 1631 585 1667 pro
624 1619 732 1656 malo
773 1624 895 1667 atque
927 1619 1115 1668 improbo
1148 1620 1302 1656 bonum
1335 1624 1565 1655 senatorem
1598 1623 1639 1654 et

148 1687 402 1728 lOiustum.»
479 1689 612 1726 Primo
646 1690 849 1727 silentium
882 1695 967 1726 erat
997 1690 1139 1738 inopia
1170 1689 1339 1738 potioris
1372 1689 1637 1733 subiiciundi;

217 1758 370 1795 deinde
388 1771 509 1807 quum
528 1761 669 1808 aliquis
688 1761 840 1797 omissa
858 1761 1104 1797 verecundia
1121 1760 1351 1808 quempiam
1369 1759 1635 1803 nominasset,

150 1828 198 1867 11
216 1829 341 1865 multo
374 1830 503 1866 maior
535 1830 738 1879 extemplo
773 1831 926 1868 clamor
953 1831 1168 1875 oriebatur,
1203 1842 1324 1878 quum
1348 1829 1414 1865 alii
1438 1834 1636 1877 negarent

216 1911 353 1944 nosse,
373 1900 437 1936 alii
450 1912 558 1936 nunc
571 1901 733 1947 probra,
752 1913 860 1938 nunc
871 1901 1134 1937 humilitatem
1150 1901 1440 1947 sordidamque
1452 1899 1635 1947 inopiam

150 1968 202 2008 12
217 1975 256 2005 et
288 1970 494 2018 pudendae
527 1971 621 2007 artis
646 1976 714 2007 aut
738 1977 913 2019 quaestus
937 1984 1068 2020 genus
1093 1971 1329 2007 obiicerent.
1393 1969 1485 2006 Hoc
1508 1969 1634 2005 multo

216 2040 345 2088 magis
384 2041 426 2076 in
465 2041 649 2077 secundo
683 2053 730 2078 ac
762 2042 880 2078 tertio
914 2042 1037 2078 citato
1071 2047 1260 2079 senatore
1292 2046 1354 2077 est
1385 2039 1548 2083 factum,
1593 2045 1636 2076 ut

216 2109 341 2158 ipsius
369 2110 561 2158 paenitere
586 2111 772 2148 homines
797 2117 1024 2160 appareret,
1059 2123 1179 2159 quem
1204 2116 1339 2147 autem
1366 2111 1407 2147 in
1432 2111 1516 2146 eius
1545 2111 1639 2146 sub·

150 2178 201 2219 13
217 2181 427 2217 stituerent
452 2181 598 2225 locum,
626 2182 786 2226 deesse,
813 2183 906 2230 quia
923 2194 1000 2219 nec
1019 2183 1188 2219 eosdem
1207 2180 1407 2217 nominari
1425 2181 1637 2224 attinebat,

218 2250 314 2286 nihil
347 2251 457 2287 aliud
489 2263 609 2299 quam
644 2253 698 2287 ad
731 2252 940 2288 audienda
972 2253 1121 2301 probra
1152 2252 1399 2294 nominatos,
1440 2257 1480 2287 et
1511 2251 1637 2287 multo

218 2320 449 2358 humiliores
474 2322 811 2370 obscurioresque
838 2323 960 2359 ceteri
986 2328 1101 2359 erant
1118 2322 1188 2366 eis,
1214 2322 1279 2369 qui
1297 2322 1413 2370 primi
1430 2321 1638 2358 memoriae

150 2389 204 2429 14
218 2392 497 2428 occurrebant.
545 2391 606 2428 Ita
630 2392 754 2428 dilabi
779 2393 979 2437 homines,
1004 2392 1259 2429 notissimum
1277 2393 1470 2440 quodque
1488 2391 1638 2427 malum

218 2461 390 2498 maxime
415 2462 623 2498 tolerabile
649 2462 834 2499 dicentes
859 2474 962 2506 esse,
997 2463 1263 2510 iubentesque
1288 2467 1473 2499 senatum
1499 2474 1547 2498 ex
1572 2472 1639 2497 cu-

219 2530 353 2568 stodia
386 2532 544 2569 dimitti.

116 2599 149 2641 4
334 2600 426 2638 Hoc
458 2603 584 2640 modo
611 2602 806 2640 Pacuvius
842 2614 963 2650 quum
990 2604 1210 2640 obnoxium
1237 2603 1324 2640 vitae
1349 2601 1549 2638 beneficio
1577 2613 1640 2637 se-
