1789 2955
555 112 659 143 Liber
684 112 792 142 xxv.
848 111 904 153 (A.
924 112 986 142 Ch.
1006 111 1101 155 212.)
1455 114 1538 154 247

121 256 214 292 que.
278 243 498 280 Casilinum
527 243 769 280 frumentum
793 248 1056 287 convectum;
1090 244 1145 279 ad
1170 243 1355 280 Vulturni
1380 243 1539 288 ostium,
1557 242 1583 282 2

121 314 189 350 ubi
213 325 321 350 nunc
345 314 438 350 urbs
464 318 538 358 est,
565 314 772 350 castellum
796 313 1103 358 communitum,
1129 315 1230 349 sicut
1245 314 1430 350 Puteolos
1446 319 1541 350 ante

121 384 270 420 Fabius
297 383 497 420 Maximus
524 383 735 427 munierat,
770 388 805 419 et
833 383 1063 432 praesidium
1086 383 1332 432 impositum,
1366 389 1408 420 ut
1432 396 1541 420 mare

119 454 346 504 proximum
372 459 411 490 et
436 454 585 490 flumen
610 453 651 490 in
676 458 880 502 potestate
906 458 1042 489 essent.
1090 453 1135 489 In
1162 465 1210 489 ea
1234 454 1318 489 duo
1343 454 1542 490 maritima
1558 451 1583 492 3

119 526 286 562 castella
325 525 580 568 frumentum,
623 524 736 572 quod
775 536 823 560 ex
861 523 1047 559 Sardinia
1088 536 1215 572 nuper
1253 523 1417 560 missum
1457 529 1543 560 erat

120 596 315 643 quodque
353 594 410 631 M.
442 593 579 630 Iunius
617 599 764 642 praetor
802 606 851 630 ex
884 593 1041 630 Etruria
1081 599 1300 638 coemerat,
1341 594 1392 630 ab
1426 593 1541 631 Ostia

119 669 362 702 convectum
385 669 458 707 est,
487 669 531 700 ut
556 665 745 700 exercitui
762 676 834 712 per
851 664 1026 700 hiemem
1044 664 1164 713 copia
1182 669 1302 701 esset.
1352 663 1540 700 Ceterum
1555 663 1582 703 4

118 747 241 784 super
273 747 363 771 eam
395 734 567 777 cladem,
608 746 696 782 quae
727 734 769 770 in
801 733 976 770 Lucanis
1009 740 1179 782 accepta
1212 739 1309 777 erat,
1349 735 1542 771 volonum

118 817 284 853 quoque
324 805 534 848 exercitus,
579 805 646 852 qui
684 805 773 840 vivo
807 804 996 841 Graccho
1037 816 1193 840 summa
1225 805 1306 840 fide
1339 805 1542 853 stipendia

120 875 285 920 fecerat,
325 875 432 911 velut
470 880 754 912 exauctoratus
787 879 917 911 morte
951 874 1066 910 ducis
1099 875 1150 910 ab
1184 874 1308 923 signis
1342 875 1540 912 discessit.

238 945 444 981 Hannibal
476 957 561 981 non
595 945 779 994 Capuam
811 945 1040 994 neglectam
1073 956 1207 992 neque
1238 944 1278 981 in
1312 951 1426 982 tanto
1460 943 1583 984 dis-5

118 1015 285 1052 crimine
318 1016 503 1052 desertos
536 1016 699 1051 volebat
731 1016 886 1059 socios;
921 1016 996 1051 sed
1022 1027 1219 1064 prospero
1245 1028 1293 1052 ex
1317 1016 1542 1052 temeritate

119 1086 236 1122 unius
269 1085 443 1122 Romani
476 1086 591 1122 ducis
624 1098 813 1123 successu
846 1086 886 1121 in
919 1086 1081 1122 alterius
1114 1086 1228 1122 ducis
1263 1086 1541 1135 exercitusque

118 1156 379 1205 opprimendi
411 1156 673 1193 occasionem
705 1156 954 1192 imminebat.
1020 1155 1095 1192 Cn.
1122 1156 1302 1192 Fulvium
1328 1155 1581 1204 praetoremss

118 1226 238 1275 Apuli
261 1227 381 1275 legati
405 1227 648 1263 nuntiabant
664 1226 807 1275 primo,
833 1227 930 1262 dum
948 1227 1067 1262 urbes
1085 1227 1285 1274 quasdam
1304 1227 1540 1275 Apulorum,

119 1309 208 1344 quae
241 1297 296 1332 ad
320 1296 594 1333 Hannibalem
623 1297 901 1341 descivissent,
935 1302 1206 1345 oppugnaret,
1240 1297 1432 1334 intentius
1457 1310 1540 1334 rem

121 1366 273 1415 egisse;
301 1372 447 1415 postea
474 1368 600 1404 nimio
628 1379 818 1404 successu
846 1372 886 1403 et
914 1367 1045 1416 ipsum
1073 1372 1113 1403 et
1137 1367 1281 1403 milites
1306 1369 1445 1416 praeda
1469 1368 1541 1404 im-

120 1437 253 1486 pletos
290 1437 332 1473 in
369 1442 523 1474 tantam
563 1438 765 1476 licentiam
805 1438 1120 1485 socordiamque
1153 1437 1317 1483 effusos,
1358 1444 1400 1475 ut
1431 1439 1539 1475 nulla

121 1507 336 1556 disciplina
361 1509 509 1546 militiae
534 1514 655 1546 esset.
705 1509 839 1555 Quum
865 1521 973 1557 saepe
997 1509 1109 1553 alias,
1138 1515 1220 1545 tum
1238 1509 1379 1558 paucis
1398 1509 1541 1545 diebus
1558 1507 1580 1547 7

121 1583 217 1615 ante
241 1584 441 1627 expertus,
470 1579 598 1626 qualis
623 1580 696 1615 sub
721 1578 850 1617 inscio
877 1580 982 1615 duce
1005 1579 1202 1616 exercitus
1226 1584 1346 1624 esset,
1375 1579 1415 1616 in
1433 1581 1542 1629 Apu-

121 1649 213 1684 liam
247 1654 379 1686 castra
410 1649 547 1685 movit.
611 1648 728 1685 Circa
760 1649 1026 1686 Herdoneam
1059 1650 1256 1686 Romanae
1289 1650 1472 1698 legiones
1503 1656 1542 1686 et
1605 1646 1648 1690 21

120 1724 268 1768 praetor
290 1720 450 1755 Fulvius
475 1724 572 1756 erat.
638 1719 730 1765 Quo
755 1719 821 1755 ubi
846 1720 1009 1756 allatum
1033 1726 1107 1764 est,
1142 1721 1280 1757 hostes
1305 1721 1539 1765 adventare,

120 1801 249 1838 prope
274 1795 336 1826 est
359 1789 521 1834 factum,
547 1796 589 1825 ut
615 1789 767 1826 iniussu
792 1790 974 1838 praetoris
992 1791 1116 1839 signis
1135 1791 1335 1827 convulsis
1353 1791 1393 1827 in
1411 1791 1541 1828 aciem

121 1859 295 1904 exirent;
320 1872 396 1896 nec
420 1872 484 1896 res
509 1860 638 1908 magis
663 1860 741 1895 ulla
764 1859 893 1896 tenuit
916 1872 1036 1908 quam
1063 1873 1156 1909 spes
1174 1861 1284 1896 haud
1302 1861 1438 1906 dubia,
1465 1873 1538 1898 suo

120 1930 164 1967 id
187 1931 364 1975 arbitrio,
389 1930 457 1966 ubi
480 1931 640 1974 vellent,
672 1930 861 1967 facturos.
910 1930 1042 1967 Nocte
1065 1931 1294 1979 insequenti
1318 1931 1538 1975 Hannibal,
1554 1930 1580 1970 2

121 2012 243 2049 quum
276 2002 555 2038 tumultuatum
588 2001 629 2037 in
662 2000 802 2038 castris
835 2005 875 2036 et
902 2001 1119 2049 plerosque
1148 2001 1347 2046 ferociter,
1383 2002 1541 2050 signum

121 2076 164 2107 ut
186 2072 314 2115 daret,
339 2071 531 2108 institisse
556 2072 650 2108 duci
672 2071 726 2107 ad
750 2082 862 2106 arma
879 2077 1073 2108 vocantes
1092 2072 1223 2116 sciret,
1248 2072 1358 2108 haud
1376 2072 1536 2116 dubius,
1553 2070 1579 2111 3

120 2153 326 2191 prosperae
365 2153 513 2190 pugnae
551 2142 813 2180 occasionem
852 2142 952 2186 dari,
993 2142 1066 2178 tria
1105 2142 1227 2178 millia
1259 2143 1540 2191 expeditorum

121 2212 288 2248 militum
312 2211 353 2248 in
377 2212 475 2249 villis
500 2213 604 2249 circa
628 2212 896 2261 vepribusque
922 2217 962 2248 et
987 2212 1092 2249 silvis
1118 2212 1312 2261 disponit,
1339 2213 1405 2261 qui
1423 2213 1541 2262 signo

121 2282 221 2319 dato
252 2282 367 2318 simul
396 2294 539 2319 omnes
567 2295 589 2318 e
617 2283 779 2319 latebris
804 2283 1054 2327 exsisterent,
1083 2288 1123 2319 et
1140 2283 1363 2331 Magonem
1389 2296 1433 2319 ac
1457 2281 1583 2322 du04

122 2352 247 2389 ferme
264 2352 386 2388 millia
403 2353 595 2401 equitum,
620 2366 699 2401 qua
718 2352 854 2401 fugam
871 2353 1152 2389 inclinaturam
1171 2354 1377 2398 credebat,
1404 2353 1542 2389 omnia

120 2423 265 2460 itinera
295 2423 471 2460 insidere
502 2423 626 2460 iubet.
691 2423 763 2460 His
796 2428 918 2460 nocte
950 2424 1199 2473 praeparatis,
1233 2424 1360 2472 prima
1388 2424 1476 2459 luce
1500 2423 1541 2459 in

121 2493 250 2530 aciem
275 2494 415 2542 copias
439 2494 593 2537 educit;
627 2505 703 2530 nec
729 2493 887 2530 Fulvius
913 2499 974 2530 est
997 2499 1222 2538 cunctatus,
1255 2506 1340 2530 non
1364 2499 1445 2529 tam
1471 2492 1583 2531 sua-5

121 2564 200 2599 ulla
225 2575 296 2612 spe
321 2576 441 2612 quam
465 2564 632 2600 militum
656 2564 809 2612 impetu
835 2564 1000 2601 fortuito
1024 2569 1186 2601 tractus.
1236 2564 1376 2612 Itaque
1395 2564 1541 2600 eadem

122 2634 359 2679 temeritate,
394 2646 473 2682 qua
499 2646 735 2683 processum
762 2635 804 2671 in
832 2635 961 2672 aciem
986 2640 1059 2679 est,
1093 2634 1297 2671 instruitur
1320 2635 1408 2683 ipsa
1433 2633 1542 2670 acies
