1768 2943
259 89 314 129 48
679 87 783 118 Liber
808 87 901 118 XXI.
952 87 1007 130 (A.
1035 98 1064 118 u.
1092 97 1119 118 c.
1148 87 1242 130 536.)

260 217 423 266 integris
453 217 667 265 plerisque,
698 218 831 254 obruti
855 223 947 253 sunt
969 217 1133 266 insuper
1155 219 1261 254 velut
1284 220 1390 255 nube
1414 220 1632 256 iaculorum
1652 233 1675 256 a

223 286 244 326 7
262 288 484 324 Baliaribus
508 288 706 324 coniecta.
756 288 821 323 Ad
845 287 922 323 hoc
948 287 1152 335 elephanti
1177 289 1402 326 eminentes
1419 290 1471 326 ab
1490 291 1675 328 extremis

261 359 462 402 cornibus,
487 357 601 406 equis
618 358 790 393 maxime
808 369 893 394 non
911 357 994 394 visu
1012 359 1153 403 modo,
1179 360 1253 395 sed
1271 361 1401 396 odore
1418 360 1582 397 insolito
1601 366 1677 398 ter-

219 427 244 468 8
261 428 356 472 ritis,
381 428 518 477 fugam
540 428 620 464 late
644 427 861 464 faciebant.
910 428 1113 465 Pedestris
1137 441 1276 477 pugna
1299 441 1371 477 par
1388 431 1531 467 animis
1548 432 1677 480 magis

261 511 380 546 quam
413 499 558 535 viribus
591 502 688 541 erat,
723 509 823 545 quas
855 503 1038 535 recentes
1070 499 1232 543 Poenus,
1266 500 1388 547 paulo
1413 505 1507 536 ante
1532 502 1678 538 curatis

262 569 511 618 corporibus,
541 568 581 604 in
605 568 788 616 proelium
813 569 1015 613 attulerat;
1048 573 1189 605 contra
1212 569 1347 605 ieiuna
1374 569 1563 618 fessaque
1592 582 1679 607 cor-

261 651 362 687 pora
384 638 579 675 Romanis
610 643 650 674 et
672 639 845 687 rigentia
868 640 960 688 gelu
984 639 1213 687 torpebant.
1262 639 1521 676 Restitissent
1542 646 1680 677 tamen

221 707 247 748 9
263 708 418 753 animis,
451 709 482 745 si
507 721 596 746 cum
620 709 758 758 pedite
783 711 911 746 solum
936 709 1041 746 foret
1064 714 1305 758 pugnatum;
1337 710 1412 746 sed
1430 715 1470 746 et
1487 710 1678 754 Baliares,

262 779 378 826 pulso
409 779 556 827 equite,
587 780 865 816 iaculabantur
893 780 933 816 in
963 780 1101 824 latera,
1133 784 1173 815 et
1202 780 1406 828 elephanti
1430 781 1510 817 iam
1534 781 1573 817 in
1599 794 1681 817 me-

263 848 372 884 diam
390 849 571 897 peditum
590 850 719 887 aciem
738 862 828 887 sese
846 851 1031 894 tulerant,
1057 854 1097 885 et
1113 849 1238 897 Mago
1256 849 1540 899 Numidaeque,
1566 853 1682 889 simul

263 919 437 955 latebras
462 932 600 956 eorum
625 920 853 969 improvida
875 920 1101 969 praeterlata
1124 919 1232 956 acies
1251 926 1324 962 est,
1350 922 1478 957 exorti
1497 923 1548 958 ab
1566 927 1681 971 tergo

196 987 469 1038 lOingentem
502 991 718 1027 tumultum·
745 1003 791 1027 ac
825 996 1018 1026 terrorem
1051 990 1197 1027 fecere.
1261 990 1421 1028 Tamen
1453 992 1493 1028 in
1527 997 1587 1029 tot
1611 993 1683 1029 cir-

265 1060 555 1097 cumstantibus
585 1060 699 1097 malis
723 1061 871 1097 mansit
895 1060 1142 1108 aliquamdiu
1164 1061 1333 1097 immota
1357 1062 1478 1106 acies,
1509 1063 1682 1099 maxime

198 1128 247 1168 11
264 1134 407 1178 praeter
430 1143 544 1179 spem
568 1131 746 1167 omnium
772 1132 964 1167 adversus
989 1130 1243 1179 elephantos.
1293 1130 1376 1168 Eos
1400 1133 1539 1169 velites
1563 1134 1618 1169 ad
1643 1134 1687 1169 z'd

265 1200 395 1249 ipsum
424 1201 546 1237 locati
575 1201 720 1238 verutis
751 1201 945 1238 coniectis
976 1206 1016 1237 et
1045 1205 1225 1237 avertere
1254 1206 1294 1237 et
1322 1201 1494 1239 insecuti
1518 1215 1683 1240 aversos

266 1271 338 1306 sub
356 1271 511 1315 caudis,
531 1283 610 1318 qua
627 1271 799 1308 maxime
814 1272 922 1308 molli
938 1276 1028 1308 cute
1043 1271 1206 1307 vulnera
1220 1271 1436 1320 accipiunt,
1456 1272 1682 1309 fodiebant.

140 1336 202 1380 56
264 1340 618 1389 Trepidantesque
651 1346 687 1377 et
716 1354 844 1390 prope
876 1342 956 1378 iam
988 1342 1030 1377 in
1063 1354 1158 1378 suos
1188 1346 1472 1379 consternatos
1502 1357 1519 1378 e
1548 1344 1685 1380 media

266 1411 352 1447 acie
384 1411 424 1447 in
458 1416 676 1447 extremam
710 1412 764 1447 ad
797 1411 998 1449 sinistrum
1031 1424 1157 1449 cornu
1189 1413 1384 1449 adversus
1410 1412 1551 1450 Gallos
1576 1414 1684 1450 auxi-

266 1481 383 1518 liares
413 1482 477 1530 agi
507 1481 620 1518 iussit
643 1481 862 1519 Hannibal.
911 1482 970 1519 Ibi
1000 1482 1202 1530 extemplo
1227 1482 1337 1518 haud
1362 1483 1526 1520 dubiam
1553 1484 1685 1521 fecere

267 1551 416 1600 fugam,
436 1564 569 1600 eoque
586 1564 715 1589 novus
734 1558 860 1589 terror
877 1553 1042 1589 additus
1059 1552 1268 1596 Romanis,
1288 1557 1331 1588 ut
1345 1552 1433 1589 fusa
1451 1554 1595 1590 auxilia
1613 1567 1685 1591 sua

226 1619 252 1660 2
266 1622 464 1659 viderunt.
511 1622 652 1670 Itaque
676 1635 797 1671 quum
821 1623 902 1659 iam
918 1624 960 1660 in
979 1624 1118 1660 orbem
1136 1628 1377 1671 pugnarent,
1403 1625 1547 1661 decem
1565 1625 1687 1661 millia

268 1692 392 1729 ferme
424 1693 646 1737 hominum,
681 1706 802 1742 quum
827 1694 905 1730 alia
929 1695 1103 1730 evadere
1127 1694 1377 1742 nequissent,
1410 1695 1546 1731 media
1569 1695 1686 1732 Afro-

266 1775 353 1798 rum
397 1763 496 1807 acie,
543 1776 623 1812 qua
662 1763 827 1801 Gallicis
872 1764 1025 1801 auxiliis
1065 1764 1220 1800 firmata
1259 1769 1356 1808 erat,
1404 1777 1494 1801 cum
1531 1765 1686 1813 ingenti

227 1831 380 1871 3caede
413 1833 587 1869 hostium
620 1846 850 1883 perrupere,
891 1840 942 1878 et,
977 1847 1098 1882 quum
1131 1846 1264 1881 neque
1297 1834 1337 1870 in
1371 1840 1502 1871 castra
1532 1834 1686 1872 reditus

267 1907 375 1939 esset
418 1903 581 1940 flumine
625 1904 849 1941 interclusis
893 1917 1027 1952 neque
1065 1916 1146 1952 prae
1183 1904 1298 1940 imbri
1337 1905 1433 1941 satis
1466 1905 1686 1942 decernere

268 1978 449 2021 possent,
480 1986 560 2021 qua
583 1973 663 2010 suis
688 1985 809 2023 opem
834 1974 995 2018 ferrent,
1026 1974 1275 2010 Placentiam
1298 1980 1410 2011 recto
1433 1973 1575 2011 itinere
1598 1987 1687 2024 per-

226 2041 419 2081 4rexere.
481 2044 619 2081 Plures
649 2044 802 2081 deinde
824 2045 865 2081 in
890 2056 1033 2081 omnes
1057 2050 1192 2093 partes
1217 2044 1451 2093 eruptiones
1478 2044 1613 2088 factae;
1648 2051 1688 2081 et

269 2113 335 2161 qui
373 2114 523 2150 flumen
561 2114 727 2162 petiere,
773 2120 842 2151 aut
872 2115 1094 2163 gurgitibus
1127 2115 1329 2163 absumpti
1362 2119 1455 2151 sunt
1486 2119 1555 2150 aut
1585 2115 1688 2151 inter

230 2181 571 2222 5cunctati0nem
605 2184 862 2234 ingrediendi
895 2186 946 2221 ab
980 2185 1162 2221 hostibus
1196 2185 1397 2234 oppressi;
1438 2185 1504 2232 qui
1537 2185 1686 2233 passim

269 2266 341 2302 per
357 2266 478 2301 agros
496 2254 591 2303 fuga
609 2255 735 2304 sparsi
754 2261 880 2300 erant,
900 2255 1067 2304 vestigia
1086 2251 1269 2292 cedentis
1285 2260 1501 2303 sequentes
1516 2255 1686 2304 agminis

270 2323 515 2360 Placentiam
541 2326 810 2369 contendere;
841 2325 927 2362 aliis
951 2325 1070 2362 timor
1087 2326 1260 2362 hostium
1279 2325 1492 2361 audaciam
1510 2325 1687 2374 ingredi-

232 2392 257 2433 6
273 2394 369 2430 endi
386 2395 534 2431 flumen
554 2394 660 2438 fecit,
686 2396 1006 2444 transgressique
1023 2396 1063 2433 in
1083 2401 1213 2433 castra
1230 2401 1510 2444 pervenerunt.
1556 2395 1688 2432 Imber

272 2464 362 2500 nive
391 2465 536 2501 mixtus
565 2470 606 2501 et
633 2465 891 2502 intoleranda
919 2466 976 2502 vis
1008 2466 1164 2515 frigoris
1194 2470 1234 2502 et
1262 2466 1446 2503 homines
1475 2467 1622 2503 multos
1649 2472 1688 2502 et

235 2532 257 2573 7
274 2534 452 2571 iumenta
467 2540 507 2571 et
520 2535 760 2584 elephantos
769 2548 896 2584 prope
906 2548 1049 2572 omnes
1059 2536 1294 2584 absumpsit.
1329 2536 1687 2584 Finisinsequendi

275 2604 402 2641 hostis
419 2605 554 2642 Poenis
577 2605 725 2642 flumen
744 2605 893 2642 Trebia
917 2606 1001 2649 fuit,
1029 2611 1069 2642 et
1091 2606 1146 2642 ita
1163 2610 1371 2654 torpentes
1388 2607 1480 2654 gelu
1498 2607 1538 2643 in
1557 2612 1686 2643 castra
