1789 2955
499 78 618 112 Liber
641 77 833 113 XXVIII.
882 79 944 122 (A.
972 79 1036 115 Ch.
1063 80 1157 123 205.)
1463 83 1542 120 175

107 206 206 256 quid
237 205 411 254 interim,
447 206 540 243 dum
570 206 742 252 traiicio,
775 206 869 243 dum
901 220 1054 256 expono
1087 207 1307 244 exercitum
1333 207 1373 243 in
1391 206 1545 253 Africa,

107 278 200 315 dum
231 281 362 315 castra
393 277 442 314 ad
467 277 756 327 Carthaginem
780 291 1005 327 promoveo,
1039 293 1100 316 res
1132 278 1296 328 publica
1327 278 1390 314 hic
1422 277 1543 314 detri-

107 350 232 386 menti
263 349 408 399 capiat,
441 349 547 398 quod
577 353 632 395 tu,
664 349 711 396 Q.
744 349 868 396 Fabi,
916 363 1035 399 quum
1081 350 1210 387 victor
1240 353 1325 387 tota
1355 349 1545 386 volitaret

106 421 232 459 Italia
262 421 486 468 Hannibal,
531 421 702 471 potuisti
746 425 948 470 praestare,
993 422 1067 459 hoc
1112 422 1203 459 vide
1249 435 1297 458 ne
1344 424 1544 458 contume-
1567 423 1612 458 11

107 493 250 531 liosum
281 493 346 539 sit,
378 506 568 530 concusso
613 494 692 530 iam
738 497 776 530 et
821 506 935 543 paene
964 494 1090 531 fracto
1123 494 1367 539 Hannibale,
1399 505 1545 540 negare

106 578 221 614 posse
254 564 299 601 P.
337 564 542 602 Licinium
589 565 807 611 consulem,
853 566 985 602 virum
1031 566 1312 612 fortissimum,
1343 567 1545 614 praestare,

108 637 190 686 qui,
222 650 271 674 ne
302 650 324 673 a
355 636 479 674 sacris
512 637 619 673 absit
648 637 829 686 pontifex
855 637 1060 682 maximus,
1093 637 1183 674 ideo
1217 638 1255 673 in
1287 640 1434 674 sortem
1464 639 1545 672 tam

106 708 334 758 longinquae
365 708 585 758 provinciae
616 721 696 745 non
729 708 846 746 venit.
903 707 946 746 Si
977 709 1158 746 hercules
1190 709 1320 746 nihilo
1351 708 1548 745 maturius
1569 711 1617 746 12

105 780 192 827 hoc,
224 794 302 830 quo
335 793 406 829 ego
439 794 589 825 censeo,
636 780 752 817 modo
791 780 1051 830 perficeretur
1096 782 1266 827 bellum,
1312 784 1447 817 tamen
1495 778 1544 815 ad

107 853 343 902 dignitatem
382 852 524 902 populi
554 852 727 890 Romani
757 853 983 902 famamque
1029 853 1134 902 apud
1174 866 1287 902 reges
1328 856 1545 900 gentesque

107 928 290 963 externas
321 925 562 974 pertinebat,
594 939 672 962 non
704 926 754 962 ad
787 925 1080 962 defendendam
1122 926 1238 963 modo
1269 924 1446 970 Italiam,
1479 922 1547 960 sed

106 997 155 1033 ad
187 996 396 1034 inferenda
428 997 549 1034 etiam
580 996 731 1034 Africae
779 1011 888 1034 arma
919 997 1051 1034 videri
1095 997 1212 1034 nobis
1244 997 1420 1034 animum
1453 1008 1549 1041 esse,

104 1082 177 1106 nec
207 1069 282 1106 hoc
314 1069 426 1105 credi
457 1069 710 1118 vulgarique,
742 1068 849 1118 quod
868 1069 1076 1106 Hannibal
1108 1082 1227 1106 ausus
1259 1070 1320 1114 sit,
1352 1068 1549 1105 neminem
1570 1068 1620 1105 13

105 1141 245 1178 ducem
277 1140 501 1178 Romanum
533 1142 691 1187 audere,
723 1145 762 1178 et
792 1141 928 1190 priore
967 1141 1125 1178 Punico
1156 1141 1264 1178 bello
1295 1144 1392 1186 tum,
1424 1152 1546 1188 quum

105 1212 152 1249 de
187 1211 329 1250 Sicilia
360 1216 591 1259 certaretur,
622 1213 742 1250 toties
773 1214 957 1250 Africam
981 1213 1031 1250 ab
1057 1214 1204 1250 nostris
1222 1211 1547 1260 exercitibusque

106 1289 145 1322 et·
174 1284 368 1321 classibus
387 1288 669 1334 oppugnatam,
701 1299 817 1331 nunc,
850 1299 971 1335 quum
996 1285 1044 1322 de
1069 1285 1192 1323 Italia
1216 1289 1405 1330 certetur,
1436 1282 1547 1320 Afri-

106 1371 190 1394 cam
221 1360 405 1406 pacatam
437 1370 532 1394 esse.
599 1356 847 1406 Requiescat
892 1357 1114 1406 aliquando
1160 1360 1305 1394 vexata
1349 1360 1431 1393 tam
1479 1354 1550 1391 diu
1570 1355 1620 1392 14

105 1429 244 1476 Italia3
277 1432 417 1466 uratur
450 1432 730 1478 evasteturque
762 1429 805 1466 in
835 1429 963 1466 vicem
988 1430 1144 1466 Africa.
1192 1429 1334 1466 Castra
1366 1428 1548 1465 Romana
1570 1426 1618 1464 15

105 1502 240 1551 potius
260 1500 517 1550 Carthaginis
548 1501 676 1551 portis
702 1502 947 1549 immineant,
978 1515 1095 1551 quam
1122 1515 1194 1539 nos
1228 1502 1371 1538 iterum
1397 1499 1547 1537 vallum

106 1574 279 1611 hostium
325 1587 374 1610 ex
419 1574 618 1610 moenibus
659 1574 808 1610 nostris
849 1574 1070 1612 videamus.
1141 1574 1286 1610 Africa
1317 1573 1370 1609 sit
1399 1570 1547 1619 reliqui

105 1646 202 1683 belli
233 1646 365 1690 sedes;
399 1645 497 1682 illuc
528 1650 660 1683 terror
683 1647 870 1694 fugaque,
897 1646 1107 1695 populatio
1139 1658 1341 1694 agrorum,
1375 1643 1546 1680 defectio

105 1719 313 1764 sociorum,
347 1721 487 1754 ceterae
519 1718 616 1755 belli
648 1718 794 1764 clades,
827 1731 913 1766 quae
945 1718 987 1755 in
1018 1732 1089 1755 nos
1121 1731 1192 1767 per
1224 1715 1547 1767 quattuordecim

105 1804 228 1828 annos
260 1791 514 1839 ingruerunt,
544 1793 767 1828 vertantur.
817 1789 914 1836 Quae
942 1790 992 1826 ad
1016 1804 1099 1827 rem
1126 1789 1332 1840 publicam
1349 1788 1554 1838 pertinent
1574 1786 1623 1822 16

107 1866 146 1900 et
190 1862 353 1912 bellum,
400 1863 509 1911 quod
556 1863 691 1909 instat,
738 1866 776 1899 et
820 1862 1066 1911 provincias,
1113 1862 1161 1899 de
1207 1861 1353 1910 quibus
1400 1859 1546 1909 agitur,

107 1935 257 1972 dixisse
289 1934 387 1972 satis
420 1937 498 1981 est;
530 1933 605 1971 illa
637 1934 758 1983 longa
789 1935 918 1972 oratio
961 1948 1033 1972 nec
1066 1934 1116 1971 ad
1146 1947 1216 1970 vos
1248 1933 1453 1983 pertinens
1486 1931 1551 1977 sit,
1573 1932 1620 1968 17

107 2008 161 2054 si,
207 2006 544 2056 quemadmodum
577 2005 625 2052 Q.
657 2005 810 2043 Fabius
856 2020 964 2043 meas
1008 2020 1071 2044 res
1110 2010 1242 2055 gestas
1274 2006 1315 2042 in
1345 2003 1549 2053 Hispania

108 2079 293 2125 elevavit,
332 2078 388 2115 sic
420 2090 493 2126 ego
525 2081 664 2114 contra
695 2078 863 2126 gloriam
891 2079 975 2115 eius
1003 2078 1163 2116 eludere
1195 2082 1235 2116 et
1257 2090 1385 2115 meam
1415 2075 1548 2113 verbis

108 2150 302 2188 extollere
317 2149 450 2186 velim.
496 2149 693 2187 Neutrum
710 2150 865 2197 faciam,
889 2154 1022 2200 patres
1042 2150 1276 2200 conscripti,
1308 2153 1357 2196 et,
1388 2148 1421 2186 si
1438 2147 1552 2185 nulla
1572 2147 1622 2184 18

108 2222 187 2259 alia
217 2236 272 2268 re,
290 2221 486 2259 modestia
511 2224 618 2258 certe
643 2225 682 2258 et
705 2222 965 2272 temperando
990 2223 1138 2271 linguae
1163 2223 1392 2260 adolescens
1417 2233 1548 2257 senem

107 2295 252 2332 vicero.
271 2293 336 2331 Ita
355 2297 394 2330 et
409 2293 494 2330 vixi
512 2297 550 2330 et
566 2294 672 2341 gessi
688 2298 819 2340 res,ut
835 2294 982 2332 tacitus
1001 2308 1046 2332 ea
1063 2295 1262 2345 opinione,
1281 2307 1398 2343 quam
1415 2295 1549 2329 vestra

107 2369 250 2415 sponte
282 2368 515 2415 conceptam
548 2366 693 2402 animis
724 2366 948 2414 haberetis,
981 2367 1100 2404 facile
1143 2369 1354 2404 contentus
1387 2365 1546 2401 essem.'·‘

223 2437 358 2474 Minus
391 2438 516 2487 aequis
548 2438 691 2475 animis
724 2438 883 2476 auditus
921 2443 979 2475 est
1011 2438 1171 2488 Scipio,
1217 2439 1312 2488 quia
1344 2437 1551 2485 vulgatum
1639 2431 1696 2479 45

110 2512 208 2555 erat,
233 2509 266 2546 si
293 2509 400 2558 apud
427 2514 605 2548 senatum
632 2524 709 2547 non
737 2511 988 2555 obtinuisset,
1013 2514 1057 2547 ut
1081 2510 1289 2560 provincia
1305 2508 1446 2546 Africa
1474 2507 1551 2545 sibi

111 2580 404 2629 decerneretur,
436 2582 487 2619 ad
512 2583 706 2632 populum
731 2583 934 2632 extemplo
961 2583 1147 2620 laturum.
1211 2582 1355 2631 Itaque
1383 2580 1430 2627 Q.
1458 2579 1555 2617 Ful·
1574 2581 1597 2617 2

110 2653 212 2699 vius,
245 2654 314 2702 qui
333 2654 470 2691 consul
488 2658 629 2703 quater
647 2658 684 2692 et
702 2668 839 2692 censor
854 2655 997 2700 fuerat,
1028 2654 1251 2703 postulavit
1275 2667 1297 2690 a
1314 2653 1485 2700 consule,
1507 2656 1551 2689 ut
