1789 2955
520 86 636 121 Liber
657 86 802 122 XXIX.
847 90 905 131 (A.
929 87 992 122 Ch.
1013 89 1106 130 205.)
1448 94 1522 130 191

215 214 302 252 Iam
316 214 569 252 comitiorum
594 215 808 264 appetebat
825 218 992 265 tempus,
1012 229 1131 265 quum
1149 230 1172 253 a
1190 216 1235 254 P.
1253 217 1411 254 Licinio
1440 231 1528 256 con·
1617 215 1667 263 10

105 287 190 325 sule
209 287 354 324 litterae
371 286 540 324 Romam
564 287 706 333 allatae,
739 300 779 324 se
805 288 1099 337 exercitumque
1116 301 1229 325 suum
1253 290 1366 337 gravi
1390 290 1526 327 morbo

104 359 305 409 afflictari,
337 372 409 397 nec
441 359 530 397 sisti
561 360 751 409 potuisse,
782 359 823 395 ni
855 359 989 396 eadem
1021 359 1082 396 vis
1128 360 1222 397 mali
1267 364 1335 398 aut
1366 362 1526 410 gravior

105 431 226 468 etiam
258 431 298 468 in
329 431 463 468 hostes
495 431 732 480 ingruisset3
776 431 929 480 itaque,
971 431 1156 481 quoniam
1202 433 1286 481 ipse
1317 434 1451 470 venire
1483 434 1530 470 ad
1549 435 1571 469 2

104 503 264 541 comitia
294 516 373 540 non
403 506 550 553 posset,
583 504 616 541 si
649 504 706 540 ita
736 503 918 553 patribus
941 503 1158 551 videretur,
1190 518 1230 542 se
1256 505 1303 552 Q.
1321 504 1527 543 Oaecilium

103 575 312 613 Metellum
343 575 576 613 dictatorem
609 576 860 613 comitiorum
893 589 1010 613 causa
1042 576 1252 614 dicturum.
1299 576 1529 614 Exercitum

109 647 157 695 Q.
193 646 347 685 Oaeeilii
379 646 528 685 dimitti
560 661 580 684 e
610 661 652 685 re
682 648 844 697 publica
881 661 982 695 esse;
1014 662 1102 685 nam
1147 662 1275 698 neque
1305 662 1418 686 usum
1451 650 1534 686 eius
1554 651 1575 686 3

103 720 230 757 ullum
262 720 305 756 in
334 720 547 770 praesentia
578 733 671 765 esse,
704 734 824 770 quum
841 721 1046 757 Hannibal
1070 721 1147 758 iam
1180 721 1221 757 in
1245 721 1414 758 hiberna
1439 735 1528 758 suos

103 791 313 841 receperit,
344 796 383 829 et
412 795 526 829 tanta
557 792 766 829 incesserit
797 792 836 829 in
868 805 913 829 ea
944 796 1072 830 castra
1102 794 1161 830 vis
1192 793 1333 840 morbi,
1364 797 1420 839 ut,
1451 793 1528 830 nisi

103 867 256 902 mature
289 863 553 911 dimittantur,
585 878 698 901 nemo
731 865 903 902 omnium
930 866 1206 914 superfuturus
1230 865 1426 904 videatur.
1470 865 1530 903 Ea

105 936 259 974 consuli
307 950 329 974 a
374 937 559 986 patribus
590 937 790 983 facienda,
834 940 878 973 ut
916 951 935 973 e
966 951 1008 974 re
1055 938 1217 987 publica
1261 936 1416 987 fideque
1462 951 1531 975 sua

104 1008 278 1055 duceret,
309 1009 512 1058 permissa.

220 1079 431 1118 Civitatem
465 1095 509 1119 eo
540 1085 718 1131 tempore
750 1095 891 1130 repens
931 1081 1074 1130 religio
1107 1082 1326 1130 invaserat,
1373 1082 1575 1120 invento4

107 1153 282 1190 carmine
313 1153 356 1190 in
385 1153 502 1190 libris
520 1152 729 1201 Sibyllinis
760 1156 924 1203 propter
955 1153 1132 1190 crebrius
1160 1167 1204 1191 eo
1236 1167 1338 1192 anno
1364 1155 1411 1192 de
1436 1156 1530 1192 caelo

105 1224 328 1275 lapidatum
360 1226 560 1275 inspectis,
593 1225 833 1275 quandoque
863 1225 989 1262 hostis
1014 1225 1241 1274 alienigena
1267 1230 1383 1263 terrae
1400 1227 1531 1264 Italiae
1552 1226 1573 1262 5

105 1297 254 1334 bellum
285 1297 494 1343 intulisset,
528 1311 614 1334 eum
646 1297 745 1347 pelli
776 1297 898 1334 Italia
934 1298 1120 1348 vincique
1152 1311 1285 1348 posse,
1331 1299 1363 1336 si
1408 1302 1533 1336 mater

106 1369 216 1407 Idaea
261 1385 284 1409 a
314 1370 554 1408 Pessinunte
584 1370 752 1407 Romam
799 1369 963 1407 advecta
1010 1371 1124 1407 foret.
1185 1370 1234 1407 Id
1281 1384 1439 1408 carmen
1484 1371 1573 1408 ab6

111 1441 345 1480 decemviris
377 1442 582 1480 inventum
614 1455 659 1480 eo
692 1442 816 1491 magis
846 1445 979 1492 patres
1010 1442 1154 1489 movit,
1193 1442 1300 1492 quod
1331 1446 1370 1480 et
1400 1443 1533 1492 legati,

110 1514 178 1564 qui
210 1514 356 1551 donum
373 1514 553 1565 Delphos
584 1517 853 1565 portaverant,
885 1515 1120 1561 referebant,
1146 1518 1183 1551 et
1214 1514 1533 1553 sacrificantibus

108 1586 206 1636 ipsis
223 1586 371 1635 Pythio
390 1586 577 1636 Apollini
607 1587 699 1624 laeta
737 1590 828 1623 exta
857 1587 991 1635 fuisse,
1040 1590 1079 1623 et
1109 1599 1343 1636 responsum
1375 1588 1533 1625 oraculo

111 1657 271 1705 editum,
301 1658 490 1696 maiorem
508 1659 631 1696 multo
648 1659 872 1706 victoriam,
905 1672 1021 1708 quam
1055 1659 1165 1695 cuius
1193 1672 1240 1695 ex
1264 1659 1405 1710 spoliis
1432 1659 1535 1697 dona

111 1733 327 1780 portarent,
358 1730 496 1768 adesse
527 1732 675 1781 populo
707 1731 900 1769 Romano.
945 1731 994 1768 In
1026 1730 1203 1768 eiusdem
1234 1732 1317 1780 spei
1348 1745 1537 1769 summam
1557 1732 1577 1768 7

114 1803 369 1840 conferebant
399 1802 444 1841 P.
469 1802 669 1853 Scipionis
700 1804 810 1841 velut
840 1804 1143 1853 praesagientem
1175 1803 1349 1840 animum
1382 1803 1429 1841 de
1459 1804 1535 1841 fine

113 1874 229 1920 belli,
276 1875 383 1924 quod
414 1875 707 1926 depoposcisset
751 1877 998 1926 provinciam
1029 1875 1224 1914 Africam.
1284 1875 1428 1925 Itaque
1460 1890 1537 1926 quo
1557 1876 1581 1911 8

111 1947 305 1984 maturius
322 1947 425 1995 fatis,
457 1948 655 1986 ominibus
680 1949 930 1997 oraculisque
947 1948 1222 1997 portendentis
1249 1961 1332 1986 sese
1358 1948 1534 1985 victoriae

112 2021 313 2069 compotes
328 2019 480 2067 fierent,
506 2020 546 2056 id
565 2020 739 2068 cogitare
756 2023 875 2069 atque
901 2020 1064 2068 agitare,
1089 2032 1175 2070 quae
1206 2020 1310 2058 ratio
1334 2024 1536 2070 transpor-

112 2090 244 2128 tandae
269 2091 437 2130 Romam
463 2092 545 2130 deae
571 2095 683 2130 esset.
743 2092 982 2130 Nullasdum
1015 2093 1055 2129 in
1080 2091 1181 2129 Asia
1205 2092 1330 2130 socias
1355 2093 1535 2130 civitates
1623 2088 1666 2135 11

113 2162 286 2201 habebat
301 2164 706 2214 populusRomanus3
724 2167 855 2202 tamen
873 2164 1362 2214 memores7AEsculapium
1381 2178 1537 2215 quoque

116 2248 163 2272 ex
181 2233 340 2273 Graecia
359 2236 571 2286 quondam,
596 2236 801 2274 hauddum
824 2236 907 2274 ullo
934 2236 1082 2273 foedere
1106 2236 1266 2283 sociata,
1290 2237 1536 2274 valetudinis

114 2308 256 2358 populi
274 2321 390 2346 causa
407 2308 650 2355 arcessitum,
666 2311 761 2346 tunc
779 2309 857 2346 iam
875 2322 963 2346 cum
979 2308 1121 2346 Attalo
1144 2322 1238 2358 rege
1254 2312 1419 2358 propter
1437 2322 1538 2346 com·
1558 2310 1579 2344 2

114 2391 232 2416 mune
270 2380 461 2417 adversus
492 2379 728 2430 Philippum
772 2381 922 2419 bellum
968 2385 1136 2431 coeptam
1181 2381 1399 2419 amicitiam
1445 2394 1539 2428 esse,

114 2449 310 2488 facturum
342 2465 443 2499 eum,
476 2465 563 2502 quae
594 2456 741 2503 posset,
771 2454 910 2504 populi
940 2454 1111 2491 Romani
1144 2467 1272 2502 causa,
1306 2454 1459 2501 legatos
1491 2452 1540 2490 ad
1561 2454 1582 2488 23

116 2535 204 2560 eum
235 2523 463 2569 decernunt,
492 2524 548 2562 M.
566 2524 774 2563 Valerium
801 2525 1021 2576 Laevinum,
1054 2526 1124 2574 qui
1154 2525 1216 2563 bis
1247 2525 1383 2562 consul
1413 2525 1541 2561 fuerat

115 2607 161 2632 ac
191 2608 253 2632 res
284 2595 327 2632 in
359 2595 515 2634 Graecia
545 2601 732 2647 gesserat,
765 2597 819 2634 M.
839 2597 1043 2635 Caecilium
1059 2597 1267 2635 Metellum
1297 2597 1540 2647 praetorium,

115 2665 200 2706 Ser.
232 2665 454 2718 Sulpicium
487 2667 658 2707 Galbam
689 2670 913 2717 aedilicium,
947 2671 1044 2707 duos
1077 2670 1321 2719 quaestorios,
1356 2668 1539 2706 Cn.T1·e-
