1789 2955
262 79 311 115 76
652 75 767 110 Liber
792 75 960 112 XXVII.
1009 78 1070 121 (A.
1096 90 1130 112 u.
1157 88 1187 112 c.
1212 79 1306 123 545.)

260 202 401 239 dextra
441 203 505 239 ala
542 206 581 239 et
618 203 933 241 extraordinarii
974 217 1139 254 coepere.
1208 205 1326 252 Quod
1366 207 1438 244 ubi
1478 206 1694 245 Marcellus

258 274 375 320 vidit,
421 274 782 312 duodevicesimam
828 276 1028 326 legionem
1074 276 1115 313 in
1152 277 1321 326 primam
1361 278 1487 315 aciem
1526 279 1694 316 inducit.

187 344 236 381 15
255 346 364 383 Dum
394 347 466 384 alii
494 347 654 396 trepide
687 347 844 396 cedunt,
886 347 957 384 alii
988 348 1166 396 segniter
1196 348 1379 398 subeunt,
1418 350 1581 387 turbata
1609 353 1696 388 tota

261 418 364 454 acies
396 421 466 464 est,
499 418 589 454 dein
620 432 782 467 prorsus
813 421 910 466 fusa,
942 422 981 457 et
1009 420 1194 457 vincente
1225 421 1418 470 pudorem
1449 424 1557 458 metu
1580 425 1696 471 terga

192 490 241 526 16
261 489 424 528 dabant.
486 490 676 528 Cecidere
706 492 748 528 in
777 504 913 541 pugna
943 491 1117 541 fugaque
1148 491 1198 528 ad
1231 492 1309 530 duo
1335 492 1460 530 millia
1486 496 1526 530 et
1549 494 1696 542 septin-

261 562 370 609 genti
402 562 550 599 civium
583 563 879 613 sociorumque3
920 563 960 600 in
991 563 1040 600 iis
1072 566 1262 612 quattuor
1291 564 1465 602 Romani
1497 565 1694 620 centurio-

191 634 241 669 17
260 646 339 679 nes,
372 633 450 669 duo
482 633 638 670 tribuni
668 634 853 682 militum,
883 635 938 672 M.
964 635 1149 672 Licinius
1182 639 1220 672 et
1250 635 1305 673 M.
1327 636 1512 674 Helvius.
1573 635 1697 686 Signa

260 704 454 741 militaria
486 708 676 754 quattuor
706 706 754 743 de
786 707 861 753 ala,
891 706 1021 755 prima
1053 720 1140 755 quae
1170 707 1287 755 fugit,
1329 708 1407 745 duo
1448 707 1497 745 de
1529 708 1698 757 legione,

260 788 347 824 quae
379 776 614 814 cedentibus
645 778 761 815 sociis
793 781 1048 825 successerat,
1079 779 1236 816 amissa.

120 842 171 891 13
371 848 600 896 Marcellus,
645 853 856 899 postquam
897 851 940 887 in
979 853 1110 887 castra
1147 851 1322 887 reditum
1353 855 1422 897 est,
1469 851 1696 889 contionem

259 920 358 956 adeo
401 933 544 957 saevam
587 925 707 970 atque
748 923 930 959 acerbam
962 922 1067 971 apud
1098 922 1249 959 milites
1280 922 1434 968 habuit,
1480 926 1525 959 ut
1555 923 1696 972 proelio

259 1004 331 1039 per
355 991 457 1028 diem
480 996 608 1030 totum
635 993 852 1030 infeliciter
875 994 1047 1031 tolerato
1070 994 1228 1032 tristior
1251 994 1302 1031 iis
1326 994 1420 1032 irati
1439 994 1551 1032 ducis
1569 995 1697 1033 oratio

215 1065 373 1100 aesset.
437 1063 540 1113 „Dis
579 1065 882 1112 immortalibus,
927 1069 972 1102 ut
1002 1065 1044 1101 in
1075 1065 1150 1102 tali
1180 1079 1234 1112 re,
1281 1066 1418 1104 laudes
1457 1069 1692 1116 gratesque“

257 1134 390 1183 inquit
417 1149 529 1184 „ago,
553 1137 659 1186 quod
683 1137 812 1175 victor
835 1138 972 1184 hostis,
999 1150 1087 1174 cum
1114 1140 1227 1175 tanto
1251 1151 1399 1188 pavore
1425 1137 1696 1176 incidentibus

258 1206 373 1243 vobis
413 1208 454 1244 in
494 1209 645 1246 vallum
683 1213 911 1258 portasque,
955 1223 1036 1246 non
1074 1209 1161 1258 ipsa
1202 1213 1332 1248 castra
1373 1213 1432 1247 est
1462 1223 1697 1259 aggressus3

260 1277 534 1317 deseruissetis
559 1281 737 1329 profecto
763 1281 900 1318 eodem
926 1284 1080 1318 terrore
1107 1284 1247 1328 castra,
1280 1295 1358 1331 quo
1387 1282 1575 1319 omisistis
1598 1294 1696 1331 pug-

216 1352 358 1387 3nam.
420 1352 499 1398 Qui
531 1365 656 1401 pavor
687 1353 764 1401 hie,
806 1353 875 1401 qui
905 1355 1048 1399 terror,
1088 1366 1175 1402 quae
1208 1356 1384 1403 repente,
1426 1354 1496 1403 qui
1539 1356 1579 1390 et
1609 1367 1696 1390 cum

260 1421 406 1470 quibus
437 1424 686 1472 pugnaretis,
719 1425 868 1461 oblivio
901 1424 1052 1461 animos
1087 1424 1221 1474 cepit?
1267 1424 1419 1475 Nempe
1452 1425 1572 1462 iidem
1604 1428 1697 1462 sunt

259 1493 300 1530 hi
333 1493 474 1541 hostes,
506 1509 604 1545 quos
635 1495 831 1533 vincendo
864 1499 903 1532 et
932 1496 1061 1533 victos
1092 1497 1293 1545 sequendo
1318 1498 1493 1547 priorem
1518 1500 1695 1534 aestatem

216 1567 240 1602 4
259 1565 548 1615 absumpsistis,
582 1567 728 1616 quibus
761 1568 844 1604 dies
877 1571 1092 1616 noctesque
1122 1569 1374 1616 fugientibus
1404 1582 1476 1619 per
1506 1569 1578 1605 hos
1611 1568 1696 1606 dies

258 1636 479 1687 institistis,
521 1653 620 1688 quos
651 1639 808 1677 levibus
840 1639 996 1689 proeliis
1027 1640 1241 1688 fatigastis,
1282 1654 1381 1689 quos
1411 1641 1598 1678 hesterno
1630 1639 1696 1677 die

213 1710 326 1746 5nec
372 1709 449 1746 iter
494 1711 624 1748 facere
664 1725 735 1748 nec
778 1715 908 1748 castra
944 1725 1092 1761 ponere
1131 1712 1239 1761 passi
1277 1713 1385 1752 estis.
1447 1711 1598 1749 Omitto
1637 1725 1695 1758 ea,

257 1780 402 1829 quibus
434 1783 603 1830 gloriari
636 1784 819 1832 potestis3
868 1783 981 1820 cuius
1020 1787 1059 1820 et
1089 1783 1215 1833 ipsius
1245 1784 1396 1833 pudere
1427 1797 1472 1821 ac
1502 1783 1695 1833 paenitere

255 1865 324 1889 vos
365 1858 535 1902 oportet,
580 1855 758 1891 referam.
818 1855 972 1904 Nempe
1014 1855 1139 1904 aequis
1181 1856 1365 1893 manibus
1402 1856 1587 1893 hesterno
1628 1855 1694 1892 die

212 1923 474 1963 ssdiremistis
513 1940 698 1976 pugnam.
762 1926 865 1973 Quid
907 1927 992 1964 haec
1031 1940 1122 1975 nOX,
1170 1927 1266 1977 quid
1304 1926 1368 1964 hic
1408 1927 1491 1965 dies
1522 1926 1692 1965 attulit?

257 1994 413 2033 Vestrae
453 1997 502 2034 iis
544 1999 669 2048 copiae
710 1999 929 2035 imminutae
970 2002 1063 2037 sunt
1102 2013 1152 2036 an
1191 1999 1353 2036 illorum
1384 1998 1541 2036 auctae‘?
1600 1999 1692 2036 Non

254 2067 439 2116 equidem
479 2069 580 2106 mihi
620 2084 709 2107 cum
748 2070 924 2107 exercitu
955 2084 1041 2108 meo
1073 2070 1186 2120 loqui
1214 2070 1358 2107 videor
1387 2084 1458 2108 nec
1490 2084 1578 2108 cum
1609 2070 1691 2108 Ro-

254 2139 381 2176 manis
425 2141 639 2188 militibus3
688 2155 855 2192 corpora
891 2146 1046 2179 tantum
1085 2146 1206 2192 atque
1252 2156 1361 2180 arma
1406 2142 1543 2180 eadem
1588 2144 1690 2180 sunt.

212 2213 233 2247 7
253 2210 333 2257 An,
360 2211 392 2248 si
417 2213 576 2250 eosdem
605 2214 757 2250 animos
784 2213 1035 2260 habuissetis,
1061 2217 1176 2263 terga
1199 2217 1331 2252 vestra
1347 2214 1519 2252 vidisset
1533 2213 1691 2251 hostis?

253 2283 367 2330 signa
408 2284 530 2321 alicui
569 2285 774 2335 manipulo
815 2289 882 2322 aut
914 2286 1069 2323 cohorti
1099 2285 1341 2323 ademisset?
1400 2285 1546 2323 Adhuc
1578 2285 1690 2322 caesis

254 2354 481 2402 legionibus
503 2357 696 2394 Romanis
721 2357 993 2405 gloriabatur3
1026 2371 1095 2395 vos
1123 2358 1186 2394 illi
1209 2357 1402 2394 hodierno
1429 2357 1494 2394 die
1516 2357 1691 2406 primum

208 2429 233 2465 8
251 2426 379 2474 fugati
408 2429 608 2465 exercitus
633 2429 801 2466 dedistis
825 2429 980 2466 decus.“
1032 2429 1193 2467 Clamor
1217 2428 1310 2466 inde
1328 2432 1449 2475 ortus,
1472 2431 1517 2465 ut
1533 2428 1689 2465 veniam

253 2499 336 2536 eius
363 2499 443 2536 diei
467 2500 600 2546 daret3
624 2501 694 2537 ubi
717 2501 850 2540 vellet.
882 2500 1023 2537 deinde
1050 2500 1302 2550 experiretur
1327 2500 1502 2537 militum
1528 2513 1689 2537 suorum
1716 2493 1723 2497 ’

252 2572 414 2609 animos.
466 2572 578 2621 „Ego
605 2586 697 2610 vero
726 2572 935 2622 experiar“
967 2572 1109 2621 inquit,
1138 2572 1323 2619 „milites‚
1354 2575 1394 2608 et
1415 2585 1485 2609 vos
1513 2571 1687 2609 crastino

251 2642 318 2680 die
349 2644 390 2680 in
417 2645 541 2681 aciem
573 2645 748 2691 educam,
794 2647 839 2681 ut
877 2644 1050 2681 victores
1091 2643 1225 2693 potius
1256 2657 1375 2693 quam
1406 2643 1502 2680 victi
1531 2643 1688 2681 veniam
