1789 2955
552 105 656 136 Liber
681 106 808 136 xxw.
860 104 915 147 (A.
935 106 999 137 Ch.
1019 104 1115 148 213.)
1454 107 1536 148 217

122 239 174 274 ab
197 236 319 275 sociis
335 238 524 274 Romana
546 248 602 280 re,
628 236 848 273 foederibus
867 236 1027 273 Punicis
1053 237 1190 273 omnia
1214 237 1256 273 in
1272 237 1386 274 Italia
1402 237 1540 275 iuncta

121 308 239 344 visuri
271 306 376 345 sint?
409 307 460 344 Se
493 312 628 343 tamen
661 318 746 342 non
779 318 870 342 eum
903 318 1007 350 esse,
1041 307 1107 355 qui
1134 308 1284 344 Altinio
1312 308 1407 344 fidei
1430 306 1575 356 quic-7

122 390 242 426 quam
261 382 427 415 censeat
443 378 697 420 habendum;
717 376 790 413 sed
808 377 986 412 mediam
1005 382 1232 414 secuturum
1251 378 1407 414 consilii
1420 379 1538 415 viam.

120 447 263 496 Neque
296 460 387 484 eum
421 460 494 496 pro
528 448 646 484 hoste
673 459 806 495 neque
825 459 899 495 pro
923 448 1036 484 socio
1059 448 1100 484 in
1122 448 1336 496 praesentia
1358 447 1577 487 habitum8

120 518 244 555 libera
277 519 464 555 custodia
497 519 608 554 haud
639 518 781 566 procul
812 530 836 553 a
868 518 1007 554 castris
1040 519 1200 566 placere
1232 519 1273 554 in
1302 518 1435 566 aliqua
1457 519 1539 555 fida

121 589 279 625 civitate
311 589 459 625 servari
490 601 563 638 per
593 589 685 625 belli
717 593 875 636 tempus
885 598 894 631 ;
928 594 1159 636 perpetrato
1183 590 1302 633 bello,
1336 594 1418 625 tum
1442 601 1540 626 con-

120 659 365 703 sultandum,
393 664 523 695 utrum
549 659 658 708 prior
682 658 862 694 defectio
887 659 975 706 plus
999 659 1141 694 merita
1167 660 1216 696 sit
1239 671 1372 708 poenae
1397 672 1450 696 an
1475 660 1538 696 hic

119 730 271 766 reditus
289 729 428 766 veniae.
477 730 605 766 Fabio
624 740 835 766 assensum
854 733 928 772 est,
948 727 1192 777 Calenisque
1211 730 1352 778 legatis
1370 730 1539 766 traditus
1554 727 1579 768 9

120 805 159 836 et
182 800 269 849 ipse
294 804 334 836 et
358 800 547 844 comites;
573 806 614 836 et
637 799 720 836 auri
747 799 842 835 satis
859 811 1050 846 magnum
1068 801 1246 848 pondus,
1272 801 1384 848 quod
1402 812 1539 837 secum

119 871 317 913 attulerat,
351 870 388 906 ei
421 871 568 907 servari
600 871 764 908 iussum.
838 868 1002 906 Calibus
1035 882 1125 906 eum
1158 871 1332 907 interdiu
1365 871 1538 907 solutum
1557 868 1610 909 lO

120 941 312 978 custodes
331 942 616 989 sequebantur,
635 945 758 978 nocte
778 940 956 976 clausum
970 942 1247 977 asservabant.
1295 941 1412 989 Arpis
1428 941 1540 977 domi

118 1011 288 1060 primum
313 1012 536 1048 desiderari
561 1012 764 1060 quaerique
793 1015 854 1047 est
879 1016 1055 1058 coeptus:
1083 1011 1179 1047 dein
1198 1011 1306 1047 fama
1323 1024 1394 1060 per
1411 1017 1538 1047 totam
1557 1009 1606 1049 11

118 1082 257 1117 urbem
288 1082 450 1130 vulgata
482 1082 705 1125 tumultum,
739 1086 782 1116 ut
804 1081 985 1129 principe
1008 1081 1172 1125 amisso,
1207 1081 1314 1126 fecit,
1348 1087 1538 1129 metuque

118 1163 248 1188 rerum
265 1163 460 1188 novarum
479 1153 681 1200 extemplo
699 1151 827 1187 nuntii
847 1152 903 1187 ad
915 1151 1188 1188 Hannibalem
1206 1152 1330 1189 missi.
1381 1152 1537 1198 Quibus
1554 1150 1607 1190 12

118 1234 376 1270 nequaquam
410 1221 589 1259 offensus
611 1223 774 1265 Poenus,
808 1222 902 1270 quia
935 1227 975 1258 et
1001 1223 1132 1271 ipsum
1155 1228 1198 1258 ut
1218 1222 1418 1270 ambiguae
1440 1222 1535 1258 fidei

118 1293 240 1329 virum
270 1298 500 1341 suspectum
525 1293 605 1329 iam
633 1293 790 1341 pridem
819 1293 996 1329 habebat
1023 1298 1063 1329 et
1091 1305 1255 1329 causam
1282 1298 1425 1329 nactus
1454 1298 1539 1328 erat

117 1368 199 1399 tam
222 1363 315 1400 ditis
336 1363 511 1400 hominis
532 1364 644 1400 bona
665 1364 907 1412 possidendi
929 1363 1238 1411 vendendique;
1273 1368 1463 1407 ceterum,
1497 1368 1539 1399 ut
1556 1361 1608 1401 13

120 1434 188 1471 irae
212 1434 342 1482 magis
370 1446 492 1482 quam
519 1435 694 1471 avaritiae
724 1436 865 1470 datum
894 1436 1107 1471 crederent
1135 1434 1334 1476 homines,
1370 1434 1540 1470 crudeli-

121 1509 244 1541 tatem
269 1515 432 1552 quoque
449 1504 630 1540 aviditati
648 1506 822 1549 addidit,
849 1506 1147 1553 coniugemque
1165 1505 1250 1541 eius
1269 1515 1316 1540 ac
1334 1504 1482 1540 liberos
1499 1504 1540 1540 in
1558 1501 1611 1542 14

122 1580 253 1613 castra
276 1575 442 1618 accitos,
469 1575 692 1622 quaestione
715 1576 823 1624 prius
848 1576 986 1612 habita
1014 1575 1185 1623 primum
1204 1575 1256 1610 de
1275 1575 1371 1623 fuga
1388 1575 1538 1618 Altinii,

122 1645 231 1688 dein,
276 1650 469 1693 quantum
512 1646 595 1681 auri
638 1646 875 1694 argentique
916 1645 1028 1681 domi
1066 1646 1246 1681 relictum
1280 1650 1399 1689 esset,
1444 1645 1539 1682 satis

122 1716 296 1764 cognitis
329 1716 531 1760 omnibus,
564 1716 675 1753 vivos
709 1716 942 1753 combussit.

239 1787 387 1822 Fabius
419 1787 471 1822 ab
494 1787 685 1823 Suessula
714 1787 920 1835 profectus
943 1787 1076 1834 Arpos
1108 1786 1277 1833 primum
1301 1786 1442 1822 institit
1467 1799 1539 1835 op·
1600 1781 1664 1825 46

120 1868 316 1906 pugnare.
349 1856 430 1893 Ubi
448 1869 570 1905 quum
588 1869 612 1893 a
629 1858 859 1906 quingentis
878 1857 961 1893 fere
979 1857 1165 1905 passibus
1179 1862 1310 1893 castra
1322 1857 1538 1905 posuisset,

121 1928 419 1975 contemplatus
446 1940 495 1964 ex
523 1928 754 1976 propinquo
781 1928 897 1964 situm
922 1927 1028 1963 urbis
1052 1927 1297 1974 moeniaque,
1330 1939 1418 1975 quae
1446 1939 1540 1976 pars

121 1997 317 2034 tutissima
355 1998 559 2034 moenibus
600 2004 697 2042 erat,
739 1999 833 2046 quia
871 1998 1045 2034 maxime
1085 1998 1314 2045 neglectam
1353 1998 1540 2034 custodia

119 2067 231 2110 vidit,
250 2080 300 2103 ea
311 2068 563 2116 potissimum
578 2069 746 2117 aggredi
760 2069 908 2105 statuit.
958 2067 1214 2116 Comparatis
1230 2069 1430 2112 omnibus,
1451 2081 1539 2116 quae
1552 2065 1578 2105 2

121 2138 176 2174 ad
199 2139 318 2174 urbes
344 2139 646 2186 oppugnandas
670 2139 757 2175 usui
782 2144 887 2182 sunt,
914 2139 1195 2175 centurionum
1219 2140 1368 2176 robora
1386 2152 1434 2175 ex
1451 2144 1539 2175 toto

121 2208 297 2245 exercitu
329 2208 481 2257 delegit
512 2208 775 2257 tribunosque
801 2209 907 2245 viros
935 2209 1061 2246 fortes
1090 2210 1147 2246 eis
1175 2210 1367 2258 praefecit,
1402 2215 1442 2245 et
1468 2209 1540 2245 mi-

120 2279 209 2315 lites
232 2283 460 2322 sexcentos,
490 2284 684 2326 quantum
708 2280 804 2315 satis
828 2279 953 2316 visum
981 2286 1053 2324 est,
1079 2281 1257 2317 attribuit
1279 2292 1446 2328 eosque,
1472 2279 1539 2314 ubi

122 2354 272 2397 quartae
301 2349 443 2398 vigiliae
473 2349 630 2398 signum
658 2349 884 2394 cecinisset,
916 2351 969 2386 ad
998 2363 1089 2387 eum
1114 2351 1247 2387 locum
1273 2351 1403 2387 scalas
1426 2350 1539 2385 iussit

121 2419 236 2456 ferre.
299 2420 421 2456 Porta
447 2419 501 2456 ibi
530 2420 687 2456 humilis
713 2426 754 2456 et
779 2426 952 2469 angusta
979 2426 1076 2464 erat,
1105 2421 1347 2469 infrequenti
1378 2420 1440 2455 via
1467 2417 1576 2467 per3

122 2490 324 2526 desertam
349 2495 504 2539 partem
528 2491 649 2527 urbis.
697 2491 800 2527 Eam
826 2496 985 2539 portam
1003 2492 1120 2528 scalis
1138 2491 1245 2539 prius
1264 2497 1538 2538 transgressos

121 2571 276 2596 murum
301 2561 457 2609 aperire
481 2573 529 2597 ex
553 2561 742 2597 interiore
766 2566 880 2609 parte
905 2567 973 2597 aut
997 2562 1168 2598 claustra
1191 2561 1410 2608 refringere
1428 2561 1539 2596 iubet

123 2634 162 2664 et
185 2634 371 2667 tenentes
395 2635 550 2679 partem
573 2632 680 2669 urbis
706 2644 831 2668 cornu
857 2632 1015 2680 signum
1043 2633 1153 2675 dare,
1181 2637 1223 2667 ut
1247 2636 1391 2668 ceterae
1409 2630 1538 2679 copiae
