1789 2955
243 71 324 108 226
653 67 769 101 Liber
794 66 918 102 XXX.
968 68 1028 110 (A.
1056 79 1089 101 u.
1115 79 1144 102 c.
1169 67 1264 111 551.)

174 195 223 231 10
242 207 402 232 auream
434 207 629 241 arrosere;
675 194 781 232 circa
821 193 997 243 Capuam
1044 207 1199 232 onmem
1245 207 1386 243 agrum
1432 193 1676 231 locustarum

243 266 304 302 vis
337 266 490 314 ingens,
519 266 576 303 ita
606 269 661 312 ut,
692 266 798 303 unde
829 264 1104 310 advenissent,
1149 278 1285 314 parum
1318 268 1542 312 constaret,
1573 279 1676 303 com·

174 337 220 375 ll
241 337 387 386 plevit;
419 337 578 375 eculeus
609 338 736 375 Reate
768 350 854 374 cum
890 337 1066 386 quinque
1106 336 1276 385 pedibus
1308 340 1441 383 natus3
1473 336 1676 386 Anagniae

172 409 222 446 12
241 409 368 459 sparsi
394 409 565 458 primum
583 409 694 458 ignes
722 410 762 446 in
789 409 899 457 caelo,
933 408 1027 446 dein
1050 408 1117 445 fax
1145 409 1284 457 ingens
1303 409 1418 454 arsit;
1450 408 1676 447 Frusinone

244 494 359 519 arcus
392 481 514 518 solem
544 481 656 517 tenui
681 481 788 518 linea
812 480 1019 529 amplexus
1052 483 1121 525 est,
1154 480 1348 517 circulum
1371 479 1516 517 deinde
1545 481 1678 530 ipsum

242 553 371 591 maior
402 553 496 590 solis
529 552 636 590 orbis
670 553 915 590 extrinsecus
940 551 1121 597 inclusit;
1155 552 1307 601 Arpini
1330 556 1440 589 terra
1465 553 1680 602 campestri

171 624 222 661 13
241 637 338 673 agro
369 625 409 661 in
442 624 642 673 ingentem
684 624 814 661 sinum
861 624 1060 669 consedit;
1107 624 1314 660 consulum
1359 623 1477 661 alteri
1507 624 1679 674 primam

242 696 414 733 hostiam
446 695 671 733 immolanti
702 699 821 745 caput
852 695 1041 732 iocineris
1073 695 1209 732 defuit.
1255 695 1315 733 Ea
1340 695 1528 745 prodigia
1559 696 1678 734 maio-

242 767 354 805 ribus
386 768 528 804 hostiis
559 771 793 816 procurata;
834 767 933 804 editi
964 780 986 803 a
1017 767 1186 816 collegio
1217 767 1451 817 pontificum
1483 768 1559 816 dei,
1591 769 1678 818 qui·

243 839 316 877 bus
349 839 652 877 sacrificaretur.

360 912 436 949 His
477 911 689 949 transactis
722 911 904 948 consules
946 913 1216 960 praetoresque
1256 911 1296 948 in
1328 911 1556 961 provincias
1589 925 1679 961 pro·

245 984 358 1029 fecti;
392 984 574 1020 omnibus
606 986 751 1029 tamen,
781 983 892 1020 velut
923 996 1008 1020 eam
1040 982 1213 1029 sortitis,
1245 982 1396 1020 Africae
1442 996 1538 1021 cura
1584 988 1681 1031 erat,

244 1069 311 1094 seu
345 1056 440 1105 quia
470 1055 527 1093 ibi
558 1068 751 1093 summam
783 1068 916 1091 rerum
940 1055 1118 1104 bellique
1149 1055 1252 1092 verti
1278 1055 1505 1105 cernebant,
1536 1069 1606 1093 seu
1636 1059 1681 1094 ut

245 1127 426 1177 Scipioni
458 1127 798 1176 gratificarentur,
845 1127 886 1163 in
933 1140 1049 1176 quem
1094 1129 1178 1164 tum
1224 1127 1352 1164 omnis
1392 1140 1507 1166 versa
1539 1128 1680 1165 civitas

203 1199 341 1237 Qerat.
403 1200 546 1249 Itaque
588 1212 667 1236 non
712 1211 761 1235 ex
793 1196 984 1236 Sardinia
1028 1202 1196 1246 tantuin,
1243 1199 1347 1236 sicut
1391 1202 1483 1237 ante
1530 1199 1681 1237 dictum

245 1276 314 1319 est,
345 1272 414 1309 sed
446 1285 493 1309 ex
524 1269 665 1308 Sicilia
707 1284 864 1320 quoque
911 1274 949 1308 et
979 1270 1180 1320 Hispania
1225 1271 1465 1309 vestimenta
1509 1271 1680 1308 frumen-

244 1348 419 1393 tumque,
451 1346 490 1380 et
521 1356 632 1380 arma
663 1343 782 1380 etiam
814 1357 861 1380 ex
892 1341 1033 1380 Sicilia
1072 1346 1110 1380 et
1142 1357 1255 1380 omne
1287 1356 1410 1392 genus
1441 1346 1681 1381 commeatus

203 1414 225 1450 3
247 1430 291 1454 eo
322 1416 603 1466 portabantur.
650 1415 733 1453 Nec
767 1413 905 1465 Scipio
936 1415 1019 1453 ullo
1050 1419 1228 1465 tempore
1260 1415 1400 1452 hiemis
1432 1415 1530 1452 belli
1561 1428 1683 1464 opera

243 1484 476 1531 remiserat,
523 1499 610 1535 quae
656 1487 783 1524 multa
828 1487 947 1524 simul
999 1487 1176 1536 undique
1224 1501 1312 1524 eum
1359 1486 1683 1524 circumstabant.

248 1555 408 1593 Uticam
441 1557 674 1605 obsidebat;
720 1562 849 1596 castra
894 1559 937 1596 in
983 1562 1199 1609 conspectu
1231 1559 1502 1597 Hasdrubalis
1548 1560 1682 1605 erant;

201 1629 225 1665 4
246 1625 598 1678 Carthaginienses
631 1630 880 1668 deduxerant
910 1644 1048 1677 naves;
1091 1632 1256 1669 classem
1296 1634 1478 1681 paratam
1510 1630 1681 1668 instruc-

243 1702 404 1750 tamque
427 1701 477 1738 ad
502 1706 742 1740 commeatus
768 1703 1083 1753 intercipiendos
1107 1703 1323 1741 habebant.
1384 1703 1498 1741 Inter
1524 1703 1607 1740 haec
1631 1716 1682 1740 ne

245 1769 440 1821 Syphacis
457 1774 617 1823 quidem
635 1775 926 1812 reconciliandi
941 1788 1077 1813 curam
1094 1789 1143 1813 ex
1160 1776 1293 1813 animo
1320 1776 1494 1822 miserat,
1520 1775 1556 1813 si
1580 1775 1684 1813 forte

244 1843 322 1880 iam
347 1844 478 1883 ,satias
523 1846 669 1884 amoris
715 1846 756 1883 in
787 1860 912 1885 uxore
958 1861 1006 1885 ex
1052 1848 1179 1885 multa
1216 1847 1332 1897 copia
1377 1860 1465 1885 eum
1496 1847 1679 1897 cepisset.

198 1916 220 1953 5
239 1914 305 1952 Ab
338 1915 520 1966 Syphace
554 1918 682 1967 magis
714 1919 822 1968 pacis
853 1932 942 1956 cum
975 1918 1379 1969 Carthaginiensibus
1410 1919 1678 1968 condiciones,

242 1990 288 2024 ut
317 1988 490 2026 Romani
522 1990 676 2038 Africa,
708 1990 825 2028 Poeni
855 1991 978 2029 Italia
1008 1991 1262 2039 excederent,
1293 2004 1433 2041 quam,
1476 1990 1512 2027 si
1556 1990 1680 2028 bella-

198 2060 221 2096 6
241 2062 374 2107 retur,
415 2075 504 2111 spes
548 2062 633 2099 ulla
679 2063 923 2100 desciturum
971 2062 1220 2101 afferebatur.
1279 2063 1379 2101 Haec
1417 2076 1489 2113 per
1519 2063 1680 2100 nuntios

243 2137 332 2169 acta
363 2133 491 2182 magis
523 2134 708 2183 equidem
740 2134 980 2172 crediderim
1027 2137 1083 2183 (et
1128 2135 1185 2172 ita
1215 2148 1307 2184 pars
1338 2135 1464 2173 maior
1495 2137 1679 2173 auctores

242 2206 363 2255 sunt),
396 2218 513 2255 quam
545 2206 676 2255 ipsum
708 2205 942 2256 Syphacem,
974 2210 1020 2244 ut
1058 2206 1206 2244 Antias
1238 2206 1426 2244 Valerius
1456 2206 1605 2257 prodit,
1639 2206 1679 2244 in

202 2275 223 2310 7
242 2280 373 2314 castra
404 2277 585 2316 Romana
616 2277 667 2316 ad
699 2278 944 2326 colloquium
977 2278 1143 2316 venisse.
1204 2277 1341 2315 Primo
1379 2292 1444 2316 eas
1477 2278 1678 2316 condicio-

243 2361 312 2387 nes
344 2349 562 2399 imperator
592 2349 795 2388 Romanus
821 2350 888 2386 vix
912 2350 1079 2388 auribus
1096 2350 1278 2397 admisit;
1310 2353 1460 2400 postea,
1490 2354 1536 2388 ut
1559 2363 1679 2388 causa

241 2421 465 2470 probabilis
497 2422 580 2459 suis
611 2421 856 2460 commeandi
901 2422 1005 2460 foret
1052 2423 1092 2459 in
1133 2425 1265 2460 castra
1295 2422 1486 2469 hostium,
1517 2422 1678 2460 mollius

243 2492 377 2529 eadem
423 2493 494 2530 illa
538 2494 712 2531 abnuere
757 2507 802 2531 ac
847 2505 956 2543 spem
997 2494 1147 2540 facere,
1179 2494 1326 2544 saepius
1358 2494 1464 2532 ultro
1497 2494 1677 2544 citroque

243 2563 491 2612 agitantibus
521 2579 604 2602 rem
636 2568 935 2604 conventuram.

195 2635 220 2672 8
351 2636 626 2675 Hibernacula
658 2637 1064 2687 Carthaginiensium,
1094 2640 1282 2686 congesta
1312 2640 1462 2675 temere
1493 2650 1542 2674 ex
1570 2636 1678 2685 agris
