1789 2955
461 80 575 114 Liber
600 80 723 115 XXX.
773 82 833 123 (A.
861 82 924 117 Ch.
951 82 1045 123 203.)
1412 83 1491 121 235

63 219 181 256 quam
213 205 386 245 victoria
404 206 492 252 fuit,
511 207 604 257 quia
628 207 805 256 equestri
829 208 1101 246 tantummodo
1126 208 1270 257 proelio
1298 211 1490 246 certatum

61 277 202 315 fuerat.
250 277 339 316 Non
371 279 460 328 plus
487 279 664 328 quinque
688 279 814 316 millia
846 279 986 325 occisa,
1015 279 1144 316 minus
1170 279 1380 316 dimidium
1406 279 1490 316 eius
1508 279 1531 316 5

61 347 265 385 hominum
296 353 455 399 captum
489 354 558 396 est,
593 351 745 400 impetu
792 350 831 387 in
863 353 992 387 castra
1023 351 1138 395 facto,
1185 364 1263 399 quo
1308 351 1489 399 perculsa

61 432 154 467 rege
186 421 328 458 amisso
361 422 575 458 multitudo
607 434 648 458 se
681 422 914 459 contulerat.

178 490 289 529 Cirta
307 496 426 542 caput
441 494 558 542 regni
577 492 770 542 Syphacis
788 496 894 539 erat;
921 506 1045 542 eoque
1071 506 1111 530 se
1132 494 1273 542 ingens
1289 494 1349 531 vis
1367 493 1489 530 homi·
1509 495 1532 530 3

60 575 152 600 num
170 576 216 600 ex
235 563 329 613 fuga
345 564 582 601 contulerat.
628 564 843 602 Masinissa
861 565 938 602 sibi
957 565 1117 613 quidem
1138 564 1269 602 dicere
1293 565 1394 601 nihil
1412 578 1493 601 esse
1512 566 1535 601 6

67 633 108 671 in
140 635 354 683 praesentia
379 635 585 685 pulchrius
612 649 727 685 quam
750 637 939 673 victorem
964 640 1241 686 recuperatum
1267 639 1379 673 tanto
1404 640 1493 685 post-

65 705 277 743 intervallo
295 707 468 756 patrium
488 708 656 745 invisere
672 721 857 756 regnum3
887 708 954 745 sed
980 712 1060 745 tam
1078 708 1262 745 secundis
1292 721 1408 757 quam
1427 707 1494 744 ad-

60 777 185 815 versis
216 778 334 815 rebus
366 792 443 816 non
477 779 565 817 dari
595 779 766 829 spatium
807 779 857 817 ad
898 780 1147 825 cessandum;
1195 780 1229 816 si
1270 793 1310 817 se
1341 779 1532 817 Laelius7

59 861 146 885 cum
193 849 376 898 equitatu
421 850 635 900 vinctoque
685 851 867 900 Syphace
908 851 1061 888 Cirtam
1108 851 1333 900 praecedere
1379 851 1492 897 sinat,

59 920 218 969 trepida
249 922 381 959 omnia
412 926 519 959 metu
551 936 592 959 se
624 935 923 972 oppressurunn
966 923 1136 959 Laelium
1168 936 1255 959 cum
1286 922 1492 972 peditibus

61 992 248 1042 subsequi
281 993 447 1031 modicis
489 994 702 1031 itineribus
745 1007 870 1044 posse.
932 994 1190 1032 Assentiente
1221 995 1360 1040 Laelio,
1392 1007 1490 1044 prae·
1510 994 1535 1031 8

62 1075 223 1111 gressus
255 1063 427 1111 Cirtam,
458 1066 617 1103 evocari
662 1066 709 1102 ad
742 1067 985 1115 colloquium
1016 1067 1218 1116 principes
1251 1067 1490 1104 Cirtensium

61 1134 183 1172 iubet.
246 1133 325 1173 Sed
372 1136 479 1186 apud
512 1138 672 1186 ignaros
704 1138 811 1186 regis
852 1151 966 1175 casus
998 1151 1082 1184 nee,
1113 1151 1200 1186 quae
1235 1141 1322 1175 acta
1354 1141 1495 1184 essent,

59 1208 283 1256 promendo
330 1222 400 1246 nec
447 1209 563 1247 minis
609 1223 680 1246 nec
713 1210 917 1247 suadendo
963 1213 1053 1246 ante
1098 1210 1243 1254 valuit,
1275 1223 1391 1258 quam
1424 1223 1493 1245 rex

62 1279 220 1317 vinctus
252 1280 291 1316 in
325 1284 580 1330 conspectum
613 1282 728 1319 datus
760 1285 830 1319 est.
892 1281 993 1318 Tum
1032 1281 1082 1318 ad
1114 1282 1382 1330 spectaculum
1412 1284 1493 1317 tam
1513 1282 1536 1318 9

61 1350 211 1388 foedum
245 1352 508 1401 comploratio
541 1356 645 1400 orta,
688 1357 727 1390 et
758 1354 902 1403 partim
949 1366 1097 1402 pavore
1128 1353 1274 1390 moenia
1305 1356 1399 1390 sunt
1430 1353 1493 1389 cle-

61 1425 178 1469 serta,
209 1423 357 1472 partim
384 1424 593 1473 repentino
619 1438 811 1462 consensu
837 1425 1007 1473 gratiam
1032 1424 1139 1474 apud
1165 1426 1357 1462 victorem
1389 1438 1493 1474 quae-

60 1494 234 1531 oentium
265 1495 472 1544 patefactae
496 1500 632 1545 portae.
682 1497 735 1534 Et
751 1497 980 1542 Masinissa,
1011 1496 1202 1546 praesidio
1230 1497 1335 1534 circa
1361 1501 1496 1546 portas
1516 1496 1568 1533 10

60 1570 366 1616 opportunaque
398 1568 587 1605 moenium
621 1568 806 1615 dimisso,
852 1583 900 1605 ne
932 1569 995 1605 cui
1027 1570 1130 1615 fugae
1163 1572 1320 1617 pateret
1352 1569 1494 1615 exitus,

62 1638 114 1675 ad
146 1638 299 1686 regiam
332 1639 605 1688 occupandam
637 1640 759 1678 citato
789 1640 904 1678 vadit
935 1653 1046 1689 equo.

182 1709 357 1747 Intranti
387 1711 629 1749 vestibulum
661 1713 701 1749 in
734 1712 821 1761 ipso
849 1712 987 1748 limine
1019 1710 1261 1761 Sophoniba,
1292 1725 1393 1748 uxor
1424 1710 1494 1759 Sy·
1518 1712 1564 1749 ll

61 1781 210 1831 phacis,
240 1781 324 1819 filia
356 1782 624 1820 Hasdrubalis
657 1784 784 1830 Poeni,
817 1784 1008 1828 occurrit,
1058 1787 1095 1820 et
1141 1797 1261 1833 quum
1295 1784 1333 1820 in
1364 1783 1495 1820 medio

61 1854 216 1901 agmine
233 1858 475 1891 armatorum
489 1855 743 1893 Masinissam
763 1856 961 1904 insignem
979 1870 1099 1905 quum
1119 1856 1345 1901 armis‚tu1n
1364 1860 1493 1893 cetero

61 1925 204 1963 habitu
222 1927 504 1976 conspexisset,
531 1941 664 1976 regem
681 1941 775 1973 esse,
804 1927 846 1964 id
871 1928 977 1976 quod
1006 1931 1100 1974 erat,
1118 1932 1214 1975 rata,
1241 1928 1410 1977 genibus
1429 1927 1495 1965 ad-

63 1998 201 2035 voluta
218 1998 323 2036 eius:
345 1997 516 2047 „Omnia
534 1999 696 2048 quidem
713 2003 757 2036 ut
768 2013 903 2048 posses
913 2003 928 2019 ⁶⁶
945 1999 1078 2049 inquit
1097 2000 1162 2049 „in
1181 1999 1308 2045 nobis,
1321 1999 1363 2035 di
1379 1999 1493 2036 dede·
1515 1999 1564 2036 12

62 2072 156 2106 runt
182 2070 390 2119 virtusque
419 2074 455 2107 et
481 2071 650 2108 felicitas
676 2074 762 2117 tua3
795 2071 862 2107 sed
894 2071 927 2108 si
953 2072 1120 2121 captivae
1153 2071 1258 2121 apud
1289 2071 1496 2109 dominum

60 2141 153 2178 vitae
184 2142 370 2191 necisque
409 2155 489 2179 suae
528 2155 663 2180 vocem
704 2143 926 2192 supplicem
958 2144 1117 2181 mittere
1148 2144 1253 2190 licet,
1287 2144 1320 2181 si
1352 2157 1492 2191 genua,

61 2213 94 2250 si
124 2213 328 2251 victricem
370 2214 566 2263 attingere
609 2214 810 2253 dextram.
858 2229 997 2265 precor
1029 2228 1242 2265 quaesoque
1274 2229 1344 2265 per
1376 2216 1493 2253 maie·
1516 2214 1565 2252 13

63 2287 205 2322 statem
236 2285 408 2334 regiam,
454 2286 495 2323 in
528 2299 606 2335 qua
637 2287 757 2335 paulo
789 2290 880 2324 ante
911 2300 982 2324 nos
1022 2301 1179 2336 quoque
1211 2288 1378 2333 fuimus,
1425 2301 1495 2337 per

61 2357 191 2405 gentis
221 2356 485 2395 Numidarum
517 2371 669 2404 nomen,
702 2359 808 2408 quod
840 2360 916 2396 tibi
958 2373 1045 2396 cum
1079 2358 1260 2408 Syphace
1292 2372 1495 2397 commune

63 2427 154 2474 fuit,
184 2441 256 2478 per
286 2429 450 2467 huiusce
496 2430 615 2479 regiae
658 2430 771 2477 deos,
813 2431 881 2480 qui
927 2435 966 2468 te
1013 2431 1250 2468 melioribus
1297 2431 1494 2468 ominibus

63 2499 276 2549 accipiant,
307 2514 426 2550 quam
445 2500 665 2551 Syphacem
684 2502 778 2539 hinc
795 2503 999 2548 miserunt,
1025 2503 1125 2540 hanc
1150 2504 1305 2541 veniam
1322 2502 1494 2552 supplici
1514 2502 1565 2540 14

65 2571 145 2617 des,
175 2575 220 2608 ut
251 2571 348 2622 ipse,
381 2572 645 2622 quodcunque
677 2574 755 2610 fert
786 2574 952 2621 animus,
985 2575 1033 2611 de
1065 2575 1223 2624 captiva
1247 2577 1316 2611 tua
1342 2577 1493 2612 statuas

62 2656 190 2693 neque
222 2657 282 2681 me
312 2644 352 2681 in
385 2645 618 2695 cuiusquam
649 2645 821 2683 Romani
854 2646 1066 2695 superbum
1112 2651 1151 2684 et
1191 2645 1353 2683 crudele
1386 2645 1493 2683 arbi-
