1789 2955
473 76 589 112 Liber
613 75 804 112 XXVIII.
853 77 914 120 (A.
941 76 1007 111 Ch.
1031 77 1125 121 207.)
1443 79 1519 115 127

86 205 193 244 omni
209 217 354 255 genere
369 206 555 250 telorum,
574 208 612 242 et
627 204 838 242 tormentis
856 204 1130 253 machinisque
1147 203 1197 240 ad
1214 202 1522 252 oppugnandam

85 290 170 315 eam
201 290 251 314 ex
283 277 454 316 navibus
486 276 691 326 expositis,
753 275 885 323 Quum
917 276 1090 313 omnium
1122 275 1275 312 animos
1312 274 1569 324 oculosque4

85 349 127 386 id
157 352 356 387 certamen
388 349 608 395 avertisset,
640 350 757 398 porta
788 347 998 385 maritimae
1030 347 1132 385 arcis
1164 346 1305 383 Plator
1321 346 1522 383 Romanos

85 421 252 471 accepit,
282 423 563 470 momentoque
594 433 665 457 arx
698 422 892 469 occupata
924 423 993 457 est.
1055 417 1259 468 Oppidani
1289 417 1396 467 pulsi
1429 417 1523 455 inde

85 493 127 531 in
167 492 339 531 mediam
377 493 516 530 urbem
549 491 599 530 ad
632 492 800 530 alteram
831 490 998 528 tendere
1030 504 1172 529 arcem.
1233 489 1286 526 Et
1318 489 1375 527 ibi
1406 488 1569 539 positi5

85 567 210 612 erant,
247 565 317 615 qui
348 565 454 602 fores
486 568 611 614 portae
643 563 872 601 obiicerent.
932 563 998 601 Ita
1029 562 1184 600 exclusi
1214 562 1256 599 in
1287 561 1417 599 medio
1450 574 1522 598 cae-

85 637 234 674 duntur
279 636 587 687 capiunturque.
657 634 924 674 Macedonum
971 635 1205 684 praesidium
1246 633 1569 681 conglobatumss

85 707 158 746 sub
191 707 295 745 arcis
326 721 438 746 muro
470 708 593 755 stetit,
624 720 696 744 nec
726 707 823 756 fuga
855 706 974 744 effuse
1004 706 1132 756 petita
1163 719 1234 743 nec
1260 705 1524 755 pertinaciter

86 779 228 830 proelio
276 779 390 819 inito.
450 780 531 818 Eos
564 779 717 827 Plator,
758 778 875 816 venia
907 779 956 815 ab
989 777 1171 827 Sulpicio
1213 777 1526 827 impetrata,‚in
1546 777 1567 811 7

84 864 204 890 naves
247 852 460 901 impositos
502 851 552 890 ad
590 851 847 888 Demetrium
894 850 1144 887 Phthiotidis
1186 849 1392 898 exposuit;
1438 849 1522 898 ipse

86 923 136 962 ad
166 923 353 962 Attalum
384 936 425 962 se
455 923 619 973 recepit.

199 994 417 1046 Sulpicius,
446 999 530 1033 tam
561 994 673 1033 facili
705 994 756 1033 ad
788 993 937 1032 Oreum
969 1006 1152 1032 successu
1185 993 1323 1039 elatus,
1371 992 1526 1029 Chalci·
1545 993 1569 1028 8

84 1066 173 1105 dem
205 1067 301 1105 inde
331 1068 515 1117 protinus
545 1067 705 1106 victrici
738 1067 861 1104 classe
892 1066 1011 1115 petit;
1042 1066 1112 1103 ubi
1135 1065 1445 1115 haudquaquam
1472 1064 1523 1101 ad

84 1152 194 1189 spem
240 1142 404 1177 eventus
449 1139 669 1190 respondit.
738 1138 800 1175 Ex
839 1138 995 1188 patenti
1035 1138 1223 1187 utrinque
1265 1139 1445 1174 coactum
1486 1136 1568 1173 1119

84 1213 290 1261 angustias
329 1226 436 1250 mare
466 1212 638 1262 speciem
667 1211 840 1248 intuenti
870 1210 1001 1260 primo
1032 1209 1181 1258 gemini
1211 1211 1351 1258 portus
1383 1208 1423 1245 in
1455 1221 1525 1245 ora

84 1283 162 1322 duo
185 1285 293 1322 versi
319 1284 557 1334 praebuerit;
583 1284 653 1321 sed
677 1282 785 1320 haud
810 1282 927 1319 facile
952 1281 1032 1319 alia
1057 1281 1239 1318 infestior
1264 1280 1380 1318 classi
1403 1280 1523 1317 statio

85 1359 154 1393 est.
215 1356 316 1394 Nam
360 1360 400 1394 et
437 1356 548 1394 venti
586 1356 635 1393 ab
681 1355 893 1404 utriusque
937 1358 1056 1391 terrae
1101 1352 1282 1403 praealtis
1326 1351 1529 1389 montibus
1551 1352 1602 1388 10

84 1427 206 1465 subiti
238 1441 284 1465 ac
315 1428 532 1478 procellosi
562 1439 603 1466 se
636 1427 843 1474 deiiciunt,
877 1430 915 1464 et
944 1427 1087 1463 fretum
1114 1425 1247 1474 ipsum
1274 1423 1419 1473 Euripi
1445 1437 1522 1461 non

83 1500 231 1549 septies
262 1500 339 1548 die,
369 1501 475 1538 sicut
505 1501 610 1537 fama
636 1499 726 1546 fert,
756 1498 1004 1548 temporibus
1036 1498 1153 1534 statis
1176 1497 1410 1546 reciprocat,
1442 1495 1522 1542 sed,

83 1575 231 1609 temere
258 1572 300 1609 in
325 1571 486 1609 modum
511 1572 622 1610 venti
644 1584 749 1609 nunc
775 1571 864 1618 huc,
893 1583 997 1607 nunc
1021 1569 1120 1606 illuc
1137 1582 1252 1607 verso
1270 1568 1384 1615 mari,
1414 1568 1524 1605 velut

83 1647 215 1681 monte
247 1644 447 1694 praecipiti
480 1644 691 1681 devolutus
720 1646 878 1680 torrens
908 1642 1076 1691 rapitur.
1128 1641 1194 1678 Ra
1218 1653 1289 1678 nec
1313 1643 1428 1677 nocte
1451 1652 1523 1676 nec

87 1716 152 1753 die
191 1716 304 1766 quies
343 1715 514 1754 navibus
556 1715 684 1753 datur.
747 1714 877 1761 Quum
918 1714 1080 1751 classem
1121 1716 1202 1750 tam
1234 1713 1378 1750 infesta
1408 1711 1528 1749 statio
1549 1712 1595 1747 ll

85 1788 251 1838 accepit,
296 1791 381 1825 tum
421 1790 461 1824 et
502 1786 694 1837 oppidum
732 1787 814 1824 alia
853 1788 966 1836 parte
998 1785 1173 1823 clausum
1205 1785 1317 1834 mari,
1364 1783 1442 1821 alia
1474 1784 1521 1820 ab

84 1864 194 1897 terra
225 1859 384 1909 egregie
415 1859 612 1896 munitum
643 1858 914 1910 praesidioque
944 1856 1081 1896 valido
1111 1856 1322 1903 firmatum,
1355 1858 1394 1893 et
1424 1868 1523 1905 prae-

87 1932 202 1982 cipue
232 1930 310 1969 fide
334 1931 611 1981 praefectorum
637 1930 954 1981 principumque,
987 1941 1074 1978 quae
1098 1928 1204 1966 fluxa
1230 1932 1269 1966 et
1291 1942 1394 1966 vana
1417 1928 1524 1977 apud

86 2002 233 2041 Oreum
258 2004 401 2051 fuerat,
431 2003 574 2041 stabile
600 2006 720 2053 atque
747 2001 1058 2051 inexpugnabile
1084 2001 1173 2038 fuit.
1218 2000 1268 2037 Id
1295 1999 1525 2050 prudenter,
1547 1998 1597 2034 12

85 2078 131 2112 ut
161 2075 204 2112 in
233 2078 383 2113 temere
413 2078 596 2125 suscepta
627 2087 682 2124 re,
709 2074 914 2112 Romanus
939 2073 1043 2120 fecit,
1075 2073 1194 2122 quod,
1227 2072 1525 2122 circumspectis

87 2146 409 2194 difficultatibus,
452 2160 501 2184 ne
546 2148 695 2184 frustra
734 2149 891 2195 tempus
931 2148 1093 2192 tereret,
1138 2144 1324 2183 celeriter
1363 2143 1526 2181 abstitit

86 2220 247 2269 incepto
287 2219 530 2268 classemque
571 2218 662 2256 inde
700 2218 751 2256 ad
791 2217 944 2266 Cynum
983 2216 1167 2255 Locridis
1207 2215 1445 2267 (emporium
1484 2214 1524 2251 id

87 2295 145 2329 est
175 2291 287 2329 urbis
319 2289 588 2340 Opuntiorum
619 2289 729 2327 mille
760 2302 949 2339 passuum
980 2303 1003 2326 a
1034 2289 1135 2326 mari
1165 2288 1267 2338 sitae)
1298 2287 1467 2325 traiecit.

200 2362 444 2413 Philippum
475 2366 515 2400 et
545 2363 657 2411 ignes
690 2361 740 2400 ab
770 2360 873 2399 Oreo
901 2360 1001 2398 editi
1027 2364 1274 2407 monuerant,
1305 2359 1374 2396 sed
1401 2358 1526 2396 serius
1614 2353 1644 2397 ’7

86 2433 265 2473 Platoris
295 2435 437 2473 fraude
470 2447 518 2472 ex
550 2433 712 2484 specula
743 2433 858 2479 elati;
891 2435 931 2469 et
963 2433 1107 2483 impari
1134 2432 1344 2470 maritimis
1370 2430 1524 2468 viribus

86 2506 194 2543 haud
224 2506 359 2544 facilis
391 2510 477 2544 erat
507 2506 550 2543 in
578 2506 746 2543 insulam
777 2505 892 2543 classi
918 2517 1119 2549 accessus;
1153 2504 1210 2540 ita
1233 2516 1294 2540 res
1318 2516 1390 2552 per
1414 2515 1528 2539 011110-
1548 2502 1570 2537 2

85 2577 278 2615 tationem
311 2579 470 2625 omissa;
507 2577 556 2615 ad
588 2577 792 2615 Chalcidis
825 2576 1036 2626 auxilium,
1070 2575 1140 2612 ubi
1170 2575 1326 2623 signum
1358 2573 1524 2623 accepit,

89 2648 261 2699 impigre
293 2651 352 2687 est
381 2652 523 2688 motus.
584 2649 686 2687 Nam
719 2653 759 2686 et
782 2648 868 2698 ipsa
889 2647 1060 2694 Chalcis,
1093 2659 1320 2696 quanquam
1346 2644 1522 2683 eiusdem
