1768 2943
713 98 864 128 XXXIII

81 217 194 247 Drak.
222 220 254 246 et
280 215 359 246 inde
385 214 466 255 una)
494 214 514 247 9
542 214 740 256 (coegerunt
766 214 839 254 Mg.
868 214 946 244 Em.
969 217 1048 247 366.
1077 208 1106 244 P
1127 215 1317 257 coeperunt)
1349 232 1351 257 J
1382 222 1492 247 tamen

82 279 164 312 tuto,
193 278 227 304 ut
253 271 342 316 (Mg.
370 273 450 304 Em.
477 276 556 307 367.
589 272 688 304 Crev.
709 273 885 303 sublatum
913 274 1037 303 mallet
1061 272 1158 314 tuto.)
1186 274 1344 311 XXXVI,
1372 274 1393 305 5
1420 274 1493 317 (cir-

81 332 262 363 cumiicere
281 337 349 373 pro
376 332 644 364 circuminiicere
670 332 741 362 lac.
764 329 889 373 Periz.)
918 330 959 363 11
988 331 1143 362 trudibus
1171 332 1273 372 igitur
1300 343 1374 363 cuin
1403 332 1491 375 (Mg.

77 391 161 424 coni.
199 391 304 422 dubia
332 392 409 422 Em.
436 394 516 429 367,
556 392 617 421 ubz·
639 390 742 420 etiam
769 390 940 421 trahentes
967 391 1121 421 trudibus
1147 396 1416 430 proposueram.
1460 393 1490 422 P

78 449 371 481 traditisdibicum.
399 451 513 481 Drak.
541 449 696 480 Tardatis
723 447 779 479 diu
807 459 907 489 quum
935 448 1086 491 amolita)
1115 448 1158 482 15
1184 450 1262 490 quia
1289 462 1306 480 e
1332 452 1416 481 coni.
1446 452 1491 481 N.

77 509 192 540 Hellii
215 512 249 538 et
272 512 355 539 ante
382 509 558 540 Schellerz⁴
581 509 616 539 in
643 509 750 538 lexico
776 518 808 538 v.
836 508 914 548 quin
942 507 1105 550 (prorsus
1126 513 1256 548 prava.
1286 510 1367 539 Non
1382 511 1491 540 solum

77 578 147 598 non
172 568 340 598 maiorem
359 568 475 598 Romae
500 578 602 609 quam
630 567 666 598 in
680 567 857 607 Hispania
885 568 1013 597 luctum
1030 568 1151 610 fuisse
1164 568 1290 598 Livius
1316 568 1405 605 dicit,
1434 570 1495 599 sed

77 627 182 657 etiam
209 628 246 657 in
272 628 357 657 urbe
383 627 520 657 animos
544 627 587 656 ab
615 627 708 656 luctu
734 626 899 656 nonnihil
922 627 971 656 ad
995 627 1087 656 alias
1113 637 1214 657 curas
1234 625 1420 662 avocatos.)
1450 627 1492 659 16

76 684 184 727 (quod
209 686 303 716 codd.
331 686 413 726 aliq.
441 695 548 719 recc.;
573 686 792 726 antiquiores
819 689 852 715 et
864 686 979 715 Drak.
995 684 1078 726 quo)
1092 685 1269 723 XXXVII,
1296 685 1316 718 4
1343 684 1385 728 (is
1411 687 1490 716 add.

83 742 215 786 Weiss.)
235 743 276 776 11
297 744 487 775 discurrunt
513 743 556 774 ad
581 748 696 784 portas
723 749 755 774 et
781 744 855 774 sine
881 745 976 775 uncis
995 743 1086 786 (Mg.
1102 746 1179 776 Em.
1208 744 1291 787 368)
1321 745 1363 777 19
1390 744 1492 787 (eree-

78 807 188 834 turum
207 807 277 843 pro
304 807 515 843 recepturum
542 803 583 833 A.
611 801 736 844 Periz.)
763 803 958 841 XXXVIII,
987 803 1002 836 1
1032 803 1080 845 (et
1108 805 1173 834 iam
1202 805 1261 834 lac
1291 804 1402 834 Perc'z.
1425 808 1493 844 pro

81 861 195 904 etiam)
220 860 242 894 4
269 860 363 904 (licet
394 862 501 892 Gron.
535 861 651 899 Codd.,
679 863 794 892 Drak.
822 861 920 903 libet)
948 863 992 895 10
1018 873 1224 894 emersuram
1254 862 1358 904 (Edd.
1386 865 1493 904 (luced,

77 921 175 962 vett.)
201 920 362 958 XXXIX,
390 920 408 953 1
438 920 575 953 valles4
604 919 767 962 (Vereor,
795 932 837 951 ne
851 922 975 952 Livius
1000 922 1182 962 scripserit
1206 922 1238 951 in
1267 921 1446 964 catervas.)
1475 922 1493 954 7

77 979 212 1023 (raptim
240 990 259 1010 a
290 981 397 1010 Gron.
438 980 472 1010 P
499 980 639 1021 raptiua.
677 980 790 1010 Drak.
820 980 956 1022 raptim)
993 981 1066 1018 XL,
1105 980 1126 1013 2
1164 981 1377 1021 licentiaeque
1415 981 1492 1012 hinc

77 1037 173 1081 (Uss.
200 1039 279 1070 Em.
307 1041 385 1072 369.
419 1037 524 1070 Codd.
552 1039 722 1076 meliores,
750 1039 863 1073 Drak.
891 1039 1107 1081 licentiaeque
1133 1040 1221 1071 huic.
1256 1040 1345 1070 Hine
1373 1041 1494 1071 vitiose

77 1098 421 1139 superadditurpost
444 1098 549 1140 inde.)
565 1097 585 1131 5
599 1098 883 1140 (Hippacritanus
906 1099 1022 1130 Weiss.
1043 1099 1347 1140 PHippaeinatus.
1376 1100 1492 1130 Drak.

76 1155 320 1199 Hipponiates)
348 1156 369 1190 6
395 1155 551 1198 (ferendo
565 1158 723 1198 Ruperti,
751 1158 826 1198 M‘g.
842 1158 917 1189 Em.
946 1161 1024 1192 370.
1059 1157 1176 1196 codd„
1203 1158 1318 1189 Drak.
1339 1158 1493 1189 ferendo-

77 1213 158 1258 que)
183 1214 206 1249 8
230 1214 290 1257 (ad
315 1215 351 1246 id
376 1220 508 1257 tempus
539 1214 651 1255 Crev.,
679 1217 754 1258 Mg.
783 1217 860 1248 Em.
889 1221 968 1251 369.
996 1218 1028 1248 P
1056 1222 1090 1247 et
1121 1218 1234 1248 Drak.
1271 1218 1313 1248 ad
1348 1217 1494 1259 tempus)

81 1274 173 1313 XLI,
199 1274 220 1308 2
247 1275 434 1306 instruente
471 1274 616 1318 (Gran.)
656 1275 677 1309 5
715 1274 862 1317 (suomet
901 1276 965 1317 ipsi
999 1277 1117 1307 Weiss.
1157 1287 1174 1306 e
1200 1277 1244 1307 P:
1285 1282 1379 1307 suoet
1421 1277 1489 1317 ipli.

77 1334 192 1365 Drak.
220 1344 280 1365 suo
308 1340 341 1365 et
367 1332 445 1375 ipsi)
473 1333 494 1367 6
521 1332 692 1374 (proelium
718 1336 832 1375 suppl.
866 1334 956 1377 sllg.)
990 1334 1009 1367 7
1041 1334 1114 1377 (sex
1148 1335 1250 1366 millia
1275 1337 1386 1375 suppl.
1415 1336 1490 1376 Mg.

77 1393 155 1424 Em.
183 1395 262 1428 370.
289 1393 324 1424 P
343 1398 576 1434 caesacaptaet.
604 1395 719 1425 Drak.
747 1404 834 1425 eaesa
860 1399 1040 1435 captaque,
1067 1398 1099 1425 et
1126 1401 1204 1425 octo
1231 1393 1285 1435 e.).

584 1862 986 1918 corrigendum.

149 1982 227 2022 Pag.
243 1981 310 2014 214
330 1993 360 2012 v.
382 1981 435 2019 15,
463 1982 520 2012 ubi
547 1982 720 2013 scribitur:
749 1982 797 2012 Et
825 1983 979 2023 spolia,
1007 1983 1108 2013 scribi
1137 1983 1256 2013 debet:
1285 1984 1442 2023 Spolia.
