1768 2943
719 104 835 134 XXXI

73 227 112 256 ob
139 225 174 255 id
199 235 217 254 e
241 224 328 254 coni.
363 222 480 253 Weiss.
506 218 769 263 (probabiliter)
791 217 794 262 Ι
817 225 893 250 exta
920 223 1169 249 reservarentur
1195 216 1282 259 (Mg.
1309 218 1386 248 Em.
1402 220 1480 251 358.

72 284 106 314 P
127 287 202 314 exta
227 278 570 323 resereservarentur)
599 276 602 322 1
631 278 797 321 (allapsos
823 278 936 318 suppl.
973 277 1089 307 Weiss.
1117 276 1207 306 Edd.
1227 270 1315 307 vett.
1350 276 1481 307 venisse

73 338 221 382 tradunt)
247 339 269 373 5
293 340 359 371 iam
384 340 491 371 altero
515 349 604 369 anno
631 348 647 368 e
673 337 757 367 coni.
779 334 997 377 Weiss.(lac,
1021 337 1127 366 Gron.
1147 335 1260 372 Codd.,
1287 336 1391 365 Drak
1416 335 1481 365 iam

74 397 176 440 anno)
204 398 222 432 7
249 399 283 429 in
306 399 419 429 locum
443 401 649 438 angustum3
676 406 712 426 eo
739 405 812 424 cum
839 394 955 434 paucis
981 405 998 424 e
1023 395 1109 424 coni.
1138 393 1227 435 (zllg.
1254 394 1331 423 Em.
1357 396 1426 427 358
1452 397 1485 423 et

73 461 154 488 ante
185 456 350 488 Clericus.
377 458 409 488 P
432 457 465 487 in
492 457 602 487 locum
629 454 758 496 paucis,
785 454 898 484 Drak.
928 453 960 482 in
978 453 1090 482 locum
1116 450 1223 494 pacis)
1249 451 1270 484 8
1295 451 1386 493 (Mg.
1403 453 1481 483 Em.

73 519 151 550 359.
178 517 210 547 P
233 516 579 556 adducturumamago
611 514 658 545 ibi
690 513 823 554 pedites
850 511 1048 552 equitesque
1074 516 1254 541 armareset
1280 521 1400 552 capere
1427 520 1482 541 eas

73 575 213 606 latebrae
238 575 294 605 ubi
327 576 496 616 ingentem
531 583 705 604 numerum
737 572 917 602 occuleret.
969 570 1082 600 Drak.
1110 569 1325 600 adducturus.
1365 570 1483 609 Mago-

74 643 149 664 nem
176 633 196 664 i.
223 643 255 674 p.
283 643 312 664 e.
338 643 479 670 armare,
506 639 539 664 et
565 642 686 673 capere
713 641 768 662 eas
795 630 952 667 latebras,
980 629 1038 659 ubi
1064 629 1085 659 i.
1107 640 1138 659 n.
1170 629 1354 666 occuleret,
1381 628 1483 658 iubet.

76 693 134 723 Ad
160 692 324 735 sormam
362 691 533 722 orationis
571 691 638 733 cfr.
679 690 802 727 XXII,
843 691 896 726 55,
936 689 956 720 4
997 690 1030 717 et
1065 687 1263 725 XXXVII,
1295 689 1327 725 8,
1354 685 1401 728 2.)
1440 685 1484 718 13

74 751 116 781 ab
144 760 218 782 sese
244 750 336 781 dieta
362 749 450 793 (Mg.
478 750 556 780 Em.
577 752 656 782 360.
683 749 715 779 P
738 747 979 779 absesindicta.
1006 746 1120 777 Drak.
1147 747 1189 776 ab
1217 756 1263 784 se,
1295 745 1351 783 ait,
1379 743 1484 786 dicta)

77 807 80 853 Ι
110 809 261 840 dextram
287 813 320 840 et
338 809 373 839 id
399 819 432 849 p.
459 809 480 839 f.
508 832 514 838 .
543 831 550 838 .
579 832 586 839 .
613 809 701 839 ferre
727 805 816 848 (Mg.
832 805 908 835 Em.
931 805 997 836 ibd.
1029 805 1143 842 Codd.,
1170 805 1284 835 Drak.
1312 804 1482 834 dextram:

75 868 109 898 id
136 868 238 910 ferre)
279 867 323 900 14
362 867 412 909 (se
439 867 587 898 concilio
613 867 652 897 iis
679 866 710 896 d.
739 865 845 895 Koch.
879 865 912 894 P
939 874 974 895 se
1007 864 1160 894 conciliis
1186 863 1253 893 dix.
1293 864 1408 893 Drak.
1448 872 1484 892 se

76 926 222 957 consciis
254 926 284 956 d.
320 926 441 957 Ellam
467 927 647 957 concilium
681 925 847 955 occultum
873 934 945 954 esse
964 921 1132 963 poterat.)
1174 921 1219 955 15
1255 922 1486 963 praecipitatur

76 983 165 1027 (Mg.
193 985 271 1016 Em.
301 988 377 1018 170.
393 986 500 1025 Apud
526 986 615 1016 Sall.
640 985 718 1024 lug.
735 986 780 1017 58
806 986 839 1014 et
862 983 959 1023 apud
989 982 1088 1012 Ovid.
1116 982 1200 1012 Met.
1227 981 1295 1019 IV,
1322 984 1377 1019 92,
1403 991 1487 1022 qnos

39 1035 44 1040 ’
76 1045 164 1074 locos
189 1044 385 1075 llIuellerus
411 1045 506 1082 citat,
545 1046 688 1074 verbum
716 1042 863 1083 proprie
895 1041 1023 1072 dicitur
1048 1042 1089 1070 de
1114 1039 1314 1070 cadentibus
1339 1040 1374 1069 in
1395 1044 1485 1079 proe-

76 1101 176 1144 ceps.)
201 1102 245 1135 22
272 1107 304 1133 et
329 1103 403 1133 sine
429 1106 510 1133 nota
542 1101 630 1145 (Allg.
666 1101 743 1132 Em.
777 1100 860 1143 361)
893 1100 939 1133 25
971 1100 1044 1130 haec
1071 1100 1098 1130 si
1129 1109 1210 1130 vera
1242 1100 1330 1129 fama
1361 1103 1411 1129 est
1443 1097 1485 1141 (si

77 1163 292 1192 addiderunt
305 1163 379 1203 Mg.
402 1162 481 1192 Em.
497 1164 566 1195 360
592 1165 625 1192 et
640 1160 750 1192 Cobet.
778 1161 811 1190 P
831 1161 907 1190 Hoc
934 1169 1047 1200 quaera
1072 1159 1162 1189 fama
1187 1164 1247 1196 est,
1273 1162 1383 1197 supra
1411 1167 1485 1198 quae

77 1221 202 1261 scripto
230 1221 249 1251 f.
278 1222 391 1252 Drak.
419 1221 504 1251 Haec
530 1231 610 1252 vera
635 1220 722 1251 fama
747 1218 812 1260 est)
839 1219 949 1257 XVII,
976 1217 995 1250 1
1032 1216 1253 1259 (contendant
1277 1222 1345 1257 pro
1377 1221 1486 1247 osteu-

77 1279 158 1310 (lant
184 1279 377 1322 Rubenius)
404 1280 531 1318 XVIII,
559 1279 581 1312 5
605 1278 649 1321 (is
675 1284 744 1310 tum
770 1278 897 1309 Badius
927 1277 1024 1308 Crev.
1062 1277 1094 1306 P
1121 1276 1343 1314 stumbadius,
1371 1276 1486 1306 Drak.

78 1349 142 1369 om.
170 1337 213 1380 is)
252 1337 271 1371 7
309 1337 505 1381 (occurrerit
537 1339 652 1369 Alsclz.
685 1338 718 1368 P
753 1336 911 1374 occurrit,
947 1337 1061 1366 Drak.
1089 1333 1261 1376 occurrat)
1299 1334 1391 1372 XIX,
1420 1334 1441 1366 6
1467 1344 1487 1364 a

79 1397 196 1438 Capua
222 1396 281 1440 (P)
307 1397 351 1430 12
378 1398 489 1440 (Vz'd.‚
517 1409 559 1428 ne
584 1399 736 1428 alterum
772 1395 894 1427 stolide
921 1398 1123 1434 corruptum
1149 1393 1220 1435 sit.)
1246 1392 1290 1426 13
1316 1391 1371 1435 (ex
1398 1393 1488 1434 agris

79 1456 153 1496 Mg.
193 1456 270 1487 Em.
310 1459 388 1490 361.
432 1457 545 1494 Codd.,
584 1457 698 1487 Drak.
734 1456 767 1485 in
802 1453 907 1495 agris)
939 1453 982 1486 14
1009 1452 1074 1495 (res
1104 1458 1174 1484 erat
1201 1453 1275 1493 Mg.
1304 1453 1381 1483 Em.
1408 1455 1488 1485 362.

84 1513 200 1553 Codd.,
228 1515 341 1546 Drak.
369 1525 422 1546 res
449 1514 515 1557 est)
542 1514 586 1548 15
612 1515 695 1545 duas
721 1514 820 1544 haud
843 1513 987 1554 amplius
1015 1523 1031 1542 e
1057 1513 1141 1542 coni.
1175 1512 1367 1554 (perverse.
1410 1511 1491 1542 Etsi

79 1574 196 1603 omnia
223 1574 376 1614 imparia
406 1578 520 1612 erant,
547 1578 664 1605 tamen
678 1574 818 1613 longius
831 1582 936 1613 quam
951 1573 1147 1612 exspectari
1155 1574 1299 1610 poterat
1315 1574 1489 1602 certamen

71 1630 178 1674 fuit.)
208 1629 211 1674 ᾗ
241 1637 428 1671 constante,
455 1633 486 1663 d.
510 1633 542 1663 d.
564 1643 602 1670 s.,
617 1634 772 1663 Romana
797 1631 868 1662 acie
895 1641 912 1661 e
937 1631 1024 1661 coni.
1046 1629 1196 1672 W‘oelffl.
1224 1627 1312 1671 (Mg.
1327 1630 1404 1660 Em.
1421 1629 1488 1659 ibd.

80 1691 273 1721 coniectura
299 1691 443 1722 incerta.
471 1692 503 1722 P
526 1692 634 1722 donec
662 1690 894 1721 duxstetitsset
921 1688 1211 1719 romanamaciem.
1239 1689 1354 1718 Drak.
1381 1688 1489 1718 conci-

80 1753 150 1780 tata
175 1755 219 1787 et,
247 1749 354 1781 donec
381 1749 449 1780 dux
475 1750 634 1788 stetisset,
649 1751 804 1780 Romana
829 1746 915 1790 acie)
931 1748 1006 1786 XX,
1032 1747 1053 1780 2
1069 1746 1311 1778 communitum
1331 1746 1367 1777 in
1386 1757 1490 1787 eoque

81 1811 115 1838 et
138 1807 293 1839 Puteolis
318 1826 360 1831 —
389 1809 427 1839 id
450 1809 613 1849 oppidum
641 1813 718 1839 ante
743 1808 780 1838 F.
801 1808 847 1838 M.
876 1807 1041 1838 munierat
1056 1824 1097 1828 —
1112 1816 1162 1847 pr.
1189 1806 1268 1846 imp.
1295 1804 1490 1847 (Lacunam

81 1876 103 1896 a
121 1866 216 1898 Crev.
243 1867 527 1898 animadversam
554 1868 662 1898 aliter
686 1866 910 1907 explevimus.
952 1865 1107 1896 Puteolis
1131 1866 1206 1896 sine
1231 1866 1334 1895 dubio
1348 1864 1489 1901 Fabius,

81 1935 184 1967 quum
210 1926 370 1967 munivit,
397 1927 502 1956 etiam
522 1926 729 1966 praesidium
761 1926 986 1966 imposuerat.
1029 1924 1142 1962 Codd.,
1177 1924 1290 1957 Drak.
1318 1923 1490 1954 castellum

83 1983 339 2016 communitum:
378 1983 472 2026 (ante
510 1985 547 2015 F.
580 1985 628 2016 M.
655 1983 836 2026 munierat)
862 1983 1058 2024 praesidium
1084 1981 1294 2023 impositum)
1320 1981 1341 2015 5
1366 1981 1491 2024 (neque

83 2041 115 2072 in
142 2047 235 2074 tanto
261 2044 337 2077 edd.
363 2047 456 2082 vett„
482 2044 560 2075 Em.
577 2046 647 2077 362
666 2054 699 2074 n.
731 2043 851 2080 Codd.,
878 2042 991 2072 Drak.
1020 2051 1128 2082 neque
1155 2046 1190 2071 ut
1216 2039 1324 2081 tanto)
1350 2040 1443 2079 XXI,
1471 2039 1489 2072 1

83 2099 244 2143 (facturos
265 2106 333 2142 pro
359 2107 493 2133 acturos
513 2101 648 2144 Weiss.)
675 2102 694 2135 7
720 2101 893 2143 (fecissent
918 2101 1046 2137 hostes,
1072 2104 1292 2140 perrupturos
1307 2100 1381 2130 edd.
1396 2102 1490 2137 vett„

83 2159 161 2190 Em.
188 2162 267 2194 362.
298 2160 412 2200 Codd.,
445 2162 559 2192 Drak.
594 2161 731 2193 fecisset
757 2160 875 2198 hostis,
902 2157 1143 2201 perrupturos)
1177 2158 1221 2192 lO
1253 2156 1300 2199 (P
1328 2158 1426 2198 pulsa
1458 2158 1491 2187 in

83 2222 196 2259 ἵει-ξος
223 2229 313 2250 corr.
337 2220 453 2251 Weiss.
469 2221 584 2254 Drak,
610 2220 717 2261 pulsa,
745 2230 764 2249 a
790 2217 902 2260 tergo)
928 2218 1039 2255 XXII,
1064 2217 1086 2250 4
1113 2217 1209 2248 fieret
1235 2216 1323 2257 iique
1351 2215 1492 2257 (Forclz-

84 2277 244 2308 hammer
273 2278 351 2308 Em.
379 2281 447 2312 363
473 2290 490 2309 e
516 2280 561 2310 P:
600 2277 771 2319 fiertique)
806 2277 827 2310 6
865 2275 912 2318 (P
940 2276 1091 2307 Calisino
1117 2275 1229 2306 omnia
1255 2275 1333 2305 inde
1359 2279 1492 2315 portan-

85 2340 167 2373 tem;
205 2347 292 2367 corr.
338 2337 454 2368 Weiss.
494 2338 608 2368 Drak.
647 2337 786 2368 Casilini
813 2336 926 2366 omnia
951 2335 1031 2366 inde
1056 2333 1160 2377 port.)
1199 2333 1220 2367 8
1257 2332 1399 2374 (erecta,
1425 2338 1492 2362 tres

85 2394 249 2425 exercitus
281 2394 398 2427 Weiss.
432 2394 549 2434 Codd.,
584 2396 698 2426 Drak.
726 2399 849 2432 erecta,
876 2398 943 2425 tres
969 2399 1002 2425 et
1027 2393 1096 2434 ex.)
1130 2392 1166 2425 11
1206 2391 1336 2434 (secum
1368 2391 1493 2421 ferrent

85 2452 160 2493 Mg.
188 2452 267 2483 Em.
294 2455 374 2486 363.
401 2454 433 2484 P
455 2453 715 2485 secfiinferrent.
742 2454 857 2484 Drak.
885 2462 998 2484 secum
1024 2451 1107 2493 auf.)
1132 2450 1261 2487 XXIII,
1287 2448 1309 2482 3
1334 2448 1385 2490 (P
1405 2449 1492 2479 fame

86 2520 260 2552 umquam3
299 2522 388 2542 corr.
432 2513 539 2543 Gron.
579 2512 692 2542 Drak.
720 2512 819 2549 fame,
845 2509 959 2553 quam)
992 2510 1013 2543 5
1038 2510 1225 2550 oculosque
1258 2510 1493 2538 converterant

86 2566 169 2611 (Gu.
185 2569 322 2612 Bauer)
349 2569 370 2603 6
394 2568 509 2613 (iidem
523 2571 598 2611 stig.
625 2570 742 2608 Codd.,
769 2570 884 2601 Drak.
910 2567 1014 2611 idem)
1041 2568 1061 2601 7
1087 2566 1218 2609 (omnes
1244 2576 1319 2596 cum
1346 2565 1494 2596 cruciatu

87 2627 170 2659 Lov.
197 2631 230 2666 2,
261 2629 368 2660 Gron.
408 2629 440 2659 P
464 2632 547 2659 teste
582 2629 743 2660 Kuelzm'o
777 2638 852 2659 cum
879 2626 1032 2669 cruciati)
1070 2626 1090 2659 9
1128 2625 1265 2666 (quibus
1299 2629 1367 2664 pro
1399 2623 1494 2654 cuius
