1768 2943
539 97 642 128 Liber
668 97 777 128 xxn.
828 96 883 137 (A.
912 97 974 128 Ch.
1001 95 1095 139 216.)
1434 98 1515 139 105

104 230 413 276 suaderentque,
447 234 501 272 ut,
536 234 648 264 tanto
672 227 905 276 perfunctus
929 228 1048 272 bello,
1075 228 1156 263 diei
1181 229 1293 275 quod
1321 228 1514 276 reliquum

102 305 209 337 esset
226 299 437 346 noctisque
454 298 702 345 insequentis
721 298 896 346 quietem
914 302 954 334 et
969 297 1056 345 ipse
1073 297 1146 333 sibi
1160 304 1334 334 sumeret
1346 304 1386 334 et
1400 299 1515 335 fessis

102 371 217 406 daret
230 369 430 411 militibus,
445 368 655 404 Maharbal
669 368 881 416 praefectus
891 368 1081 415 equitum,
1097 368 1260 403 minime
1271 370 1515 405 cessandum
1530 367 1557 407 2

101 446 221 484 ratus,
251 439 403 475 «Immo
428 444 482 482 ut,
509 439 606 486 quid
629 438 704 475 hac
729 451 866 487 pugna
884 438 933 474 sit
949 442 1096 482 actum,
1116 438 1232 482 scias,
1257 438 1324 474 die
1343 439 1509 486 quinto»

100 510 227 558 inquit
256 510 406 546 «victor
428 509 470 545 in
496 508 699 557 Capitolio
724 509 965 557 epulaberis.
1021 509 1216 556 Sequere;
1251 520 1342 545 curn
1366 510 1514 556 equite,

101 586 143 617 ut
173 580 281 629 prius
313 580 470 616 venisse
503 591 623 627 quam
657 584 864 616 venturum
890 579 1032 624 sciant,
1067 580 1337 627 praecedam.»
1403 577 1557 617 Han-3

102 651 223 687 nibali
250 650 367 687 nimis
394 650 485 686 laeta
511 662 573 686 res
601 654 662 686 est
689 650 773 686 visa
800 650 1021 697 maiorque,
1052 662 1172 697 quam
1198 654 1240 685 ut
1264 662 1353 685 eam
1383 649 1515 685 statim

101 733 246 769 capere
278 721 414 756 animo
447 726 600 768 posset.
662 720 802 768 Itaque
826 720 1074 756 voluntatem
1099 732 1141 756 se
1165 720 1332 756 laudare
1354 719 1516 755 Mahar-

100 791 200 827 balis
224 791 295 835 ait;
325 791 379 827 ad
404 791 614 827 consilium
639 790 895 839 pensandum
920 790 1112 838 temporis
1137 802 1239 838 opus
1259 802 1361 826 esse.
1411 788 1558 828 Tum4

99 860 329 898 Maharbal:
369 860 486 898 «Non
511 861 648 898 omnia
672 861 856 897 nimirum
882 860 1016 896 eidem
1042 860 1083 896 di
1109 861 1276 897 dedere.
1342 861 1515 897 Vincere

100 929 190 974 scis,
234 929 458 975 Hannibal;
498 932 664 968 victoria
696 931 751 968 uti
784 932 955 968 nescis.»
1036 930 1154 966 Mora
1187 931 1272 967 eius
1306 931 1386 967 diei
1419 931 1515 967 satis

100 1000 274 1036 creditur
306 1001 422 1037 saluti
454 1001 578 1038 fuisse
610 1002 696 1038 urbi
729 1008 849 1050 atque
880 1001 1064 1050 imperio.

217 1071 385 1108 Postero
405 1072 483 1114 die,
500 1072 566 1108 ubi
584 1072 753 1120 primurn
771 1072 906 1116 illuxit,
927 1073 981 1108 ad
1000 1072 1130 1120 spolia
1148 1072 1324 1120 legenda
1343 1071 1514 1107 foedam·
1530 1069 1557 1109 5

100 1153 177 1189 que
202 1141 321 1177 etiam
346 1142 528 1178 hostibus
553 1144 820 1190 spectandam
845 1148 1018 1191 stragem
1037 1147 1198 1179 exeunt.
1246 1142 1439 1178 Iacebant
1457 1146 1516 1177 tot
1531 1140 1556 1180 6

100 1212 376 1248 Romanorum
394 1212 527 1256 millia,
553 1213 712 1261 pedites
730 1213 880 1261 passim
898 1214 1148 1261 equitesque,
1175 1217 1216 1249 ut
1234 1225 1354 1261 quem
1372 1212 1515 1260 cuique

100 1282 182 1319 fors
220 1288 289 1319 aut
325 1295 462 1331 pugna
503 1283 687 1320 iunxerat
718 1288 787 1319 aut
819 1283 934 1332 fuga;
976 1288 1234 1332 assurgentes
1268 1282 1433 1330 quidam
1467 1294 1515 1318 ex

101 1358 234 1401 strage
266 1353 401 1390 media
433 1354 599 1398 cruenti,
633 1365 736 1402 quos
769 1354 904 1390 stricta
925 1354 1123 1390 matutino
1147 1354 1295 1401 frigore
1318 1353 1515 1389 excitave-

100 1428 189 1460 rant
220 1424 396 1468 vulnera,
430 1425 480 1460 ab
513 1424 631 1460 hoste
664 1424 847 1472 oppressi
880 1429 989 1468 sunt;
1030 1425 1233 1472 quosdam
1266 1429 1305 1460 et
1336 1422 1555 1461 iacentes7

101 1494 210 1530 vivos
243 1494 407 1531 succisis
439 1494 653 1531 feminibus
686 1495 986 1543 poplitibusque
1018 1495 1269 1538 invenerunt,
1314 1495 1517 1530 nudantes

101 1563 297 1600 cervicem
319 1565 578 1613 iugulumque
602 1570 642 1602 et
664 1566 859 1614 reliquum
877 1565 1117 1614 sanguinem
1134 1566 1320 1601 iubentes
1339 1564 1515 1607 haurire;

101 1634 251 1671 inventi
274 1635 440 1683 quidam
464 1640 557 1672 sunt
578 1636 719 1673 mersis
741 1636 782 1672 in
801 1635 992 1672 effossam
1010 1642 1155 1672 terram
1174 1636 1385 1683 capitibus,
1413 1646 1515 1682 quos
1532 1632 1557 1673 S

102 1704 175 1741 sibi
206 1705 318 1753 ipsos
351 1705 496 1742 fecisse
528 1705 668 1742 foveas
701 1707 999 1754 obruentesque
1032 1718 1104 1742 ora
1137 1705 1362 1754 superiecta
1394 1705 1517 1740 humo

101 1775 370 1812 interclusisse
403 1776 583 1824 spiritum
616 1777 852 1825 apparebat.
915 1776 1120 1824 Praecipue
1154 1776 1351 1813 convertit
1374 1773 1559 1813 omnes9

102 1846 324 1883 substratus
341 1844 518 1882 Numida
535 1851 695 1884 mortuo
714 1847 1043 1896 superincubanti
1061 1847 1250 1882 Romano
1269 1846 1391 1889 vivus,
1416 1857 1518 1881 naso

102 1916 344 1965 auribusque
382 1917 580 1962 laceratis,
625 1929 760 1966 quum,
806 1918 992 1954 manibus
1033 1918 1087 1953 ad
1120 1917 1365 1965 capiendum
1397 1917 1519 1952 telum

102 1986 318 2031 inutilibus,
361 1987 402 2024 in
444 1987 596 2024 rabiem
637 1987 695 2024 ira
739 2000 866 2033 versa,
910 1988 1105 2024 laniando
1139 1988 1328 2024 dentibus
1361 1987 1519 2023 hostem

103 2058 358 2105 exspirasset.

221 2127 367 2175 Spoliis
389 2128 443 2163 ad
468 2129 634 2164 multum
657 2128 737 2165 diei
763 2129 889 2173 lectis,
916 2129 1121 2165 Hannibal
1149 2129 1203 2164 ad
1226 2128 1384 2164 minora
1408 2128 1518 2164 ducit
1582 2123 1645 2166 52

104 2203 235 2234 castra
267 2199 560 2246 oppugnanda,
595 2203 634 2234 et
667 2199 846 2235 omnium
874 2200 1043 2248 primum
1068 2199 1234 2235 brachio
1260 2199 1423 2235 obiecto
1449 2199 1519 2234 flu-

104 2268 212 2304 mine
255 2280 328 2306 eos
372 2269 567 2313 excludit;
617 2274 794 2306 ceterum
835 2271 885 2306 ab
930 2270 1117 2306 omnibus
1161 2269 1314 2314 labore,
1363 2268 1516 2317 vigiliis,
1535 2266 1560 2306 ‘2

104 2338 331 2375 vulneribus
358 2339 479 2375 etiam
510 2338 625 2376 fessis
652 2341 843 2376 maturior
870 2340 994 2389 ipsius
1024 2352 1096 2388 spe
1125 2339 1282 2375 deditio
1311 2343 1372 2375 est
1399 2338 1518 2374 facta.

104 2408 228 2452 Paeti,
271 2414 314 2445 ut
353 2421 463 2445 arma
503 2415 623 2457 atque
663 2423 791 2459 equos
831 2411 1049 2452 traderent,
1093 2410 1133 2446 in
1167 2410 1300 2458 capita
1333 2409 1520 2445 Romana

105 2479 276 2516 trecenis
299 2479 471 2516 nummis
495 2480 758 2529 quadrigatis,
781 2481 823 2517 in
848 2481 982 2517 socios
1001 2480 1183 2524 ducenis,
1213 2480 1253 2515 in
1273 2490 1408 2515 servos
1427 2490 1520 2515 cen-

105 2549 220 2591 tenis,
265 2555 304 2586 et
335 2556 378 2587 ut
409 2562 459 2587 eo
492 2551 621 2599 pretio
654 2552 861 2599 persoluto
895 2563 985 2588 cum
1019 2550 1183 2599 singulis
1216 2549 1373 2585 abirent
1404 2547 1561 2587 vesti-3

106 2620 262 2664 mentis,
295 2620 337 2659 in
369 2626 499 2657 castra
533 2621 670 2658 hostes
694 2627 950 2670 acceperunt,
984 2621 1199 2667 traditique
1223 2620 1264 2656 in
1293 2619 1520 2655 custodiam
