<?xml version="1.0" encoding="UTF-8"?>
<!DOCTYPE html PUBLIC "-//W3C//DTD XHTML 1.0 Transitional//EN"
    "http://www.w3.org/TR/xhtml1/DTD/xhtml1-transitional.dtd">
<html xmlns="http://www.w3.org/1999/xhtml" xml:lang="en" lang="en">
 <head>
  <title>
</title>
<meta http-equiv="Content-Type" content="text/html;charset=utf-8" />
  <meta name='ocr-system' content='tesseract 3.04.00' />
  <meta name='ocr-capabilities' content='ocr_page ocr_carea ocr_par ocr_line ocrx_word'/>
</head>
<body>
  <div class='ocr_page' id='page_1' title='image "./historiarumroman02livyuoft_0520.png"; bbox 0 0 1789 2955; ppageno 0'>
   <div class='ocr_carea' id='block_1_1' title="bbox 276 22 1310 128">
    <p class='ocr_par' dir='ltr' id='par_1_1' title="bbox 276 22 1310 128">
     <span class='ocr_line' id='line_1_1' title="bbox 276 22 1310 128; baseline -0.002 -9"><span class='ocrx_word' id='word_1_1' title='bbox 276 22 354 120; x_wconf 36' lang='lat'>1³90</span> <span class='ocrx_word' id='word_1_2' title='bbox 671 81 783 115; x_wconf 89' lang='lat' dir='ltr'>Liber</span> <span class='ocrx_word' id='word_1_3' title='bbox 808 80 955 116; x_wconf 89' lang='lat' dir='ltr'>XXIX.</span> <span class='ocrx_word' id='word_1_4' title='bbox 1017 81 1076 123; x_wconf 91' lang='lat' dir='ltr'>(A.</span> <span class='ocrx_word' id='word_1_5' title='bbox 1102 93 1136 116; x_wconf 90' lang='lat' dir='ltr'>u.</span> <span class='ocrx_word' id='word_1_6' title='bbox 1162 93 1191 116; x_wconf 86' lang='lat' dir='ltr'>c.</span> <span class='ocrx_word' id='word_1_7' title='bbox 1217 83 1310 128; x_wconf 86' lang='lat'>549.)</span> 
     </span>
    </p>
   </div>
   <div class='ocr_carea' id='block_1_2' title="bbox 197 205 1701 2639">
    <p class='ocr_par' dir='ltr' id='par_1_2' title="bbox 232 205 1701 473">
     <span class='ocr_line' id='line_1_2' title="bbox 232 205 1697 261; baseline 0.006 -19"><span class='ocrx_word' id='word_1_8' title='bbox 232 208 254 242; x_wconf 73' lang='lat'>:53</span> <span class='ocrx_word' id='word_1_9' title='bbox 271 206 374 243; x_wconf 85' lang='lat' dir='ltr'>forte</span> <span class='ocrx_word' id='word_1_10' title='bbox 404 205 546 256; x_wconf 83' lang='lat' dir='ltr'>Sergio</span> <span class='ocrx_word' id='word_1_11' title='bbox 578 212 616 245; x_wconf 86' lang='lat' dir='ltr'>et</span> <span class='ocrx_word' id='word_1_12' title='bbox 640 208 818 246; x_wconf 76' lang='lat' dir='ltr'>Matieno</span> <span class='ocrx_word' id='word_1_13' title='bbox 841 209 1016 247; x_wconf 86' lang='lat' dir='ltr'>tribunis</span> <span class='ocrx_word' id='word_1_14' title='bbox 1040 209 1211 246; x_wconf 90' lang='lat' dir='ltr'>militum</span> <span class='ocrx_word' id='word_1_15' title='bbox 1235 210 1331 257; x_wconf 87' lang='lat' dir='ltr'>fuit;</span> <span class='ocrx_word' id='word_1_16' title='bbox 1363 211 1427 248; x_wconf 88' lang='lat' dir='ltr'>cui</span> <span class='ocrx_word' id='word_1_17' title='bbox 1446 225 1565 261; x_wconf 90' lang='lat' dir='ltr'>quum</span> <span class='ocrx_word' id='word_1_18' title='bbox 1592 212 1697 251; x_wconf 89' lang='lat' dir='ltr'>iussu</span> 
     </span>
     <span class='ocr_line' id='line_1_3' title="bbox 269 278 1700 331; baseline 0.006 -17"><span class='ocrx_word' id='word_1_19' title='bbox 269 278 522 316; x_wconf 89' lang='lat' dir='ltr'>tribunorum</span> <span class='ocrx_word' id='word_1_20' title='bbox 555 279 779 329; x_wconf 88' lang='lat' dir='ltr'>ademptum</span> <span class='ocrx_word' id='word_1_21' title='bbox 803 281 988 330; x_wconf 90' lang='lat' dir='ltr'>poculum</span> <span class='ocrx_word' id='word_1_22' title='bbox 1014 285 1126 328; x_wconf 85' lang='lat' dir='ltr'>esset,</span> <span class='ocrx_word' id='word_1_23' title='bbox 1157 282 1331 330; x_wconf 82' lang='lat' dir='ltr'>iurgium</span> <span class='ocrx_word' id='word_1_24' title='bbox 1357 283 1448 320; x_wconf 88' lang='lat' dir='ltr'>inde</span> <span class='ocrx_word' id='word_1_25' title='bbox 1480 287 1519 320; x_wconf 92' lang='lat' dir='ltr'>et</span> <span class='ocrx_word' id='word_1_26' title='bbox 1541 284 1700 331; x_wconf 88' lang='lat' dir='ltr'>clamor,</span> 
     </span>
     <span class='ocr_line' id='line_1_4' title="bbox 269 353 1701 405; baseline 0.006 -19"><span class='ocrx_word' id='word_1_27' title='bbox 269 363 405 399; x_wconf 85' lang='lat' dir='ltr'>pugna</span> <span class='ocrx_word' id='word_1_28' title='bbox 435 354 636 400; x_wconf 89' lang='lat' dir='ltr'>postremo</span> <span class='ocrx_word' id='word_1_29' title='bbox 664 355 750 388; x_wconf 89' lang='lat' dir='ltr'>orta</span> <span class='ocrx_word' id='word_1_30' title='bbox 767 353 870 390; x_wconf 88' lang='lat' dir='ltr'>inter</span> <span class='ocrx_word' id='word_1_31' title='bbox 894 353 1087 390; x_wconf 88' lang='lat' dir='ltr'>Pleminii</span> <span class='ocrx_word' id='word_1_32' title='bbox 1111 354 1259 391; x_wconf 88' lang='lat' dir='ltr'>milites</span> <span class='ocrx_word' id='word_1_33' title='bbox 1281 355 1628 405; x_wconf 89' lang='lat' dir='ltr'>tribunorumque,</span> <span class='ocrx_word' id='word_1_34' title='bbox 1658 361 1701 394; x_wconf 91' lang='lat' dir='ltr'>ut</span> 
     </span>
     <span class='ocr_line' id='line_1_5' title="bbox 269 421 1699 473; baseline 0.005 -15"><span class='ocrx_word' id='word_1_35' title='bbox 269 421 350 458; x_wconf 89' lang='lat' dir='ltr'>suis</span> <span class='ocrx_word' id='word_1_36' title='bbox 397 423 563 472; x_wconf 89' lang='lat' dir='ltr'>quisque</span> <span class='ocrx_word' id='word_1_37' title='bbox 611 427 859 473; x_wconf 89' lang='lat' dir='ltr'>opportunus</span> <span class='ocrx_word' id='word_1_38' title='bbox 906 425 1141 472; x_wconf 86' lang='lat' dir='ltr'>advenerat,</span> <span class='ocrx_word' id='word_1_39' title='bbox 1194 426 1447 464; x_wconf 88' lang='lat' dir='ltr'>multitudine</span> <span class='ocrx_word' id='word_1_40' title='bbox 1492 428 1609 465; x_wconf 88' lang='lat' dir='ltr'>simul</span> <span class='ocrx_word' id='word_1_41' title='bbox 1656 442 1699 466; x_wconf 85' lang='lat' dir='ltr'>ac</span> 
     </span>
    </p>

    <p class='ocr_par' dir='ltr' id='par_1_3' title="bbox 224 494 1701 764">
     <span class='ocr_line' id='line_1_6' title="bbox 224 494 1701 548; baseline 0.005 -19"><span class='ocrx_word' id='word_1_42' title='bbox 224 495 248 530; x_wconf 75' lang='lat'><strong>4</strong></span> <span class='ocrx_word' id='word_1_43' title='bbox 266 494 440 530; x_wconf 86' lang='lat' dir='ltr'>tumultu</span> <span class='ocrx_word' id='word_1_44' title='bbox 472 498 681 533; x_wconf 88' lang='lat' dir='ltr'>crescente.</span> <span class='ocrx_word' id='word_1_45' title='bbox 730 495 843 533; x_wconf 88' lang='lat' dir='ltr'>Victi</span> <span class='ocrx_word' id='word_1_46' title='bbox 862 495 1051 534; x_wconf 89' lang='lat' dir='ltr'>Pleminii</span> <span class='ocrx_word' id='word_1_47' title='bbox 1068 497 1214 535; x_wconf 81' lang='lat' dir='ltr'><strong>milites</strong></span> <span class='ocrx_word' id='word_1_48' title='bbox 1239 511 1358 548; x_wconf 89' lang='lat' dir='ltr'>quum</span> <span class='ocrx_word' id='word_1_49' title='bbox 1376 498 1427 535; x_wconf 86' lang='lat' dir='ltr'>ad</span> <span class='ocrx_word' id='word_1_50' title='bbox 1444 498 1701 546; x_wconf 84' lang='lat' dir='ltr'>Pleminium,</span> 
     </span>
     <span class='ocr_line' id='line_1_7' title="bbox 270 567 1700 621; baseline 0.006 -20"><span class='ocrx_word' id='word_1_51' title='bbox 270 578 448 603; x_wconf 87' lang='lat' dir='ltr'>cruorem</span> <span class='ocrx_word' id='word_1_52' title='bbox 479 580 523 604; x_wconf 90' lang='lat' dir='ltr'>ac</span> <span class='ocrx_word' id='word_1_53' title='bbox 553 567 721 605; x_wconf 85' lang='lat' dir='ltr'>vulnera</span> <span class='ocrx_word' id='word_1_54' title='bbox 752 572 1008 615; x_wconf 75' lang='lat' dir='ltr'>ostentantes,</span> <span class='ocrx_word' id='word_1_55' title='bbox 1038 583 1117 607; x_wconf 90' lang='lat' dir='ltr'>non</span> <span class='ocrx_word' id='word_1_56' title='bbox 1149 569 1233 607; x_wconf 90' lang='lat' dir='ltr'>sine</span> <span class='ocrx_word' id='word_1_57' title='bbox 1263 570 1548 608; x_wconf 86' lang='lat' dir='ltr'>vociferatione</span> <span class='ocrx_word' id='word_1_58' title='bbox 1580 576 1700 621; x_wconf 87' lang='lat' dir='ltr'>atque</span> 
     </span>
     <span class='ocr_line' id='line_1_8' title="bbox 268 637 1701 692; baseline 0.004 -18"><span class='ocrx_word' id='word_1_59' title='bbox 268 637 544 686; x_wconf 85' lang='lat' dir='ltr'>indignatione</span> <span class='ocrx_word' id='word_1_60' title='bbox 577 640 888 687; x_wconf 82' lang='lat' dir='ltr'>concurrissent,</span> <span class='ocrx_word' id='word_1_61' title='bbox 920 640 1067 690; x_wconf 87' lang='lat' dir='ltr'>probra</span> <span class='ocrx_word' id='word_1_62' title='bbox 1108 641 1149 678; x_wconf 90' lang='lat' dir='ltr'>in</span> <span class='ocrx_word' id='word_1_63' title='bbox 1195 655 1283 679; x_wconf 90' lang='lat' dir='ltr'>eum</span> <span class='ocrx_word' id='word_1_64' title='bbox 1321 642 1450 692; x_wconf 88' lang='lat' dir='ltr'>ipsum</span> <span class='ocrx_word' id='word_1_65' title='bbox 1481 643 1629 680; x_wconf 83' lang='lat' dir='ltr'>iactata</span> <span class='ocrx_word' id='word_1_66' title='bbox 1659 643 1701 680; x_wconf 90' lang='lat' dir='ltr'>in</span> 
     </span>
     <span class='ocr_line' id='line_1_9' title="bbox 268 709 1698 764; baseline 0.006 -19"><span class='ocrx_word' id='word_1_67' title='bbox 268 709 409 758; x_wconf 86' lang='lat' dir='ltr'>iurgiis</span> <span class='ocrx_word' id='word_1_68' title='bbox 439 712 666 758; x_wconf 87' lang='lat' dir='ltr'>referentes,</span> <span class='ocrx_word' id='word_1_69' title='bbox 699 725 885 750; x_wconf 87' lang='lat' dir='ltr'>accensus</span> <span class='ocrx_word' id='word_1_70' title='bbox 917 713 977 749; x_wconf 91' lang='lat' dir='ltr'>ira</span> <span class='ocrx_word' id='word_1_71' title='bbox 1008 712 1123 751; x_wconf 89' lang='lat' dir='ltr'>domo</span> <span class='ocrx_word' id='word_1_72' title='bbox 1156 727 1240 751; x_wconf 91' lang='lat' dir='ltr'>sese</span> <span class='ocrx_word' id='word_1_73' title='bbox 1271 714 1484 764; x_wconf 86' lang='lat' dir='ltr'>proripuit,</span> <span class='ocrx_word' id='word_1_74' title='bbox 1515 718 1698 753; x_wconf 88' lang='lat' dir='ltr'>vocatos-</span> 
     </span>
    </p>

    <p class='ocr_par' dir='ltr' id='par_1_4' title="bbox 227 781 1701 1048">
     <span class='ocr_line' id='line_1_10' title="bbox 227 781 1699 837; baseline 0.004 -19"><span class='ocrx_word' id='word_1_75' title='bbox 227 781 249 817; x_wconf 77' lang='grc'>5</span> <span class='ocrx_word' id='word_1_76' title='bbox 269 794 343 830; x_wconf 87' lang='lat' dir='ltr'>que</span> <span class='ocrx_word' id='word_1_77' title='bbox 373 783 556 821; x_wconf 90' lang='lat' dir='ltr'>tribunos</span> <span class='ocrx_word' id='word_1_78' title='bbox 588 784 733 821; x_wconf 86' lang='lat' dir='ltr'>nudari</span> <span class='ocrx_word' id='word_1_79' title='bbox 779 798 823 822; x_wconf 85' lang='lat' dir='ltr'>ac</span> <span class='ocrx_word' id='word_1_80' title='bbox 861 785 998 833; x_wconf 82' lang='lat' dir='ltr'>virgas</span> <span class='ocrx_word' id='word_1_81' title='bbox 1039 785 1221 835; x_wconf 88' lang='lat' dir='ltr'>expediri</span> <span class='ocrx_word' id='word_1_82' title='bbox 1252 786 1375 824; x_wconf 89' lang='lat' dir='ltr'>iubet.</span> <span class='ocrx_word' id='word_1_83' title='bbox 1438 786 1547 824; x_wconf 90' lang='lat' dir='ltr'>Dum</span> <span class='ocrx_word' id='word_1_84' title='bbox 1579 787 1699 837; x_wconf 88' lang='lat' dir='ltr'>spoli-</span> 
     </span>
     <span class='ocr_line' id='line_1_11' title="bbox 270 853 1700 911; baseline 0.004 -21"><span class='ocrx_word' id='word_1_85' title='bbox 270 853 387 891; x_wconf 83' lang='lat' dir='ltr'>andis</span> <span class='ocrx_word' id='word_1_86' title='bbox 420 855 470 892; x_wconf 90' lang='lat' dir='ltr'>iis</span> <span class='ocrx_word' id='word_1_87' title='bbox 504 857 798 906; x_wconf 82' lang='lat' dir='ltr'>(repugnabant</span> <span class='ocrx_word' id='word_1_88' title='bbox 837 857 942 894; x_wconf 89' lang='lat' dir='ltr'>enim</span> <span class='ocrx_word' id='word_1_89' title='bbox 974 857 1229 907; x_wconf 88' lang='lat' dir='ltr'>militumque</span> <span class='ocrx_word' id='word_1_90' title='bbox 1260 858 1379 896; x_wconf 88' lang='lat' dir='ltr'>fidem</span> <span class='ocrx_word' id='word_1_91' title='bbox 1412 858 1700 911; x_wconf 87' lang='lat' dir='ltr'>implorabant)</span> 
     </span>
     <span class='ocr_line' id='line_1_12' title="bbox 266 929 1701 979; baseline 0.005 -18"><span class='ocrx_word' id='word_1_92' title='bbox 266 929 424 975; x_wconf 90' lang='lat' dir='ltr'>tempus</span> <span class='ocrx_word' id='word_1_93' title='bbox 455 929 623 975; x_wconf 87' lang='lat' dir='ltr'>teritur,</span> <span class='ocrx_word' id='word_1_94' title='bbox 668 934 830 979; x_wconf 87' lang='lat' dir='ltr'>repente</span> <span class='ocrx_word' id='word_1_95' title='bbox 875 929 1026 967; x_wconf 85' lang='lat' dir='ltr'>milites</span> <span class='ocrx_word' id='word_1_96' title='bbox 1070 929 1223 967; x_wconf 85' lang='lat' dir='ltr'>feroces</span> <span class='ocrx_word' id='word_1_97' title='bbox 1267 931 1418 968; x_wconf 82' lang='lat' dir='ltr'>recenti</span> <span class='ocrx_word' id='word_1_98' title='bbox 1448 930 1624 968; x_wconf 81' lang='lat' dir='ltr'>victoria</span> <span class='ocrx_word' id='word_1_99' title='bbox 1654 945 1701 969; x_wconf 86' lang='lat' dir='ltr'>ex</span> 
     </span>
     <span class='ocr_line' id='line_1_13' title="bbox 268 998 1700 1048; baseline 0.004 -14"><span class='ocrx_word' id='word_1_100' title='bbox 268 998 452 1036; x_wconf 89' lang='lat' dir='ltr'>omnibus</span> <span class='ocrx_word' id='word_1_101' title='bbox 484 1000 600 1048; x_wconf 89' lang='lat' dir='ltr'>locis,</span> <span class='ocrx_word' id='word_1_102' title='bbox 629 1001 742 1039; x_wconf 86' lang='lat' dir='ltr'>velut</span> <span class='ocrx_word' id='word_1_103' title='bbox 772 1001 961 1039; x_wconf 77' lang='lat' dir='ltr'>adversus</span> <span class='ocrx_word' id='word_1_104' title='bbox 993 1002 1126 1039; x_wconf 85' lang='lat' dir='ltr'>hostes</span> <span class='ocrx_word' id='word_1_105' title='bbox 1173 1001 1225 1040; x_wconf 87' lang='lat' dir='ltr'>ad</span> <span class='ocrx_word' id='word_1_106' title='bbox 1271 1015 1379 1039; x_wconf 81' lang='lat' dir='ltr'>arma</span> <span class='ocrx_word' id='word_1_107' title='bbox 1410 1003 1700 1041; x_wconf 88' lang='lat' dir='ltr'>conclamatum</span> 
     </span>
    </p>

    <p class='ocr_par' dir='ltr' id='par_1_5' title="bbox 223 1070 1701 1340">
     <span class='ocr_line' id='line_1_14' title="bbox 223 1070 1700 1124; baseline 0.004 -18"><span class='ocrx_word' id='word_1_108' title='bbox 223 1070 245 1105; x_wconf 85' lang='grc'>6</span> <span class='ocrx_word' id='word_1_109' title='bbox 266 1074 378 1116; x_wconf 81' lang='lat' dir='ltr'>esset,</span> <span class='ocrx_word' id='word_1_110' title='bbox 412 1077 709 1120; x_wconf 87' lang='lat' dir='ltr'>concurrerunt,</span> <span class='ocrx_word' id='word_1_111' title='bbox 740 1078 779 1111; x_wconf 90' lang='lat' dir='ltr'>et</span> <span class='ocrx_word' id='word_1_112' title='bbox 811 1087 930 1123; x_wconf 90' lang='lat' dir='ltr'>quum</span> <span class='ocrx_word' id='word_1_113' title='bbox 961 1073 1111 1111; x_wconf 85' lang='lat' dir='ltr'>violata</span> <span class='ocrx_word' id='word_1_114' title='bbox 1156 1074 1234 1110; x_wconf 90' lang='lat' dir='ltr'>iam</span> <span class='ocrx_word' id='word_1_115' title='bbox 1273 1073 1400 1122; x_wconf 85' lang='lat' dir='ltr'>virgis</span> <span class='ocrx_word' id='word_1_116' title='bbox 1431 1086 1599 1124; x_wconf 85' lang='lat' dir='ltr'>corpora</span> <span class='ocrx_word' id='word_1_117' title='bbox 1629 1075 1700 1112; x_wconf 84' lang='lat' dir='ltr'>tri-</span> 
     </span>
     <span class='ocr_line' id='line_1_15' title="bbox 267 1142 1701 1196; baseline 0.005 -18"><span class='ocrx_word' id='word_1_118' title='bbox 267 1142 463 1180; x_wconf 90' lang='lat' dir='ltr'>bunorum</span> <span class='ocrx_word' id='word_1_119' title='bbox 494 1144 710 1192; x_wconf 86' lang='lat' dir='ltr'>vidissent,</span> <span class='ocrx_word' id='word_1_120' title='bbox 742 1148 826 1183; x_wconf 89' lang='lat' dir='ltr'>tum</span> <span class='ocrx_word' id='word_1_121' title='bbox 857 1159 951 1183; x_wconf 85' lang='lat' dir='ltr'>vero</span> <span class='ocrx_word' id='word_1_122' title='bbox 984 1146 1027 1183; x_wconf 93' lang='lat' dir='ltr'>in</span> <span class='ocrx_word' id='word_1_123' title='bbox 1059 1146 1184 1183; x_wconf 85' lang='lat' dir='ltr'>multo</span> <span class='ocrx_word' id='word_1_124' title='bbox 1215 1146 1538 1196; x_wconf 88' lang='lat' dir='ltr'>impotentiorem</span> <span class='ocrx_word' id='word_1_125' title='bbox 1570 1147 1701 1185; x_wconf 87' lang='lat' dir='ltr'>subito</span> 
     </span>
     <span class='ocr_line' id='line_1_16' title="bbox 266 1215 1700 1268; baseline 0.003 -17"><span class='ocrx_word' id='word_1_126' title='bbox 266 1215 415 1252; x_wconf 87' lang='lat' dir='ltr'>rabiem</span> <span class='ocrx_word' id='word_1_127' title='bbox 449 1217 615 1264; x_wconf 85' lang='lat' dir='ltr'>accensi,</span> <span class='ocrx_word' id='word_1_128' title='bbox 647 1217 731 1254; x_wconf 91' lang='lat' dir='ltr'>sine</span> <span class='ocrx_word' id='word_1_129' title='bbox 763 1222 946 1268; x_wconf 88' lang='lat' dir='ltr'>respectu</span> <span class='ocrx_word' id='word_1_130' title='bbox 971 1231 1050 1255; x_wconf 91' lang='lat' dir='ltr'>non</span> <span class='ocrx_word' id='word_1_131' title='bbox 1075 1219 1296 1256; x_wconf 87' lang='lat' dir='ltr'>maiestatis</span> <span class='ocrx_word' id='word_1_132' title='bbox 1322 1218 1450 1265; x_wconf 86' lang='lat' dir='ltr'>modo,</span> <span class='ocrx_word' id='word_1_133' title='bbox 1482 1219 1552 1256; x_wconf 86' lang='lat' dir='ltr'>sed</span> <span class='ocrx_word' id='word_1_134' title='bbox 1577 1219 1700 1256; x_wconf 83' lang='lat' dir='ltr'>etiam</span> 
     </span>
     <span class='ocr_line' id='line_1_17' title="bbox 266 1286 1701 1340; baseline 0.003 -17"><span class='ocrx_word' id='word_1_135' title='bbox 266 1286 543 1336; x_wconf 85' lang='lat' dir='ltr'>humanitatis,</span> <span class='ocrx_word' id='word_1_136' title='bbox 574 1290 613 1326; x_wconf 91' lang='lat' dir='ltr'>in</span> <span class='ocrx_word' id='word_1_137' title='bbox 646 1290 818 1339; x_wconf 81' lang='lat' dir='ltr'>legatum</span> <span class='ocrx_word' id='word_1_138' title='bbox 852 1290 1064 1340; x_wconf 89' lang='lat' dir='ltr'>impetum,</span> <span class='ocrx_word' id='word_1_139' title='bbox 1106 1290 1316 1328; x_wconf 89' lang='lat' dir='ltr'>lictoribus</span> <span class='ocrx_word' id='word_1_140' title='bbox 1348 1290 1459 1339; x_wconf 90' lang='lat' dir='ltr'>prius</span> <span class='ocrx_word' id='word_1_141' title='bbox 1491 1290 1701 1340; x_wconf 86' lang='lat' dir='ltr'>indignum</span> 
     </span>
    </p>

    <p class='ocr_par' dir='ltr' id='par_1_6' title="bbox 224 1359 1700 1484">
     <span class='ocr_line' id='line_1_18' title="bbox 224 1359 1700 1413; baseline 0.004 -19"><span class='ocrx_word' id='word_1_142' title='bbox 224 1360 245 1394; x_wconf 89' lang='grc'>7</span> <span class='ocrx_word' id='word_1_143' title='bbox 266 1359 305 1395; x_wconf 93' lang='lat' dir='ltr'>in</span> <span class='ocrx_word' id='word_1_144' title='bbox 337 1361 497 1398; x_wconf 90' lang='lat' dir='ltr'>modum</span> <span class='ocrx_word' id='word_1_145' title='bbox 530 1362 723 1408; x_wconf 88' lang='lat' dir='ltr'>mulcatis,</span> <span class='ocrx_word' id='word_1_146' title='bbox 755 1362 918 1401; x_wconf 87' lang='lat' dir='ltr'>faciunt.</span> <span class='ocrx_word' id='word_1_147' title='bbox 967 1362 1066 1399; x_wconf 83' lang='lat' dir='ltr'>Tum</span> <span class='ocrx_word' id='word_1_148' title='bbox 1094 1362 1222 1412; x_wconf 91' lang='lat' dir='ltr'>ipsum</span> <span class='ocrx_word' id='word_1_149' title='bbox 1248 1362 1297 1399; x_wconf 90' lang='lat' dir='ltr'>ab</span> <span class='ocrx_word' id='word_1_150' title='bbox 1324 1362 1407 1399; x_wconf 89' lang='lat' dir='ltr'>suis</span> <span class='ocrx_word' id='word_1_151' title='bbox 1434 1363 1700 1413; x_wconf 89' lang='lat' dir='ltr'>interceptum</span> 
     </span>
     <span class='ocr_line' id='line_1_19' title="bbox 268 1433 1700 1484; baseline 0.003 -17"><span class='ocrx_word' id='word_1_152' title='bbox 268 1435 307 1468; x_wconf 89' lang='lat' dir='ltr'>et</span> <span class='ocrx_word' id='word_1_153' title='bbox 338 1433 534 1471; x_wconf 89' lang='lat' dir='ltr'>seclusum</span> <span class='ocrx_word' id='word_1_154' title='bbox 557 1434 759 1472; x_wconf 87' lang='lat' dir='ltr'>hostiliter</span> <span class='ocrx_word' id='word_1_155' title='bbox 777 1434 954 1471; x_wconf 88' lang='lat' dir='ltr'>lacerant</span> <span class='ocrx_word' id='word_1_156' title='bbox 980 1437 1020 1471; x_wconf 90' lang='lat' dir='ltr'>et</span> <span class='ocrx_word' id='word_1_157' title='bbox 1042 1447 1167 1484; x_wconf 87' lang='lat' dir='ltr'>prope</span> <span class='ocrx_word' id='word_1_158' title='bbox 1192 1447 1443 1483; x_wconf 84' lang='lat' dir='ltr'>exsanguem,</span> <span class='ocrx_word' id='word_1_159' title='bbox 1475 1448 1571 1472; x_wconf 82' lang='lat' dir='ltr'>naso</span> <span class='ocrx_word' id='word_1_160' title='bbox 1596 1435 1700 1472; x_wconf 88' lang='lat' dir='ltr'>auri-</span> 
     </span>
    </p>

    <p class='ocr_par' dir='ltr' id='par_1_7' title="bbox 221 1504 1700 1842">
     <span class='ocr_line' id='line_1_20' title="bbox 221 1504 1699 1556; baseline 0.003 -17"><span class='ocrx_word' id='word_1_161' title='bbox 221 1504 246 1540; x_wconf 78' lang='lat'>8</span> <span class='ocrx_word' id='word_1_162' title='bbox 264 1504 417 1554; x_wconf 84' lang='lat' dir='ltr'>busque</span> <span class='ocrx_word' id='word_1_163' title='bbox 448 1506 656 1553; x_wconf 89' lang='lat' dir='ltr'>mutilatis,</span> <span class='ocrx_word' id='word_1_164' title='bbox 687 1507 932 1556; x_wconf 88' lang='lat' dir='ltr'>relinquunt.</span> <span class='ocrx_word' id='word_1_165' title='bbox 979 1506 1058 1543; x_wconf 90' lang='lat' dir='ltr'>His</span> <span class='ocrx_word' id='word_1_166' title='bbox 1083 1506 1309 1543; x_wconf 85' lang='lat' dir='ltr'>Messanam</span> <span class='ocrx_word' id='word_1_167' title='bbox 1341 1505 1538 1543; x_wconf 90' lang='lat' dir='ltr'>nuntiatis</span> <span class='ocrx_word' id='word_1_168' title='bbox 1563 1505 1699 1556; x_wconf 87' lang='lat' dir='ltr'>Scipio</span> 
     </span>
     <span class='ocr_line' id='line_1_21' title="bbox 269 1578 1700 1628; baseline 0.002 -15"><span class='ocrx_word' id='word_1_169' title='bbox 269 1580 360 1625; x_wconf 89' lang='lat' dir='ltr'>post</span> <span class='ocrx_word' id='word_1_170' title='bbox 403 1591 551 1627; x_wconf 89' lang='lat' dir='ltr'>paucos</span> <span class='ocrx_word' id='word_1_171' title='bbox 597 1578 681 1615; x_wconf 89' lang='lat' dir='ltr'>dies</span> <span class='ocrx_word' id='word_1_172' title='bbox 731 1578 880 1616; x_wconf 86' lang='lat' dir='ltr'>Locros</span> <span class='ocrx_word' id='word_1_173' title='bbox 927 1578 1072 1615; x_wconf 77' lang='lat' dir='ltr'>hexere</span> <span class='ocrx_word' id='word_1_174' title='bbox 1118 1578 1330 1625; x_wconf 84' lang='lat' dir='ltr'>advectus,</span> <span class='ocrx_word' id='word_1_175' title='bbox 1377 1591 1498 1628; x_wconf 91' lang='lat' dir='ltr'>quum</span> <span class='ocrx_word' id='word_1_176' title='bbox 1544 1591 1700 1616; x_wconf 81' lang='lat' dir='ltr'>causam</span> 
     </span>
     <span class='ocr_line' id='line_1_22' title="bbox 266 1648 1699 1698; baseline 0.001 -13"><span class='ocrx_word' id='word_1_177' title='bbox 266 1648 462 1687; x_wconf 89' lang='lat' dir='ltr'>Pleminii</span> <span class='ocrx_word' id='word_1_178' title='bbox 488 1654 528 1688; x_wconf 85' lang='lat' dir='ltr'>et</span> <span class='ocrx_word' id='word_1_179' title='bbox 553 1650 806 1688; x_wconf 88' lang='lat' dir='ltr'>tribunorum</span> <span class='ocrx_word' id='word_1_180' title='bbox 831 1650 1020 1698; x_wconf 85' lang='lat' dir='ltr'>audisset,</span> <span class='ocrx_word' id='word_1_181' title='bbox 1050 1650 1250 1688; x_wconf 88' lang='lat' dir='ltr'>Pleminio</span> <span class='ocrx_word' id='word_1_182' title='bbox 1266 1663 1369 1688; x_wconf 86' lang='lat' dir='ltr'>noxa</span> <span class='ocrx_word' id='word_1_183' title='bbox 1391 1649 1562 1687; x_wconf 83' lang='lat' dir='ltr'>liberato</span> <span class='ocrx_word' id='word_1_184' title='bbox 1585 1650 1699 1688; x_wconf 77' lang='lat' dir='ltr'>relic-</span> 
     </span>
     <span class='ocr_line' id='line_1_23' title="bbox 266 1721 1700 1773; baseline 0.001 -15"><span class='ocrx_word' id='word_1_185' title='bbox 266 1724 388 1771; x_wconf 89' lang='lat' dir='ltr'>toque</span> <span class='ocrx_word' id='word_1_186' title='bbox 418 1722 459 1759; x_wconf 90' lang='lat' dir='ltr'>in</span> <span class='ocrx_word' id='word_1_187' title='bbox 492 1723 669 1760; x_wconf 87' lang='lat' dir='ltr'>eiusdem</span> <span class='ocrx_word' id='word_1_188' title='bbox 696 1723 775 1760; x_wconf 89' lang='lat' dir='ltr'>loci</span> <span class='ocrx_word' id='word_1_189' title='bbox 798 1722 999 1773; x_wconf 79' lang='lat' dir='ltr'>praesidio,</span> <span class='ocrx_word' id='word_1_190' title='bbox 1028 1723 1203 1760; x_wconf 82' lang='lat' dir='ltr'>tribunis</span> <span class='ocrx_word' id='word_1_191' title='bbox 1234 1722 1414 1760; x_wconf 90' lang='lat' dir='ltr'>sontibus</span> <span class='ocrx_word' id='word_1_192' title='bbox 1444 1721 1630 1760; x_wconf 86' lang='lat' dir='ltr'>iudicatis</span> <span class='ocrx_word' id='word_1_193' title='bbox 1661 1725 1700 1760; x_wconf 85' lang='lat' dir='ltr'>et</span> 
     </span>
     <span class='ocr_line' id='line_1_24' title="bbox 268 1794 1698 1842; baseline 0.001 -12"><span class='ocrx_word' id='word_1_194' title='bbox 268 1794 310 1830; x_wconf 90' lang='lat' dir='ltr'>in</span> <span class='ocrx_word' id='word_1_195' title='bbox 340 1795 471 1832; x_wconf 90' lang='lat' dir='ltr'>vincla</span> <span class='ocrx_word' id='word_1_196' title='bbox 503 1795 707 1842; x_wconf 75' lang='lat' dir='ltr'>coniectis,</span> <span class='ocrx_word' id='word_1_197' title='bbox 739 1800 783 1832; x_wconf 88' lang='lat' dir='ltr'>ut</span> <span class='ocrx_word' id='word_1_198' title='bbox 808 1795 976 1832; x_wconf 81' lang='lat' dir='ltr'>Romam</span> <span class='ocrx_word' id='word_1_199' title='bbox 1008 1794 1057 1832; x_wconf 88' lang='lat' dir='ltr'>ad</span> <span class='ocrx_word' id='word_1_200' title='bbox 1089 1798 1268 1832; x_wconf 86' lang='lat' dir='ltr'>senatum</span> <span class='ocrx_word' id='word_1_201' title='bbox 1300 1795 1564 1841; x_wconf 86' lang='lat' dir='ltr'>mitterentur,</span> <span class='ocrx_word' id='word_1_202' title='bbox 1594 1795 1698 1832; x_wconf 88' lang='lat' dir='ltr'>Mes-</span> 
     </span>
    </p>

    <p class='ocr_par' dir='ltr' id='par_1_8' title="bbox 224 1866 1699 2061">
     <span class='ocr_line' id='line_1_25' title="bbox 224 1866 1699 1917; baseline 0.001 -14"><span class='ocrx_word' id='word_1_203' title='bbox 224 1867 244 1902; x_wconf 82' lang='grc'>9</span> <span class='ocrx_word' id='word_1_204' title='bbox 265 1880 399 1904; x_wconf 89' lang='lat' dir='ltr'>sanam</span> <span class='ocrx_word' id='word_1_205' title='bbox 431 1872 552 1917; x_wconf 90' lang='lat' dir='ltr'>atque</span> <span class='ocrx_word' id='word_1_206' title='bbox 584 1868 678 1905; x_wconf 89' lang='lat' dir='ltr'>inde</span> <span class='ocrx_word' id='word_1_207' title='bbox 710 1866 927 1916; x_wconf 84' lang='lat' dir='ltr'>Syracusas</span> <span class='ocrx_word' id='word_1_208' title='bbox 957 1867 1090 1904; x_wconf 86' lang='lat' dir='ltr'>rediit.</span> <span class='ocrx_word' id='word_1_209' title='bbox 1137 1867 1358 1904; x_wconf 86' lang='lat' dir='ltr'>Pleminius</span> <span class='ocrx_word' id='word_1_210' title='bbox 1389 1867 1586 1916; x_wconf 86' lang='lat' dir='ltr'>impotens</span> <span class='ocrx_word' id='word_1_211' title='bbox 1618 1866 1699 1914; x_wconf 84' lang='lat' dir='ltr'>irae,</span> 
     </span>
     <span class='ocr_line' id='line_1_26' title="bbox 265 1938 1695 1989; baseline 0.001 -14"><span class='ocrx_word' id='word_1_212' title='bbox 265 1939 489 1986; x_wconf 88' lang='lat' dir='ltr'>neglectam</span> <span class='ocrx_word' id='word_1_213' title='bbox 520 1940 569 1977; x_wconf 90' lang='lat' dir='ltr'>ab</span> <span class='ocrx_word' id='word_1_214' title='bbox 603 1938 790 1989; x_wconf 84' lang='lat' dir='ltr'>Scipione</span> <span class='ocrx_word' id='word_1_215' title='bbox 822 1943 861 1977; x_wconf 89' lang='lat' dir='ltr'>et</span> <span class='ocrx_word' id='word_1_216' title='bbox 891 1940 1007 1977; x_wconf 90' lang='lat' dir='ltr'>nimis</span> <span class='ocrx_word' id='word_1_217' title='bbox 1038 1939 1179 1976; x_wconf 85' lang='lat' dir='ltr'>leviter</span> <span class='ocrx_word' id='word_1_218' title='bbox 1210 1939 1332 1976; x_wconf 88' lang='lat' dir='ltr'>latam</span> <span class='ocrx_word' id='word_1_219' title='bbox 1363 1952 1473 1976; x_wconf 86' lang='lat' dir='ltr'>suam</span> <span class='ocrx_word' id='word_1_220' title='bbox 1505 1939 1695 1976; x_wconf 88' lang='lat' dir='ltr'>iniuriam</span> 
     </span>
     <span class='ocr_line' id='line_1_27' title="bbox 266 2011 1698 2061; baseline 0.001 -15"><span class='ocrx_word' id='word_1_221' title='bbox 266 2014 388 2058; x_wconf 89' lang='lat' dir='ltr'>ratus,</span> <span class='ocrx_word' id='word_1_222' title='bbox 419 2024 491 2048; x_wconf 89' lang='lat' dir='ltr'>nec</span> <span class='ocrx_word' id='word_1_223' title='bbox 523 2025 760 2061; x_wconf 86' lang='lat' dir='ltr'>quemquam</span> <span class='ocrx_word' id='word_1_224' title='bbox 791 2012 988 2050; x_wconf 87' lang='lat' dir='ltr'>aestimare</span> <span class='ocrx_word' id='word_1_225' title='bbox 1020 2012 1144 2049; x_wconf 91' lang='lat' dir='ltr'>alium</span> <span class='ocrx_word' id='word_1_226' title='bbox 1184 2025 1267 2049; x_wconf 93' lang='lat' dir='ltr'>eam</span> <span class='ocrx_word' id='word_1_227' title='bbox 1297 2012 1410 2049; x_wconf 89' lang='lat' dir='ltr'>litem</span> <span class='ocrx_word' id='word_1_228' title='bbox 1441 2025 1575 2061; x_wconf 89' lang='lat' dir='ltr'>posse,</span> <span class='ocrx_word' id='word_1_229' title='bbox 1620 2011 1698 2048; x_wconf 90' lang='lat' dir='ltr'>nisi</span> 
     </span>
    </p>

    <p class='ocr_par' dir='ltr' id='par_1_9' title="bbox 198 2082 1698 2278">
     <span class='ocr_line' id='line_1_28' title="bbox 198 2082 1697 2134; baseline 0 -14"><span class='ocrx_word' id='word_1_230' title='bbox 198 2083 249 2120; x_wconf 86' lang='lat'>10</span> <span class='ocrx_word' id='word_1_231' title='bbox 267 2083 336 2132; x_wconf 88' lang='lat' dir='ltr'>qui</span> <span class='ocrx_word' id='word_1_232' title='bbox 367 2084 617 2121; x_wconf 86' lang='lat' dir='ltr'>atrocitatem</span> <span class='ocrx_word' id='word_1_233' title='bbox 644 2084 729 2121; x_wconf 83' lang='lat' dir='ltr'>eius</span> <span class='ocrx_word' id='word_1_234' title='bbox 752 2084 940 2134; x_wconf 83' lang='lat' dir='ltr'>patiendo</span> <span class='ocrx_word' id='word_1_235' title='bbox 968 2084 1164 2130; x_wconf 85' lang='lat' dir='ltr'>sensisset,</span> <span class='ocrx_word' id='word_1_236' title='bbox 1193 2084 1378 2122; x_wconf 88' lang='lat' dir='ltr'>tribunos</span> <span class='ocrx_word' id='word_1_237' title='bbox 1403 2083 1550 2121; x_wconf 83' lang='lat' dir='ltr'>attrahi</span> <span class='ocrx_word' id='word_1_238' title='bbox 1581 2082 1631 2120; x_wconf 89' lang='lat' dir='ltr'>ad</span> <span class='ocrx_word' id='word_1_239' title='bbox 1657 2096 1697 2121; x_wconf 87' lang='lat' dir='ltr'>se</span> 
     </span>
     <span class='ocr_line' id='line_1_29' title="bbox 266 2154 1698 2206; baseline 0.001 -15"><span class='ocrx_word' id='word_1_240' title='bbox 266 2154 403 2202; x_wconf 87' lang='lat' dir='ltr'>iussit,</span> <span class='ocrx_word' id='word_1_241' title='bbox 434 2156 709 2205; x_wconf 83' lang='lat' dir='ltr'>laceratosque</span> <span class='ocrx_word' id='word_1_242' title='bbox 742 2157 941 2203; x_wconf 89' lang='lat' dir='ltr'>omnibus,</span> <span class='ocrx_word' id='word_1_243' title='bbox 973 2169 1061 2206; x_wconf 84' lang='lat' dir='ltr'>quae</span> <span class='ocrx_word' id='word_1_244' title='bbox 1106 2157 1192 2206; x_wconf 88' lang='lat' dir='ltr'>pati</span> <span class='ocrx_word' id='word_1_245' title='bbox 1223 2169 1366 2206; x_wconf 90' lang='lat' dir='ltr'>corpus</span> <span class='ocrx_word' id='word_1_246' title='bbox 1396 2155 1524 2192; x_wconf 92' lang='lat' dir='ltr'>ullum</span> <span class='ocrx_word' id='word_1_247' title='bbox 1555 2158 1698 2206; x_wconf 85' lang='lat' dir='ltr'>potest,</span> 
     </span>
     <span class='ocr_line' id='line_1_30' title="bbox 266 2227 1696 2278; baseline 0.001 -14"><span class='ocrx_word' id='word_1_248' title='bbox 266 2227 475 2277; x_wconf 86' lang='lat' dir='ltr'>suppliciis</span> <span class='ocrx_word' id='word_1_249' title='bbox 507 2228 732 2275; x_wconf 84' lang='lat' dir='ltr'>interfecit,</span> <span class='ocrx_word' id='word_1_250' title='bbox 779 2242 850 2266; x_wconf 89' lang='lat' dir='ltr'>nec</span> <span class='ocrx_word' id='word_1_251' title='bbox 895 2230 1062 2266; x_wconf 87' lang='lat' dir='ltr'>satiatus</span> <span class='ocrx_word' id='word_1_252' title='bbox 1105 2230 1285 2267; x_wconf 82' lang='lat' dir='ltr'>vivorum</span> <span class='ocrx_word' id='word_1_253' title='bbox 1330 2241 1446 2278; x_wconf 86' lang='lat' dir='ltr'>poena</span> <span class='ocrx_word' id='word_1_254' title='bbox 1476 2228 1696 2278; x_wconf 88' lang='lat' dir='ltr'>insepultos</span> 
     </span>
    </p>

    <p class='ocr_par' dir='ltr' id='par_1_10' title="bbox 197 2299 1697 2423">
     <span class='ocr_line' id='line_1_31' title="bbox 197 2299 1697 2350; baseline 0.001 -13"><span class='ocrx_word' id='word_1_255' title='bbox 197 2301 243 2337; x_wconf 85' lang='lat'>11</span> <span class='ocrx_word' id='word_1_256' title='bbox 265 2299 450 2348; x_wconf 87' lang='lat' dir='ltr'>proiecit.</span> <span class='ocrx_word' id='word_1_257' title='bbox 513 2299 647 2338; x_wconf 89' lang='lat' dir='ltr'>Simili</span> <span class='ocrx_word' id='word_1_258' title='bbox 679 2300 914 2338; x_wconf 85' lang='lat' dir='ltr'>crudelitate</span> <span class='ocrx_word' id='word_1_259' title='bbox 946 2304 984 2338; x_wconf 88' lang='lat' dir='ltr'>et</span> <span class='ocrx_word' id='word_1_260' title='bbox 1012 2301 1055 2338; x_wconf 89' lang='lat' dir='ltr'>in</span> <span class='ocrx_word' id='word_1_261' title='bbox 1085 2300 1345 2338; x_wconf 88' lang='lat' dir='ltr'>Locrensium</span> <span class='ocrx_word' id='word_1_262' title='bbox 1389 2301 1590 2350; x_wconf 83' lang='lat' dir='ltr'>principes</span> <span class='ocrx_word' id='word_1_263' title='bbox 1636 2304 1697 2338; x_wconf 87' lang='lat' dir='ltr'>est</span> 
     </span>
     <span class='ocr_line' id='line_1_32' title="bbox 264 2371 1694 2423; baseline 0.001 -15"><span class='ocrx_word' id='word_1_264' title='bbox 264 2385 378 2418; x_wconf 91' lang='lat' dir='ltr'>usus,</span> <span class='ocrx_word' id='word_1_265' title='bbox 424 2386 523 2422; x_wconf 89' lang='lat' dir='ltr'>quos</span> <span class='ocrx_word' id='word_1_266' title='bbox 557 2372 607 2410; x_wconf 85' lang='lat' dir='ltr'>ad.</span> <span class='ocrx_word' id='word_1_267' title='bbox 639 2372 935 2422; x_wconf 86' lang='lat' dir='ltr'>conquerendas</span> <span class='ocrx_word' id='word_1_268' title='bbox 976 2372 1143 2410; x_wconf 85' lang='lat' dir='ltr'>iniurias</span> <span class='ocrx_word' id='word_1_269' title='bbox 1189 2373 1239 2409; x_wconf 87' lang='lat' dir='ltr'>ad</span> <span class='ocrx_word' id='word_1_270' title='bbox 1270 2373 1315 2410; x_wconf 92' lang='lat' dir='ltr'>P.</span> <span class='ocrx_word' id='word_1_271' title='bbox 1348 2371 1575 2423; x_wconf 88' lang='lat' dir='ltr'>Scipionem</span> <span class='ocrx_word' id='word_1_272' title='bbox 1605 2385 1694 2422; x_wconf 90' lang='lat' dir='ltr'>pro-</span> 
     </span>
    </p>

    <p class='ocr_par' dir='ltr' id='par_1_11' title="bbox 198 2444 1695 2639">
     <span class='ocr_line' id='line_1_33' title="bbox 198 2444 1695 2495; baseline 0.001 -15"><span class='ocrx_word' id='word_1_273' title='bbox 198 2444 244 2479; x_wconf 75' lang='lat'>12</span> <span class='ocrx_word' id='word_1_274' title='bbox 264 2445 386 2482; x_wconf 86' lang='lat' dir='ltr'>sectos</span> <span class='ocrx_word' id='word_1_275' title='bbox 417 2445 592 2491; x_wconf 83' lang='lat' dir='ltr'>audivit3</span> <span class='ocrx_word' id='word_1_276' title='bbox 639 2448 677 2482; x_wconf 91' lang='lat' dir='ltr'>et</span> <span class='ocrx_word' id='word_1_277' title='bbox 708 2458 795 2494; x_wconf 87' lang='lat' dir='ltr'>quae</span> <span class='ocrx_word' id='word_1_278' title='bbox 834 2448 949 2482; x_wconf 86' lang='lat' dir='ltr'>antea</span> <span class='ocrx_word' id='word_1_279' title='bbox 988 2458 1059 2494; x_wconf 89' lang='lat' dir='ltr'>per</span> <span class='ocrx_word' id='word_1_280' title='bbox 1098 2445 1302 2483; x_wconf 88' lang='lat' dir='ltr'>libidinem</span> <span class='ocrx_word' id='word_1_281' title='bbox 1334 2448 1453 2495; x_wconf 88' lang='lat' dir='ltr'>atque</span> <span class='ocrx_word' id='word_1_282' title='bbox 1484 2445 1695 2483; x_wconf 83' lang='lat' dir='ltr'>avaritiam</span> 
     </span>
     <span class='ocr_line' id='line_1_34' title="bbox 265 2515 1692 2567; baseline 0.001 -15"><span class='ocrx_word' id='word_1_283' title='bbox 265 2515 370 2553; x_wconf 86' lang='lat' dir='ltr'>foeda</span> <span class='ocrx_word' id='word_1_284' title='bbox 416 2517 596 2567; x_wconf 85' lang='lat' dir='ltr'>exempla</span> <span class='ocrx_word' id='word_1_285' title='bbox 641 2517 681 2554; x_wconf 87' lang='lat' dir='ltr'>in</span> <span class='ocrx_word' id='word_1_286' title='bbox 728 2518 853 2555; x_wconf 89' lang='lat' dir='ltr'>socios</span> <span class='ocrx_word' id='word_1_287' title='bbox 900 2516 1101 2566; x_wconf 85' lang='lat' dir='ltr'>ediderat,</span> <span class='ocrx_word' id='word_1_288' title='bbox 1146 2521 1242 2555; x_wconf 89' lang='lat' dir='ltr'>tunc</span> <span class='ocrx_word' id='word_1_289' title='bbox 1280 2518 1329 2556; x_wconf 88' lang='lat' dir='ltr'>ab</span> <span class='ocrx_word' id='word_1_290' title='bbox 1360 2517 1421 2555; x_wconf 88' lang='lat' dir='ltr'>ira</span> <span class='ocrx_word' id='word_1_291' title='bbox 1452 2517 1692 2567; x_wconf 79' lang='lat' dir='ltr'>multiplicia</span> 
     </span>
     <span class='ocr_line' id='line_1_35' title="bbox 268 2587 1694 2639; baseline 0.001 -14"><span class='ocrx_word' id='word_1_292' title='bbox 268 2587 395 2635; x_wconf 86' lang='lat' dir='ltr'>edere,</span> <span class='ocrx_word' id='word_1_293' title='bbox 425 2589 598 2626; x_wconf 87' lang='lat' dir='ltr'>infamiae</span> <span class='ocrx_word' id='word_1_294' title='bbox 630 2593 750 2639; x_wconf 88' lang='lat' dir='ltr'>atque</span> <span class='ocrx_word' id='word_1_295' title='bbox 781 2589 941 2627; x_wconf 88' lang='lat' dir='ltr'>invidiae</span> <span class='ocrx_word' id='word_1_296' title='bbox 965 2602 1042 2626; x_wconf 90' lang='lat' dir='ltr'>non</span> <span class='ocrx_word' id='word_1_297' title='bbox 1066 2589 1144 2626; x_wconf 91' lang='lat' dir='ltr'>sibi</span> <span class='ocrx_word' id='word_1_298' title='bbox 1168 2589 1297 2637; x_wconf 90' lang='lat' dir='ltr'>modo,</span> <span class='ocrx_word' id='word_1_299' title='bbox 1327 2589 1396 2627; x_wconf 88' lang='lat' dir='ltr'>sed</span> <span class='ocrx_word' id='word_1_300' title='bbox 1420 2589 1542 2627; x_wconf 87' lang='lat' dir='ltr'>etiam</span> <span class='ocrx_word' id='word_1_301' title='bbox 1572 2590 1694 2639; x_wconf 79' lang='lat' dir='ltr'>impe-</span> 
     </span>
    </p>
   </div>
   <div class='ocr_carea' id='block_1_3' title="bbox 264 2661 518 2699">
    <p class='ocr_par' dir='ltr' id='par_1_12' title="bbox 264 2661 518 2699">
     <span class='ocr_line' id='line_1_36' title="bbox 264 2661 518 2699; baseline 0.012 -3"><span class='ocrx_word' id='word_1_302' title='bbox 264 2661 391 2698; x_wconf 87' lang='lat' dir='ltr'>ratori</span> <span class='ocrx_word' id='word_1_303' title='bbox 423 2675 518 2699; x_wconf 90' lang='lat' dir='ltr'>esse.</span> 
     </span>
    </p>
   </div>
  </div>
 </body>
</html>
