1789 2955
552 108 656 138 Liber
682 107 806 139 XXIV.
853 106 908 149 (A.
936 107 998 138 Ch.
1025 106 1120 150 214.)
1461 108 1543 150 185

127 239 199 276 turi
225 243 373 282 essent,
399 238 692 287 scripseratque
716 238 873 274 senatui
897 250 982 274 non
1006 244 1101 283 tam,
1127 239 1225 286 quid
1249 239 1541 283 desiderarent,
1557 238 1585 276 4

126 321 246 357 quam
265 308 362 356 quid
378 309 636 346 meruissent:
673 308 783 344 bona
807 308 980 356 fortique
1005 320 1132 357 opera
1156 321 1295 345 eorum
1320 322 1362 345 se
1381 310 1435 345 ad
1452 322 1542 345 eam

126 379 235 415 diem
267 390 396 423 usum,
434 390 568 426 neque
602 379 656 415 ad
689 379 917 427 exemplum
948 379 1040 415 iusti
1072 378 1205 415 militis
1238 380 1453 427 quicquam
1486 380 1543 416 eis

125 454 268 498 praeter
291 449 516 485 libertatem
541 449 700 485 deesse.
749 448 811 484 De
837 460 887 485 eo
905 450 1143 497 permissum
1160 449 1236 497 ipsi
1255 455 1352 493 erat,
1379 449 1542 493 faceret,
1559 448 1585 487 5

126 520 238 568 quod
277 532 298 555 e
338 531 379 555 re
418 519 579 568 publica
619 519 786 556 duceret
825 531 929 556 esse.
1006 519 1148 567 Itaque
1186 519 1418 568 priusquam
1453 531 1541 555 cum

125 590 242 626 hoste
266 602 430 625 manum
454 594 699 634 consereret,
726 590 974 638 pronuntiat,
1000 595 1158 638 tempus
1176 590 1334 626 venisse
1353 589 1409 625 eis
1428 590 1542 625 liber-

126 660 230 704 tatis,
256 671 378 708 quam
402 659 471 695 diu
496 665 741 708 sperassent,
767 660 990 709 potiundae.
1038 660 1208 696 Postero
1233 661 1300 696 die
1318 660 1442 708 signis
1461 661 1542 696 col—
1558 661 1582 698 (j

125 730 214 767 latis
246 730 528 766 dimicaturum
554 742 655 778 puro
685 742 735 767 ac
762 731 916 779 patenti
945 742 1105 778 campo,
1140 731 1206 766 ubi
1232 730 1319 767 sine
1344 731 1423 766 ullo
1450 731 1543 766 insi-

126 802 282 837 diarum
313 806 423 837 metu
454 812 548 836 vera
579 800 720 836 virtute
752 800 836 848 geri
861 812 924 836 res
948 805 1102 849 posset.
1167 801 1246 847 Qui
1272 806 1393 849 caput
1416 801 1543 837 hostis
1560 800 1581 839 T

124 871 353 915 rettulisset,
387 883 479 907 eum
503 883 546 907 se
572 871 774 919 extemplo
799 871 965 906 liberum
988 871 1188 907 iussurum
1213 882 1323 914 esse;
1359 871 1424 918 qui
1451 871 1542 906 loco

125 941 326 986 cessisset,
350 941 392 977 in
416 953 508 977 eum
532 941 662 978 servili
686 941 884 989 supplicio
910 941 1303 984 animadversurum
1331 953 1444 977 suam
1464 941 1542 978 cui-

125 1023 204 1060 que
229 1011 432 1048 fortunam
455 1012 497 1048 in
519 1024 642 1047 manu
667 1024 771 1048 esse.
834 1011 1048 1048 Libertatis
1073 1017 1281 1048 auctorem
1306 1013 1363 1048 eis
1388 1024 1472 1048 non
1501 1024 1543 1048 se
1559 1011 1584 1051 S

126 1082 213 1119 fore
231 1082 374 1127 solum,
401 1083 476 1119 sed
494 1083 704 1119 consulem
721 1082 777 1118 M.
796 1082 1045 1127 Marcellum,
1075 1083 1149 1119 sed
1168 1083 1376 1119 universos
1395 1087 1542 1131 patres,

125 1164 228 1201 quos
253 1153 462 1190 consultos
487 1154 538 1189 ab
564 1165 607 1189 se
632 1154 685 1189 de
710 1153 893 1189 libertate
918 1165 1059 1189 eorum
1077 1153 1151 1190 sibi
1169 1153 1413 1202 permisisse.
1462 1153 1543 1189 Lit-
1559 1153 1584 1191 ἓ)

126 1230 232 1260 teras
263 1222 361 1259 inde
394 1224 570 1260 consulis
603 1236 651 1260 ac
684 1228 848 1259 senatus
881 1224 1109 1259 consultum
1141 1223 1334 1268 recitavit,
1369 1224 1423 1259 ad
1455 1236 1544 1272 quae

127 1293 278 1330 clamor
301 1305 392 1330 cum
413 1294 568 1342 ingenti
592 1305 762 1330 assensu
780 1298 840 1330 est
858 1294 1050 1330 sublatus.
1099 1294 1283 1342 Pugnam
1302 1295 1542 1342 poscebant,

126 1363 366 1412 signumque
390 1370 433 1400 ut
459 1365 575 1400 daret
599 1364 815 1412 extemplo,
842 1363 1028 1400 ferociter
1051 1364 1272 1400 instabant.
1321 1364 1543 1408 Gracchus,
1566 1362 1615 1402 10

125 1434 268 1483 proelio
285 1435 326 1471 in
343 1440 550 1484 posterum
569 1435 678 1471 diem
695 1434 971 1483 pronuntiato,
998 1434 1234 1471 contionem
1253 1435 1421 1478 dimisit;
1447 1434 1545 1470 mili-

126 1510 187 1541 tes
211 1505 302 1549 laeti,
327 1505 541 1554 praecipue,
568 1506 711 1554 quibus
736 1517 891 1541 merces
908 1510 1065 1541 navatae
1082 1505 1124 1541 in
1141 1517 1264 1540 unum
1283 1505 1391 1540 diem
1411 1517 1546 1553 operae

127 1575 289 1612 libertas
314 1575 445 1611 sutura
470 1581 567 1619 erat,
592 1576 712 1611 armis
731 1575 999 1624 expediendis
1017 1577 1130 1624 quod
1148 1576 1232 1611 diez·
1245 1580 1334 1611 erat
1349 1575 1545 1623 reliquum

128 1650 384 1682 consumunt.
432 1646 602 1682 Postero
622 1646 688 1681 die
706 1646 773 1681 ubi
791 1646 906 1694 signa
925 1651 1135 1694 coeperunt
1152 1657 1312 1688 canere,
1332 1645 1446 1694 primi
1462 1657 1546 1681 om·
1613 1641 1657 1685 15

128 1716 238 1752 nium
262 1716 390 1764 parati
413 1715 675 1763 instructique
700 1716 755 1751 ad
779 1716 1009 1764 praetorium
1035 1716 1295 1752 conveniunt.
1344 1716 1438 1752 Sole
1457 1721 1546 1751 orto

129 1786 338 1823 Gracchus
361 1786 402 1822 in
420 1787 549 1822 aciem
567 1787 707 1834 copias
725 1786 874 1830 educit,
900 1798 976 1822 nec
994 1786 1132 1822 hostes
1150 1799 1305 1823 moram
1325 1786 1547 1822 dimicandi

129 1856 322 1895 fecerunt.
402 1855 557 1892 Decem
604 1861 761 1905 septem
807 1857 929 1892 millia
971 1856 1153 1904 peditum
1196 1862 1323 1901 erant,
1374 1856 1547 1892 maxima
1564 1855 1589 1894 2

129 1940 178 1963 ex
205 1932 319 1976 parte
343 1926 484 1963 Bruttii
512 1939 558 1963 ac
586 1926 754 1971 Lucani,
789 1927 945 1975 equites
972 1927 1077 1963 mille
1106 1927 1285 1971 ducenti,
1319 1927 1422 1963 inter
1445 1939 1548 1975 quos

129 1997 247 2046 pauci
271 1998 497 2034 admodum
519 1997 658 2043 Italici,
686 1998 808 2034 ceteri
832 1996 1020 2034 Numidae
1036 1997 1128 2033 'fere
1153 2009 1296 2034 omnes
1321 1997 1547 2045 Maurique.

128 2068 357 2116 Pugnatum
389 2074 451 2104 est
482 2074 522 2104 et
553 2069 696 2105 acriter
729 2074 769 2105 et
801 2069 888 2112 diu;
923 2073 1113 2116 quattuor
1136 2068 1244 2104 horis
1269 2074 1413 2104 neutro
1438 2066 1589 2105 meli-3

130 2144 226 2174 nata
266 2143 327 2187 est
364 2150 515 2187 pugna,
554 2151 630 2175 nec
670 2139 748 2175 alia
779 2139 908 2187 magis
942 2139 1172 2174 Romanum
1204 2138 1455 2186 impediebat
1486 2151 1549 2174 res

130 2220 252 2256 quam
277 2208 410 2257 capita
436 2209 610 2245 hostium
635 2209 763 2258 pretia
787 2209 980 2245 libertatis
1006 2208 1126 2245 facta.
1185 2208 1290 2244 Nam
1314 2214 1356 2244 ut
1380 2209 1549 2256 quisque
1564 2207 1591 2246 4

130 2279 290 2316 hostem
322 2279 491 2328 impigre
525 2280 745 2324 occiderat,
780 2280 949 2329 primum
977 2279 1110 2328 capite
1136 2291 1241 2327 aegre
1264 2280 1367 2315 inter
1393 2280 1549 2315 turbam

131 2350 422 2398 tumultumque
454 2350 710 2386 abscidendo
743 2351 900 2386 terebat
931 2356 1108 2398 tempus;
1148 2350 1314 2394 deinde,
1349 2355 1549 2398 occupata

131 2421 273 2457 dextra
295 2421 478 2457 tenendo
504 2426 638 2469 caput,
664 2421 903 2457 fortissimus
926 2421 1096 2469 quisque
1114 2426 1318 2469 pugnator
1335 2432 1425 2456 esse
1443 2419 1550 2456 desi-

132 2495 229 2535 erat,
264 2491 454 2539 segnibus
487 2503 535 2527 ac
567 2491 716 2528 timidis
744 2491 891 2527 tradita
920 2504 1058 2540 pugna
1083 2496 1180 2527 erat.
1246 2490 1370 2536 Quod
1395 2490 1462 2525 ubi
1486 2489 1592 2528 tri-5

132 2561 228 2597 buni
265 2561 433 2598 militum
465 2560 653 2598 Graccho
687 2562 982 2606 nuntiaverunt,
1027 2561 1231 2598 neminem
1264 2565 1439 2596 stantem
1471 2561 1551 2596 iam

133 2632 329 2668 vulnerari
369 2632 541 2676 hostem,
582 2632 803 2669 carnificari
842 2633 1023 2670 iacentes
1057 2637 1097 2667 et
1127 2632 1167 2667 in
1202 2631 1351 2667 dextris
1384 2631 1550 2667 militum
