1789 2955
249 104 335 146 250
676 103 781 134 Liber
804 103 911 134 xxv.
956 103 1010 145 (A.
1033 114 1064 134 u.
1089 113 1117 134 e.
1137 102 1230 145 542.)

206 232 359 272 4liberi
390 246 415 270 a
446 233 692 283 Carthagine
725 240 976 271 commeatus
1009 235 1173 279 alerent,
1207 240 1356 279 tamen,
1391 246 1443 270 ne
1475 234 1572 283 quid
1604 235 1663 271 in·

249 309 456 353 expertum
495 304 750 352 relinqueret,
792 303 1020 352 transfugas
1052 304 1329 351 Syracusanos
1369 302 1498 355 (erant
1529 310 1663 341 autem

248 375 359 423 apud
387 375 597 410 Romanos
631 374 752 422 aliqui
784 373 1021 410 nobilissimi
1053 374 1136 417 viri,
1169 374 1272 410 inter
1304 374 1579 411 defectionem
1611 375 1662 411 ab

247 444 456 488 Romanis,
482 444 575 492 quia
601 445 652 480 ab
676 444 792 480 novis
811 443 988 480 consiliis
1006 444 1291 488 abhorrebant,
1317 442 1434 494 pulsi)
1453 445 1663 493 colloquiis

248 526 328 551 suae
361 513 484 563 partis
518 519 674 550 tentare
707 514 915 550 hominum
948 513 1107 549 animos
1139 514 1252 550 iussit
1279 519 1319 550 et
1341 514 1463 550 fidem
1486 515 1597 560 dare,
1632 516 1664 552 si

247 584 404 620 traditae
433 583 567 619 forent
594 584 814 632 Syracusae,
848 584 996 620 liberos
1024 595 1096 620 eos
1124 594 1172 619 ac
1200 584 1280 620 suis
1308 584 1463 632 legibus
1491 585 1663 623 victuros

205 652 232 692 5
247 666 350 691 esse.
399 653 494 689 Non
520 659 606 690 erat
631 654 820 702 colloquii
846 654 978 703 copia,
1004 653 1097 702 quia
1115 654 1328 690 multorum
1348 654 1470 690 animi
1489 655 1663 704 suspecti

247 724 426 761 omniurn
460 735 596 760 curam
629 725 851 772 oculosque
885 736 934 760 eo
967 728 1180 767 verterant,
1215 735 1266 759 ne
1288 723 1386 771 quid
1410 724 1564 761 falleret
1584 725 1663 761 tale

205 791 481 832 Gadmissum.
545 794 689 830 Servus
722 806 824 830 unus
853 794 1045 838 exsulum,
1080 805 1153 842 pro
1179 794 1388 843 transfuga
1412 794 1664 832 intromissus

245 865 286 901 in
303 865 456 908 urbem,
483 864 693 900 conventis
710 864 863 912 paucis,
883 864 1039 899 initium
1058 864 1318 912 colloquendi
1337 865 1390 900 de
1410 865 1477 900 tali
1495 877 1537 901 re
1555 865 1662 902 fecit.

246 934 407 971 Deinde
427 935 468 970 in
485 934 703 983 piscatoria
721 934 886 982 quidam
904 946 1007 970 nave
1022 934 1171 971 retibus
1185 934 1314 982 operti
1329 934 1664 983 circumvectique

245 1005 299 1041 ita
317 1005 372 1040 ad
390 1009 520 1041 castra
537 1005 725 1040 Romana
743 1004 1013 1052 collocutique
1032 1017 1121 1041 cum
1139 1004 1370 1053 transfugis,
1394 1010 1435 1041 et
1450 1005 1574 1041 iidem
1593 1016 1664 1042 sae-

246 1075 334 1123 pius
367 1075 515 1111 eodem
549 1075 676 1110 modo
710 1080 750 1110 et
782 1074 847 1110 alii
880 1080 1000 1122 atque
1024 1075 1108 1119 alii;
1142 1080 1350 1123 postremo
1376 1076 1430 1111 ad
1455 1075 1665 1123 octoginta

207 1142 227 1182 ’ἶ
247 1145 354 1182 facti.
404 1145 455 1180 Et
479 1156 600 1192 quum
625 1144 704 1180 iam
728 1145 956 1193 composita
981 1145 1119 1181 omnia
1141 1146 1195 1180 ad
1220 1145 1495 1193 proditionem
1514 1151 1662 1189 essent,

245 1215 398 1252 indicio
417 1215 555 1251 delato
574 1215 628 1250 ad
642 1215 854 1264 Epicyden
868 1227 939 1263 per
951 1216 1127 1251 Attalum
1143 1217 1361 1263 quendam,
1382 1215 1663 1264 indignantem

246 1286 319 1322 sibi
343 1298 427 1321 rem
452 1286 647 1321 creditam
672 1297 756 1321 non
782 1297 885 1328 esse,
916 1285 1048 1321 necati
1073 1297 1215 1322 omnes
1241 1297 1330 1322 cum
1356 1285 1533 1322 cruciatu
1558 1291 1662 1322 sunt.

204 1353 334 1394 8A1ia
372 1356 545 1392 subinde
585 1368 691 1404 spes,
732 1360 948 1403 postquam
989 1356 1074 1392 haec
1113 1368 1217 1391 vana
1256 1361 1451 1399 evaserat,
1491 1355 1661 1404 excepit.

246 1426 472 1475 Damippus
513 1426 678 1474 quidam
710 1425 1062 1469 Lacedaemonius,
1104 1425 1248 1462 missus
1289 1426 1340 1461 ab
1375 1426 1580 1474 Syracusis
1613 1426 1667 1462 ad

206 1493 474 1546 9Philippum
508 1508 658 1544 regem,
693 1500 835 1544 captus
868 1497 920 1531 ab
945 1495 1142 1532 Romanis
1174 1496 1343 1532 navibus
1377 1502 1474 1532 erat.
1538 1496 1666 1533 Huius

248 1568 384 1616 utique
416 1566 644 1604 redimendi
679 1571 718 1602 et
750 1565 944 1614 Epicydae
978 1578 1072 1602 cura
1105 1571 1190 1601 erat
1222 1566 1379 1614 ingens,
1419 1578 1494 1602 nec
1528 1567 1668 1602 abnuit

247 1638 474 1682 Marcellus,
515 1638 595 1673 iam
635 1643 717 1673 tum
758 1636 1000 1680 AEtolorum‚
1042 1636 1186 1684 quibus
1225 1636 1323 1672 socii
1363 1635 1667 1674 Lacedaemonii

179 1705 233 1746 10
247 1714 374 1751 erant,
409 1708 625 1744 amicitiam
659 1707 942 1743 affectantibus
975 1706 1185 1743 Romanis.
1248 1707 1314 1742 Ad
1342 1696 1589 1755 colloquium
1614 1707 1666 1743 de

245 1779 529 1827 redemptione
554 1778 640 1814 eius
666 1777 798 1814 missis
815 1776 973 1813 medius
992 1776 1163 1812 maxime
1181 1782 1303 1825 atque
1321 1777 1500 1825 utrisque
1519 1789 1664 1826 oppor-

245 1854 364 1885 tunus
409 1849 522 1885 locus
562 1849 615 1884 ad
654 1853 816 1897 portum
850 1847 1105 1895 Trogilorum
1145 1852 1310 1895 propter
1349 1847 1499 1891 turrim,
1546 1859 1665 1895 quam

177 1915 227 1955 11
253 1924 402 1955 vocant
419 1918 677 1967 Galeagram,
703 1924 765 1955 est
788 1918 906 1954 visus.
956 1917 1049 1963 Quo
1074 1929 1195 1964 quum
1213 1917 1358 1965 saepius
1376 1923 1664 1961 commearent,

249 2001 351 2025 unus
384 2002 432 2025 ex
457 1989 653 2025 Romanis
686 2001 735 2024 ex
767 1988 997 2037 propinquo
1021 1999 1176 2023 murum
1200 1987 1494 2035 contemplans,
1527 2000 1666 2024 nume-

247 2059 379 2095 rando
404 2059 562 2107 lapides
588 2059 913 2105 aestimandoque
938 2057 1024 2105 ipse
1049 2069 1198 2101 secum,
1226 2057 1323 2105 quid
1346 2057 1385 2093 in
1406 2057 1537 2094 fronte
1554 2064 1666 2107 pate-

177 2126 230 2166 12
245 2134 332 2165 rent
366 2129 522 2177 singuli,
558 2129 813 2165 altitudinem
845 2128 958 2172 muri,
993 2133 1186 2176 quantum
1219 2127 1401 2176 proxime
1434 2129 1666 2165 coniectura

246 2204 416 2247 poterat,
436 2211 686 2248 permensus,
707 2199 1042 2246 humilioremque
1060 2198 1268 2245 aliquanto
1286 2198 1453 2246 pristina
1471 2199 1665 2247 opinione

247 2281 318 2305 sua
343 2274 383 2305 et
408 2275 633 2305 ceterorum
661 2270 840 2305 omnium
866 2275 974 2305 ratus
999 2281 1089 2305 esse
1115 2274 1155 2304 et
1178 2269 1239 2304 vel
1256 2268 1530 2305 mediocribus
1549 2269 1665 2306 scalis

178 2337 232 2377 13
248 2339 529 2387 superabilem,
572 2340 626 2375 ad
659 2339 893 2375 Marcellum
933 2351 1015 2375 rem
1055 2338 1199 2375 defert.
1278 2338 1401 2374 Haud
1434 2339 1666 2387 spernenda

243 2410 346 2453 visa;
374 2411 447 2446 sed
474 2421 595 2458 quum
620 2409 720 2445 adiri
748 2409 875 2453 locus,
905 2410 998 2458 quia
1024 2410 1077 2445 ob
1103 2409 1145 2444 id
1170 2408 1298 2456 ipsum
1323 2408 1514 2445 intentius
1532 2413 1666 2445 custo-

180 2477 232 2518 14
247 2480 445 2524 diebatur,
472 2492 555 2517 non
574 2485 726 2528 posset,
756 2480 919 2515 occasio
939 2481 1211 2527 quaerebatur;
1238 2490 1358 2526 quam
1378 2479 1521 2514 obtulit
1538 2484 1665 2515 trans—

248 2550 342 2598 fuga
370 2551 574 2594 nuntians,
610 2550 717 2585 diem
748 2549 893 2586 festum
921 2549 1064 2585 Dianae
1092 2561 1163 2597 per
1190 2549 1363 2584 triduum
1393 2549 1459 2596 agi
1486 2553 1538 2592 et,
1573 2548 1665 2596 quia

251 2620 329 2656 alia
361 2621 401 2656 in
430 2621 647 2657 obsidione
680 2620 827 2664 desint,
863 2620 955 2656 vino
984 2619 1131 2667 largius
1159 2619 1298 2667 epulas
1326 2618 1519 2655 celebrari
1547 2623 1586 2654 et
1613 2618 1662 2654 ab
