1789 2955
543 73 658 108 Liber
683 73 829 109 xxvi.
879 75 940 117 (A.
968 73 1033 108 ch.
1058 75 1152 117 210.)
1509 78 1561 114 37

91 210 94 211 ’
131 201 191 240 Ea
234 213 305 238 vos
340 203 430 238 rata
467 200 660 247 habeatis,
700 204 834 250 patres
880 202 1110 251 conscripti,
1156 214 1290 247 necne,
1336 201 1461 248 magis
1502 201 1561 237 rei
1581 201 1632 237 10

130 272 302 322 publicae
333 271 499 309 interest
529 285 647 321 quam
680 285 777 309 mea.
839 272 998 322 Quippe
1030 286 1114 310 mea
1146 272 1244 309 fides
1277 273 1454 310 exsoluta
1487 276 1563 319 est;

131 343 181 381 ad
211 356 294 380 rem
325 343 526 392 publicam
558 344 744 392 pertinet,
775 357 824 380 ne
855 348 944 382 acta
976 358 1063 381 mea
1095 343 1358 381 rescindendo
1390 344 1488 381 alios
1520 344 1563 380 in

130 417 334 465 posterum
365 415 571 463 segniores
603 414 723 452 duces
753 415 923 453 faciatis.
969 416 1023 452 Et
1054 416 1243 465 quoniam
1275 428 1407 452 coram
1439 420 1478 452 et
1500 416 1561 453 si·
1583 415 1631 451 11

130 486 307 523 culorum
333 489 372 523 et
394 500 480 524 mea
506 488 628 525 verba
653 486 834 533 audistis,
859 490 995 537 patres
1018 488 1245 536 conscripti,
1269 486 1385 523 simul
1408 487 1559 536 templo

131 557 375 603 excedemus,
398 562 444 595 ut
466 572 527 595 me
553 559 715 596 absente
739 559 905 596 liberius
930 559 1084 596 consuli
1105 562 1265 596 senatus
1281 558 1417 607 possit.
1428 562 1444 578 ‘²
1493 558 1558 595 Ita

131 628 284 667 dimissi
325 628 452 667 Siculi
490 633 530 667 et
570 631 656 680 ipse
695 631 736 667 in
769 629 1014 680 Capitolium
1053 630 1103 667 ad
1143 630 1333 666 dilectum
1366 629 1558 667 discessit.

133 700 282 739 Consul
313 701 414 738 alter
447 702 495 738 de
524 702 738 751 postulatis
769 700 991 739 Siculorum
1024 701 1072 738 ad
1103 705 1236 751 patres
1268 701 1434 737 rettulit.
1493 701 1558 738 Ibi
1645 696 1700 745 32

130 785 252 822 quum
283 772 353 810 diu
385 774 595 810 sententiis
628 777 821 811 certatum
853 777 965 821 esset,
1010 776 1048 810 et
1086 787 1229 821 magna
1268 786 1359 821 pars
1390 776 1560 819 senatus,

129 845 312 895 principe
351 845 437 882 eius
476 846 684 883 sententiae
723 844 768 882 Τ.
807 845 959 883 Manlio
991 845 1209 894 Torquato,
1256 857 1343 881 cum
1381 844 1602 892 tyrannis2

129 916 279 954 bellum
312 916 530 965 gerendum
560 917 682 954 fuisse
715 920 930 963 censerent,
959 916 1140 954 hostibus
1166 919 1204 953 et
1220 915 1561 964 Syracusanorum

130 991 170 1025 et
209 988 350 1038 populi
380 988 566 1034 Romani,
613 992 651 1025 et
681 989 819 1026 urbem
851 989 989 1038 recipi,
1036 1002 1114 1025 non
1147 988 1245 1037 capi,
1291 990 1330 1024 et
1359 990 1560 1037 receptam

129 1059 285 1109 legibus
317 1059 494 1109 antiquis
525 1063 565 1097 et
595 1060 779 1097 libertate
811 1060 998 1106 stabiliri,
1043 1060 1304 1097 nonfessam
1335 1060 1561 1097 miseranda

131 1132 319 1169 servitute
364 1132 470 1168 bello
517 1132 665 1181 affiigi;
715 1132 818 1169 inter
857 1136 1117 1180 tyrannorum
1160 1135 1198 1168 et
1239 1131 1351 1168 ducis
1390 1131 1563 1168 Romani
1583 1132 1606 1168 3

131 1203 347 1241 certamina
369 1205 577 1252 praemium
600 1204 763 1241 victoris
791 1205 831 1241 in
848 1204 978 1241 medio
996 1205 1165 1254 positam
1183 1203 1320 1240 urbem
1338 1203 1559 1252 pulcherri-

130 1288 233 1311 mam
258 1288 301 1311 ac
327 1275 620 1313 nobilissimam
638 1276 798 1324 perisse,
821 1276 1007 1312 horreum
1024 1280 1144 1325 atque
1163 1275 1344 1312 aerarium
1361 1275 1560 1323 quondam

129 1346 271 1396 populi
280 1346 464 1392 Romani,
480 1348 591 1384 cuius
608 1347 879 1384 munificentia
896 1360 941 1384 ac
958 1347 1071 1384 donis
1091 1347 1226 1384 multis
1241 1347 1560 1395 tempestatibus,

130 1416 205 1454 hoc
238 1418 412 1468 denique
443 1419 531 1468 ipso
565 1419 720 1456 Punico
752 1420 856 1456 bello
889 1419 1026 1456 adiuta
1057 1422 1274 1467 ornataque
1306 1431 1367 1455 res
1398 1419 1562 1468 publica

131 1493 255 1535 esset;
302 1490 337 1526 si
377 1491 426 1527 ab
468 1490 606 1528 inferis
645 1492 811 1528 exsistat
849 1504 920 1528 rex
958 1492 1096 1536 Hiero,
1142 1490 1360 1527 fidissimus
1406 1490 1605 1539 imperii4

132 1560 305 1598 Romani
338 1562 478 1607 cultor,
510 1576 588 1612 quo
621 1576 687 1600 ore
719 1567 788 1600 aut
805 1562 1020 1611 Syracusas
1052 1566 1122 1599 aut
1136 1562 1306 1599 Romam
1338 1562 1375 1598 ei
1406 1561 1562 1599 ostendi

130 1646 257 1683 posse,
288 1647 422 1683 quum,
452 1634 522 1670 ubi
554 1636 783 1671 semirutam
814 1649 858 1672 ac
885 1635 1096 1684 spoliatam
1125 1634 1298 1683 patriam
1329 1634 1562 1682 respexerit,

130 1705 364 1754 ingrediens
395 1706 564 1743 Romam
594 1707 634 1742 in
665 1707 865 1744 vestibulo
898 1707 1021 1744 urbis.
1053 1720 1176 1755 prope
1209 1706 1251 1742 in
1278 1708 1405 1754 porta,
1436 1705 1563 1753 spolia

130 1777 270 1827 patriae
302 1789 381 1814 suae
413 1777 571 1814 visurus
602 1778 684 1814 sit?
716 1801 770 1805 —
801 1779 883 1814 haec
914 1778 1091 1828 taliaque
1132 1791 1252 1827 quum
1291 1776 1340 1813 ad
1372 1775 1605 1813 invidiam5

131 1849 302 1886 consulis
334 1849 708 1899 miserationemque
733 1849 959 1887 Siculorum
992 1850 1233 1895 dicerentur,
1264 1849 1400 1885 mitius
1430 1853 1562 1885 tamen

131 1920 394 1958 decreverunt
423 1925 574 1971 patres:
622 1926 710 1959 acta
740 1922 795 1959 M.
827 1922 1023 1969 Marcelli,
1057 1934 1144 1971 quae
1176 1922 1208 1957 is
1240 1934 1381 1969 gerens
1412 1920 1563 1957 bellum
1582 1919 1605 1955 6

129 1993 340 2042 victorque
365 1994 522 2041 egisset,
546 1997 634 2031 rata
656 1994 838 2031 habenda
864 2007 965 2039 esse;
992 1994 1034 2030 in
1057 1994 1257 2042 reliquum
1286 2005 1388 2029 curae
1407 1992 1562 2028 senatui

129 2065 214 2102 fore
256 2077 338 2101 rem
377 2063 675 2114 Syracusanam,
722 2065 1058 2114 mandaturosque
1098 2064 1253 2102 consuli
1285 2064 1460 2109 Laevino,
1506 2066 1560 2108 ut,

131 2136 238 2186 quod
270 2136 355 2173 sine
386 2137 540 2174 iactura
570 2138 628 2173 rei
660 2137 832 2186 publicae
864 2138 951 2174 fieri
982 2140 1129 2187 posset,
1158 2136 1330 2172 fortunis
1358 2136 1440 2172 eius
1467 2134 1561 2171 civi-

129 2209 227 2246 tatis
259 2209 494 2246 consuleret.
540 2208 678 2245 Missis
711 2209 866 2246 duobus
899 2209 1149 2247 senatoribus
1183 2209 1221 2244 in
1240 2207 1483 2256 Capitolium
1511 2206 1602 2243 ad7

131 2280 344 2326 consulem,
369 2280 428 2316 uti
458 2279 611 2316 rediret
636 2281 675 2316 in
703 2282 864 2327 curiam,
891 2284 931 2317 et
949 2280 1194 2318 introductis
1220 2278 1376 2324 Siculis,
1403 2282 1562 2315 senatus

130 2351 356 2388 consultum
397 2351 607 2389 recitatum
640 2355 715 2398 est,
765 2353 969 2401 legatique
1002 2352 1174 2401 benigne
1207 2351 1400 2400 appellati
1434 2364 1478 2387 ac
1511 2349 1610 2387 cli-8

130 2423 241 2460 missi
271 2422 321 2460 ad
353 2435 482 2471 genua
513 2437 553 2460 se
583 2423 767 2461 Marcelli
800 2424 973 2461 consulis
1006 2425 1260 2472 proiecerunt
1297 2423 1562 2468 obsecrantes,

130 2497 185 2540 ut,
226 2507 313 2543 quae
351 2494 607 2544 deplorandae
639 2509 684 2533 ac
717 2496 896 2533 levandae
932 2495 1173 2532 calamitatis
1207 2507 1325 2530 causa
1358 2494 1562 2539 dixissent,

129 2566 286 2603 veniam
326 2566 382 2603 eis
422 2567 546 2613 daret,
591 2570 632 2603 et
676 2567 717 2604 in
759 2566 877 2603 fidem
918 2567 1222 2614 clientelamque
1263 2578 1304 2601 se
1344 2564 1561 2613 urbemque
