1789 2955
735 60 835 95 XIII

73 176 115 211 12
151 175 337 218 (omnibus
375 174 579 219 equitibus,
616 175 696 210 Em.
734 175 817 218 431)
866 175 908 208 15
944 175 1108 209 illustres
1146 175 1288 218 equites
1321 173 1437 217 XXI,
1473 175 1494 207 6

73 243 153 267 esse
178 231 389 266 meminisse
415 231 530 275 (codd.
557 232 653 276 quid.
679 243 766 267 rece.
794 232 875 267 Hoc
900 242 974 266 nou
1005 232 1268 276 iuterroyatur‚
1296 231 1357 266 sed
1383 231 1493 276 poni-

74 292 154 335 tur;
189 289 355 334 alioquin
389 287 588 324 diceretur:
625 293 802 332 quantum
842 315 848 322 .
876 315 882 322 .
910 315 916 322 .
952 289 1074 331 fuisse,
1101 289 1232 324 omisso
1268 288 1492 322 meminisse.

74 347 192 390 1863.)
241 348 262 381 9
286 348 437 380 censeat
467 345 595 389 XXII,
627 346 647 379 5
675 345 725 391 [a]
756 346 926 390 patribus
959 345 1103 390 XXIV,
1129 348 1149 379 7
1175 348 1344 380 evectum
1370 343 1494 388 XXV,

71 405 92 438 ‘2
138 403 180 438 L.
228 403 410 444 Baebium,
460 403 502 437 L.
545 403 715 448 Sergium
766 402 916 446 XXVI,
964 403 984 437 5
1033 406 1070 437 et
1117 414 1272 438 annonae
1325 400 1493 442 XXVII,

72 463 93 496 ὃ
119 461 295 506 Scipione
319 461 547 504 imperatore
584 462 682 494 esset
719 461 739 493 8
764 460 885 504 longis
923 464 960 494 et
984 459 1165 494 militibus
1195 461 1232 493 11
1260 459 1495 504 (Eleyantius

74 518 227 553 Livium
250 517 476 562 scripturum
491 517 632 562 fuisse:
668 528 760 561 quos
793 518 900 551 ludos
927 544 934 551 .
961 545 968 552 .
996 543 1003 551 .
1039 528 1203 561 quasque
1234 516 1376 550 hostias
1404 542 1410 549 .
1438 542 1444 549 .
1471 542 1494 557 .,

71 578 113 609 ut
138 586 200 609 eos
226 574 344 615 ludos
379 574 531 609 Forehh.
565 576 730 609 annotat.
756 575 875 616 1863.)
936 573 1122 617 XXVIII,
1161 575 1181 607 3
1219 573 1354 607 docere
1392 583 1494 607 exer-

71 632 165 666 eitus
190 630 335 673 XXIX,
362 632 379 665 1
406 634 627 675 pervenerat
650 633 672 665 4
696 632 849 673 audivit,
882 631 1042 665 maxime
1075 630 1198 672 XXX,
1227 631 1268 664 12
1294 641 1493 673 numquam

70 690 112 722 21
135 688 293 723 demeris
319 687 384 731 (Iu
396 687 527 732 forma
546 688 642 723 verbi
661 688 820 733 suppleti
841 688 1025 723 aberravit
1043 688 1295 732 IVoelffliuus.)
1320 688 1364 720 26
1388 687 1492 722 mari.

72 745 399 790 Carthaginienses
436 744 593 790 (Interp.
630 745 851 780 mutavimus
888 756 969 780 cum
1007 745 1223 787 Hararzte'o.)
1282 743 1432 784 XXXI,
1476 744 1492 776 1

70 802 270 844 Hannibal,
296 801 478 836 adventus
503 802 559 836 tui
585 814 649 846 spe
676 802 1001 847 Carthaginienses
1035 804 1055 836 3
1087 814 1133 836 ne
1167 801 1225 846 [si]
1255 813 1337 845 quae
1362 802 1383 834 8
1409 811 1494 833 con-

72 862 210 894 sertum
246 858 440 900 XXXIII,
481 860 522 893 10
563 859 762 903 impotenti
798 858 1008 894 Masinissae
1054 858 1178 892 futuro
1225 859 1266 891 12
1308 857 1493 891 immistos

70 916 297 961 alienigenas
323 915 470 960 (Livius
493 916 680 950 interdum
704 916 895 950 immixtus
921 916 1045 959 aliquo
1074 915 1175 950 dixit
1188 925 1259 959 pro
1284 914 1492 958 permixtus

71 973 207 1017 aliquo,
231 974 276 1006 ut
296 972 442 1015 XXIX,
466 974 530 1016 28,
565 974 588 1006 3
619 973 811 1007 hominum
836 973 945 1006 turba
983 973 1179 1007 mulierum
1214 982 1493 1016 puerorumque

70 1029 280 1075 agminibus
300 1030 487 1072 immixta3
513 1030 580 1074 cfr.
595 1029 750 1071 XXXV,
776 1030 832 1072 34,
857 1031 891 1064 8.
929 1028 1034 1064 Inter
1054 1030 1151 1075 ipsos
1177 1029 1404 1073 abieniqenas
1418 1039 1494 1063 ‘nou

67 1087 248 1132 pleraque,
262 1086 323 1121 sed
336 1086 460 1121 omnia
467 1098 538 1131 per
550 1087 767 1132 interpretes
780 1088 991 1132 aqebautur.
1010 1088 1103 1121 1863
1116 1089 1150 1121 et
1167 1088 1282 1127 1882.)
1309 1085 1492 1127 XXXIV,

72 1145 88 1177 1
115 1146 322 1178 momenta:
349 1155 556 1189 congruens
581 1170 588 1178 .
614 1172 622 1179 .
649 1172 657 1179 .
682 1155 811 1187 voces3
836 1155 963 1188 pugna
996 1143 1167 1188 (Interp.)
1194 1142 1361 1184 XXXV,
1395 1144 1415 1177 3
1440 1144 1492 1176 vi-

70 1200 167 1245 ginti
191 1200 291 1234 milia
315 1202 337 1235 4
363 1201 486 1236 omnia
511 1204 549 1235 et
573 1204 660 1235 ante
686 1201 800 1235 aciem
827 1203 863 1235 et
887 1201 924 1235 in
949 1201 1083 1245 proelio
1110 1200 1200 1244 (My.
1229 1199 1490 1244 Transpositio,

70 1268 142 1302 qua
167 1257 350 1293 Luchsius
369 1260 458 1302 post
480 1259 573 1293 alios
597 1269 685 1293 usus
711 1260 777 1299 est,
801 1270 867 1303 per
892 1268 928 1293 se
953 1257 1205 1302 improbabilis
1231 1259 1291 1298 est,
1317 1268 1381 1292 ‘nee
1405 1259 1491 1290 ante

70 1314 186 1349 aciem
210 1325 366 1361 usquam
389 1315 486 1350 ‘nude
510 1315 552 1350 cle
579 1317 732 1360 tempore
768 1315 922 1355 dicitur,
960 1317 1002 1356 et,
1041 1314 1135 1359 quod
1172 1316 1282 1359 caput
1317 1316 1379 1356 est,
1416 1325 1494 1358 quse

69 1373 153 1406 ante
171 1383 340 1417 pugnam
363 1372 515 1407 laudari
535 1374 719 1417 potera-nt,
746 1384 788 1407 ea
809 1373 1045 1407 continentur
1063 1371 1120 1415 iis,
1146 1382 1224 1416 quse
1243 1370 1494 1405 subiiciuntur

68 1428 110 1464 de
135 1429 212 1464 acie
236 1429 423 1474 singulari
448 1431 527 1464 arte
551 1430 745 1464 instructa.
796 1429 865 1464 Sed
890 1441 933 1464 ue
961 1429 1084 1464 tollere
1109 1428 1253 1472 quidem
1277 1420 1495 1471 simpliciter

72 1486 178 1521 verba
203 1488 239 1520 et
264 1489 350 1521 ante
376 1486 493 1520 aciem
518 1486 620 1531 licet;
650 1486 730 1521 siue
755 1486 863 1521 (lubio
896 1487 971 1521 ‹itloe
1002 1485 1133 1520 litterae
1163 1487 1423 1519 remanserunt
1450 1496 1494 1518 ea:

70 1543 195 1585 verbis,
219 1543 348 1588 quibus
374 1543 505 1578 Livius
530 1543 601 1578 cluo
621 1543 746 1588 proelii
773 1545 935 1587 tempora
966 1543 1200 1583 (listina-erat,
1231 1542 1397 1584 alterum,
1424 1552 1493 1586 quo

71 1611 170 1644 oequo
196 1600 318 1635 Marte
343 1602 379 1634 et
402 1611 483 1635 cum
506 1611 567 1645 spe
592 1600 753 1635 victorioe
771 1601 1027 1644 puyuabatur,
1055 1600 1220 1641 alterum„
1247 1610 1315 1643 Quo
1342 1599 1492 1633 Hanni-

68 1656 126 1692 bal
150 1657 339 1692 iuclinatae
363 1657 439 1692 iam
472 1657 526 1692 rei
550 1656 739 1691 subvenire
776 1659 930 1691 conatus
967 1659 1028 1699 est,
1065 1656 1331 1700 scripseratque
1358 1655 1492 1690 Livius

71 1713 118 1748 ad
145 1714 239 1749 hanc
260 1714 446 1759 formam:
487 1717 525 1748 et
555 1716 677 1748 stante
710 1714 788 1747 acie
819 1718 856 1748 et
880 1715 1030 1748 labante
1062 1715 1115 1748 vel
1147 1716 1314 1747 nutante.
1374 1713 1495 1748 Parti-

68 1770 210 1816 ciprum
234 1774 356 1806 stante
383 1782 428 1806 επ
454 1774 539 1805 ante
565 1783 618 1805 mc
654 1782 779 1805 eruere
803 1771 952 1805 memini
990 1771 1100 1805 etiam
1137 1772 1236 1816 apud
1277 1771 1493 1806 Ciceronem.

69 1827 385 1863 Ablativum‘acie
417 1830 453 1862 et
484 1828 724 1873 participium
759 1828 817 1862 hic
851 1828 1008 1870 subesse,
1046 1829 1156 1863 ctiam
1191 1829 1279 1863 aliis
1315 1827 1416 1862 video
1452 1827 1495 1861 iu

69 1886 222 1919 ”zeutem
245 1885 395 1920 venisse.
409 1886 528 1930 1882.)
552 1887 572 1919 8
587 1885 724 1920 ferrum
739 1886 873 1919 hostile
888 1886 908 1918 9
924 1884 1128 1929 diremptos
1143 1886 1304 1920 incertos
1319 1884 1493 1929 (Interp.)

69 1940 261 1985 XXXVI,
298 1943 319 1976 8
364 1942 533 1985 equitatu
579 1942 840 1977 Saturnalibus
880 1942 1011 1986 primis
1079 1944 1084 1986 1
1154 1943 1199 1976 ab
1244 1942 1344 1976 omni
1386 1945 1493 1987 parte

69 1996 253 2041 XXXIX,
273 2001 293 2032 7
315 1999 506 2043 (comperti
521 1999 642 2033 damn.
667 2012 692 2033 s.
708 1998 785 2033 edd.
808 2000 890 2034 vett.
930 1998 1014 2034 Nou
1030 2001 1104 2034 tam
1125 2000 1304 2045 egessisse
1331 1999 1494 2033 damnati

70 2058 156 2089 sunt
169 2054 477 2099 offendit—uam
496 2056 536 2091 id
560 2055 774 2100 defenditur
789 2056 973 2091 Ciceronis
987 2057 1062 2091 loco
1076 2057 1176 2092 Verr.
1192 2056 1272 2100 III,
1299 2057 1354 2098 10,
1379 2057 1427 2090 25
1439 2077 1494 2099 —-‚

69 2122 179 2155 quam
214 2123 282 2156 per
318 2113 479 2147 indicem
524 2113 700 2148 damnari.
746 2114 864 2155 1863.)
924 2112 1043 2155 XLII,
1081 2117 1100 2147 7
1137 2114 1237 2149 haud
1274 2114 1494 2158 perplexum

70 2171 326 2214 responsum9
342 2170 461 2204 videri
487 2169 618 2205 fecisse
643 2169 787 2211 XLIII,
814 2173 834 2204 9
860 2174 925 2214 (ut,
952 2170 1012 2205 ubi
1039 2171 1113 2216 My.
1129 2171 1214 2207 Nou
1238 2170 1276 2205 id
1302 2171 1497 2206 consili-um

69 2227 158 2268 erat,
182 2227 228 2260 ut
255 2228 396 2271 prcetor
420 2227 626 2271 imperaret,
651 2226 711 2261 sed
736 2229 793 2267 ut,
832 2226 894 2261 ubi
929 2227 962 2261 is
998 2229 1211 2272 imperaret,
1240 2228 1393 2273 fetiales
1427 2239 1494 2272 pa-

69 2284 156 2317 rata
180 2282 361 2325 haberent,
387 2294 464 2328 quoe
486 2295 576 2328 opus
607 2286 732 2319 esseut.
756 2285 874 2327 1863.)
920 2285 924 2328 Ι
969 2284 1013 2318 iis
1039 2285 1241 2329 imperaret
1279 2287 1319 2320 13
1345 2286 1493 2330 gravius

69 2339 88 2360 ³²
113 2340 132 2361 *
158 2351 265 2384 quam
289 2339 429 2385 XLIV,
454 2344 472 2374 7
501 2341 564 2374 diu
589 2342 779 2385 quiescere
806 2341 924 2377 XLV,
951 2343 971 2375 3
996 2342 1152 2386 triginta
1176 2343 1259 2377 tria.

161 2452 200 2488 Si
225 2465 298 2497 qua
331 2455 370 2488 in
394 2455 547 2489 minutis
572 2455 683 2489 rebus
719 2455 877 2500 vestigia
916 2455 1166 2498 declarabunt,
1205 2467 1316 2500 quam
1342 2454 1492 2490 difficile

71 2509 119 2543 sit
142 2509 283 2544 homini
309 2512 501 2546 oculorum
527 2512 574 2546 ad
598 2512 798 2557 legendum
824 2516 861 2546 et
887 2513 1124 2547 scribendum
1150 2524 1217 2546 usu
1241 2524 1360 2556 prope
1386 2513 1489 2556 peni-

71 2568 130 2600 tus
168 2566 300 2601 orbato
339 2568 519 2603 eiusmodi
556 2571 764 2615 negotium,
807 2570 915 2613 quale
952 2570 1011 2604 hie
1053 2571 1288 2614 propositum
1315 2570 1396 2612 fuit,
1435 2569 1492 2603 vel
