1789 2955
548 100 650 130 Liber
676 99 802 130 xxm.
846 98 900 142 (A.
929 100 990 131 ch.
1018 99 1112 143 215.)
1455 101 1536 141 165

116 232 421 281 quinquaginta.
484 231 616 268 Imber
649 232 864 268 continens
894 244 966 281 per
989 236 1153 268 noctem
1178 238 1304 268 totam
1330 245 1456 280 usque
1483 234 1535 268 ad
1552 231 1576 270 <15

116 305 255 340 'noram
294 302 451 339 tertiam
492 302 573 338 diei
612 303 863 351 insequentis
901 302 1041 339 tenuit.
1105 302 1258 350 Itaque,
1304 316 1536 352 quanquam

115 379 283 421 utraque
315 385 407 422 pars
440 373 546 409 avidi
580 373 808 409 certaminis
842 377 969 417 erant,
1014 384 1064 408 eo
1098 373 1165 408 die
1198 378 1414 410 tenuerunt
1446 386 1536 411 sese

115 451 250 480 tamen
268 443 540 480 munimentis.
574 443 713 480 Tertio
732 443 800 479 die
813 443 1019 479 Hannibal
1037 448 1192 491 partem
1212 444 1420 493 copiarum
1438 457 1536 493 prae-

115 515 255 551 datum
278 513 317 550 in
344 526 484 562 agrurn
501 513 705 550 Nolanum
732 514 849 550 misit.
900 513 1024 559 Quod
1044 514 1109 549 ubi
1128 514 1412 551 animadvertit
1430 515 1536 551 Mar-

116 585 250 629 cellus,
297 585 500 634 externplo
539 585 579 621 in
620 585 749 621 aciem
787 584 927 640 copias
961 585 1118 627 eduxit;
1163 597 1296 633 neque
1330 584 1535 621 Hannibal

116 655 366 692 detrectavit.
415 655 523 692 Mille
549 655 631 692 fere
657 668 847 705 passuum
873 656 975 692 inter
999 656 1138 691 urbem
1162 661 1277 692 erant
1302 660 1534 703 castraque;

116 739 166 763 eo
200 726 331 776 spatio
365 724 420 776 (et
452 732 544 763 sunt
577 727 710 763 omnia
746 727 878 776 campi
911 726 1015 763 circa
1041 723 1203 776 Nolam)
1232 730 1534 762 concurrerunt.

117 797 279 834 Clamor
318 810 365 833 ex
405 803 518 846 parte
559 802 725 846 utraque
765 798 942 834 sublatus
981 797 1186 846 proximos
1220 809 1267 832 ex
1302 796 1575 833 cohortibus&

115 868 174 912 iis,
210 880 298 916 quae
330 867 370 904 in
403 880 523 917 agros
556 869 781 916 praedatum
810 868 1001 913 exierant,
1036 869 1089 904 ad
1115 867 1295 917 proelium
1322 867 1401 904 iam
1426 879 1535 904 corn-

116 939 280 976 missum
323 939 538 976 revocavit.
618 939 669 975 Et
707 937 855 976 Nolani
895 939 1023 976 aciem
1056 940 1285 976 Romanam
1326 943 1534 981 auxerunt,
1551 942 1576 977 ξ)

117 1023 219 1059 quos
252 1011 508 1048 collaudatos
541 1010 755 1047 Marcellus
788 1010 827 1046 in
862 1011 1050 1047 subsidiis
1084 1015 1189 1047 stare
1223 1015 1262 1046 et
1295 1009 1455 1046 saucios
1489 1021 1536 1044 ex

117 1082 203 1118 acie
237 1081 378 1118 efferre
409 1081 534 1125 iussit,
569 1094 706 1130 pugna
739 1081 954 1126 abstinere,
994 1081 1034 1117 ni
1068 1082 1118 1117 ab
1153 1094 1195 1118 se
1229 1081 1388 1129 signum
1421 1091 1536 1116 acce-

87 1167 90 1169 *
117 1153 283 1202 pissent.
347 1151 534 1188 Proelium
576 1158 661 1189 erat
699 1164 871 1202 anceps;
914 1165 1070 1189 summa
1101 1153 1136 1188 vi
1170 1158 1209 1188 et
1242 1152 1367 1188 duces
1400 1151 1535 1186 horta-

117 1225 262 1260 bantur
285 1227 324 1259 et
348 1222 491 1259 milites
515 1225 767 1272 pugnabant.
831 1223 1045 1261 Marcellus
1069 1223 1181 1260 victis
1206 1228 1300 1259 ante
1326 1222 1434 1257 diem
1459 1226 1558 1261 ter-¹

118 1295 228 1339 tium,
262 1294 407 1343 fugatis
440 1299 534 1330 ante
567 1307 722 1343 paucos
754 1294 842 1331 dies
875 1307 898 1331 a
924 1294 1074 1338 Cumis,
1108 1294 1231 1342 pulsis
1264 1293 1396 1341 priore
1426 1303 1535 1328 anno

118 1367 169 1403 ab
193 1366 298 1403 Nola
331 1367 381 1403 ab
415 1367 562 1403 eodem
588 1379 631 1403 se
657 1367 774 1411 duce,
808 1365 931 1402 milite
956 1365 1048 1409 alio,
1082 1365 1231 1401 instare
1255 1364 1378 1400 iubet.
1442 1361 1535 1399 Non
1553 1364 1577 1403 2

118 1451 260 1477 omnes
284 1450 374 1475 esse
392 1438 432 1474 in
451 1438 557 1481 acie;
583 1438 814 1486 praedantes
832 1438 968 1487 vagari
987 1437 1025 1473 in
1045 1437 1170 1485 agris;
1197 1442 1237 1472 et
1254 1435 1320 1483 qui
1339 1438 1534 1483 pugnent,

116 1500 295 1546 marcere
319 1508 532 1557 Campana
564 1508 727 1553 luxuria,
762 1509 855 1544 vino
882 1514 921 1544 et
945 1508 1087 1544 scortis
1112 1508 1382 1554 omnibusque
1406 1503 1536 1540 lustris

117 1594 188 1630 per
212 1585 340 1617 totam
364 1580 536 1615 hiemem
566 1579 792 1616 confectos.
858 1579 999 1615 Abisse
1024 1579 1129 1614 illam
1159 1578 1233 1614 vim
1262 1577 1535 1626 vigoremque,
1553 1578 1578 1615 ἐξ

118 1653 276 1700 dilapsa
305 1662 395 1687 esse
419 1651 567 1686 robora
591 1662 806 1699 corporum
832 1647 1152 1697 animorumque,
1187 1649 1332 1697 quibus
1357 1646 1536 1695 Pyrenaei

117 1722 359 1771 Alpiumque
384 1726 573 1769 superata
597 1721 675 1757 sint
698 1721 804 1769 iuga.
866 1720 1071 1769 Reliquias
1096 1720 1251 1756 illorum
1278 1719 1450 1755 virorum
1476 1717 1537 1752 vix

117 1805 228 1829 arma
260 1792 522 1839 membraque
556 1792 800 1828 sustinentes
833 1803 1028 1840 pugnare.
1100 1790 1284 1839 Capuam
1316 1787 1580 1826 Hannibali-L

119 1863 284 1899 Cannas
312 1862 448 1898 fuisse.
511 1861 570 1897 Ibi
600 1856 782 1897 virtutem
811 1862 1011 1906 bellicam,
1045 1861 1099 1897 ibi
1127 1861 1337 1896 militarem
1364 1858 1540 1907 discipli-

117 1946 225 1977 nam,
251 1933 305 1969 ibi
330 1932 517 1982 praeteriti
542 1932 735 1981 temporis
754 1932 916 1976 famam,
943 1932 997 1968 ibi
1016 1944 1129 1980 spem
1149 1931 1267 1967 futuri
1285 1930 1537 1967 exstinctam.

118 2003 254 2049 Quum
277 2003 362 2039 haec
386 2003 674 2051 exprobrando
700 2003 806 2040 hosti
830 2003 1043 2039 Marcellus
1070 2015 1233 2039 suorum
1258 2001 1426 2037 militum
1454 1999 1538 2036 ani·
1554 2000 1579 2037 ἦ

118 2086 207 2110 mos
233 2073 415 2122 erigeret,
441 2072 646 2110 Hannibal
675 2074 800 2110 multo
826 2074 1075 2123 gravioribus
1100 2072 1257 2122 probris
1280 2072 1537 2120 increpabat:

118 2145 239 2180 Arma
273 2144 468 2192 signaque
502 2144 646 2180 eadem
682 2156 724 2180 se
757 2157 941 2189 noscere,
976 2157 1064 2192 quae
1098 2145 1151 2180 ad
1176 2144 1368 2180 Trebiam
1392 2143 1541 2178 Trasu-
1556 2142 1580 2181 (5

117 2226 405 2262 mennumque,
425 2220 632 2263 postremo
652 2216 705 2251 ad
725 2214 889 2251 Cannas
907 2215 1051 2251 viderit
1068 2214 1352 2262 habueritque;
1376 2215 1539 2250 militem

119 2284 239 2320 alium
278 2284 465 2333 profecto
506 2297 548 2321 se
580 2285 621 2321 in
654 2284 822 2322 hiberna
856 2286 1040 2335 Capuam
1074 2286 1249 2330 duxisse,
1290 2286 1410 2322 aliurn
1444 2286 1540 2321 inde

119 2354 321 2391 eduxisse.
375 2354 653 2404 ‹Legatumne
671 2357 901 2392 Romanum
927 2363 966 2393 et
990 2357 1162 2405 legionis
1187 2357 1303 2393 unius
1329 2363 1449 2404 atque
1468 2356 1540 2392 alae
1558 2354 1578 2394 T

119 2437 270 2473 magno
295 2427 514 2462 certamine
539 2427 600 2462 vix
626 2427 805 2464 toleratis
829 2440 1022 2476 pugnam,
1052 2440 1154 2475 quos
1178 2428 1284 2464 binae
1309 2427 1417 2463 acies
1443 2439 1538 2462 con-

120 2496 271 2532 sulares
309 2508 515 2544 nunquam
557 2496 854 2533 sustinuerunt?
902 2498 1115 2534 Marcellus
1157 2498 1287 2534 tirone
1330 2497 1452 2533 milite
1492 2498 1579 2536 acl}

120 2564 290 2602 Nolanis
322 2566 511 2603 subsidiis
543 2567 691 2604 inultus
723 2580 800 2604 nos
832 2569 911 2604 iarn
944 2569 1086 2604 iterum
1119 2568 1292 2605 lacessit.
1364 2566 1443 2603 Ubi
1476 2567 1540 2603 ille

120 2635 233 2673 miles
272 2649 385 2673 meus
426 2642 499 2681 est,
540 2638 606 2685 qui
646 2639 817 2686 derepto
852 2651 899 2674 ex
932 2651 1038 2687 equo
1073 2639 1119 2675 C.
1153 2637 1351 2674 Flaminio
1386 2638 1541 2674 consuli

1597 1147 1663 1192 45
