<?xml version="1.0" encoding="UTF-8"?>
<!DOCTYPE html PUBLIC "-//W3C//DTD XHTML 1.0 Transitional//EN"
    "http://www.w3.org/TR/xhtml1/DTD/xhtml1-transitional.dtd">
<html xmlns="http://www.w3.org/1999/xhtml" xml:lang="en" lang="en">
 <head>
  <title>
</title>
<meta http-equiv="Content-Type" content="text/html;charset=utf-8" />
  <meta name='ocr-system' content='tesseract 3.04.00' />
  <meta name='ocr-capabilities' content='ocr_page ocr_carea ocr_par ocr_line ocrx_word'/>
</head>
<body>
  <div class='ocr_page' id='page_1' title='image "./historiarumroman02livyuoft_0025.png"; bbox 0 0 1768 2943; ppageno 0'>
   <div class='ocr_carea' id='block_1_1' title="bbox 711 101 794 133">
    <p class='ocr_par' dir='ltr' id='par_1_1' title="bbox 711 101 794 133">
     <span class='ocr_line' id='line_1_1' title="bbox 711 101 794 133; baseline 0.012 -1"><span class='ocrx_word' id='word_1_1' title='bbox 711 101 794 133; x_wconf 82' lang='lat' dir='ltr'>XIX</span> 
     </span>
    </p>
   </div>
   <div class='ocr_carea' id='block_1_2' title="bbox 35 217 1460 2656">
    <p class='ocr_par' dir='ltr' id='par_1_2' title="bbox 35 217 1460 2656">
     <span class='ocr_line' id='line_1_2' title="bbox 49 217 1457 261; baseline 0.001 -11"><span class='ocrx_word' id='word_1_2' title='bbox 49 218 130 261; x_wconf 86' lang='lat' dir='ltr'>(non</span> <span class='ocrx_word' id='word_1_3' title='bbox 156 218 360 255; x_wconf 83' lang='lat' dir='ltr'>necessaria,</span> <span class='ocrx_word' id='word_1_4' title='bbox 386 218 550 259; x_wconf 88' lang='lat' dir='ltr'>quoniam</span> <span class='ocrx_word' id='word_1_5' title='bbox 577 228 619 248; x_wconf 89' lang='lat' dir='ltr'>ne</span> <span class='ocrx_word' id='word_1_6' title='bbox 648 217 696 248; x_wconf 84' lang='lat' dir='ltr'>sic</span> <span class='ocrx_word' id='word_1_7' title='bbox 728 218 861 258; x_wconf 82' lang='lat' dir='ltr'>quidem</span> <span class='ocrx_word' id='word_1_8' title='bbox 887 218 956 248; x_wconf 78' lang='lat' dir='ltr'>lzaec</span> <span class='ocrx_word' id='word_1_9' title='bbox 981 222 1141 248; x_wconf 81' lang='lat' dir='ltr'>accurate</span> <span class='ocrx_word' id='word_1_10' title='bbox 1165 221 1376 258; x_wconf 76' lang='lat' dir='ltr'>respondent</span> <span class='ocrx_word' id='word_1_11' title='bbox 1400 219 1457 257; x_wconf 83' lang='lat' dir='ltr'>eis,</span> 
     </span>
     <span class='ocr_line' id='line_1_3' title="bbox 48 275 1458 319; baseline 0.001 -12"><span class='ocrx_word' id='word_1_12' title='bbox 48 287 122 319; x_wconf 81' lang='lat' dir='ltr'>quae</span> <span class='ocrx_word' id='word_1_13' title='bbox 138 281 210 317; x_wconf 80' lang='lat' dir='ltr'>cap.</span> <span class='ocrx_word' id='word_1_14' title='bbox 226 277 312 314; x_wconf 91' lang='lat' dir='ltr'>XII,</span> <span class='ocrx_word' id='word_1_15' title='bbox 342 279 385 310; x_wconf 79' lang='lat'>14</span> <span class='ocrx_word' id='word_1_16' title='bbox 410 276 623 307; x_wconf 82' lang='lat' dir='ltr'><em>Hannonem</em></span> <span class='ocrx_word' id='word_1_17' title='bbox 649 277 926 316; x_wconf 67' lang='lat' dir='ltr'><em>interrogantem</em></span> <span class='ocrx_word' id='word_1_18' title='bbox 952 277 1074 307; x_wconf 86' lang='lat' dir='ltr'>Livius</span> <span class='ocrx_word' id='word_1_19' title='bbox 1089 275 1211 319; x_wconf 85' lang='lat' dir='ltr'>facit.)</span> <span class='ocrx_word' id='word_1_20' title='bbox 1239 276 1283 310; x_wconf 87' lang='grc'>10</span> <span class='ocrx_word' id='word_1_21' title='bbox 1309 278 1458 318; x_wconf 81' lang='lat' dir='ltr'>fugatum</span> 
     </span>
     <span class='ocr_line' id='line_1_4' title="bbox 47 331 1457 377; baseline 0 -11"><span class='ocrx_word' id='word_1_22' title='bbox 47 346 111 366; x_wconf 89' lang='lat' dir='ltr'>om.</span> <span class='ocrx_word' id='word_1_23' title='bbox 138 346 203 376; x_wconf 90' lang='lat' dir='ltr'>que</span> <span class='ocrx_word' id='word_1_24' title='bbox 227 334 354 377; x_wconf 84' lang='lat' dir='ltr'><em>(Codd.</em></span> <span class='ocrx_word' id='word_1_25' title='bbox 375 335 483 376; x_wconf 83' lang='lat' dir='ltr'>pauci</span> <span class='ocrx_word' id='word_1_26' title='bbox 505 333 604 376; x_wconf 80' lang='lat' dir='ltr'>rece.)</span> <span class='ocrx_word' id='word_1_27' title='bbox 618 334 696 368; x_wconf 76' lang='lat' dir='ltr'>XII.</span> <span class='ocrx_word' id='word_1_28' title='bbox 715 333 734 366; x_wconf 83' lang='lat'>1</span> <span class='ocrx_word' id='word_1_29' title='bbox 760 331 810 375; x_wconf 85' lang='lat' dir='ltr'>(ut</span> <span class='ocrx_word' id='word_1_30' title='bbox 835 334 1052 365; x_wconf 82' lang='lat' dir='ltr'>metientibus</span> <span class='ocrx_word' id='word_1_31' title='bbox 1079 344 1179 375; x_wconf 85' lang='lat' dir='ltr'>supra</span> <span class='ocrx_word' id='word_1_32' title='bbox 1200 339 1268 365; x_wconf 87' lang='lat' dir='ltr'>tres</span> <span class='ocrx_word' id='word_1_33' title='bbox 1288 336 1363 376; x_wconf 71' lang='lat' dir='ltr'>Mg.</span> <span class='ocrx_word' id='word_1_34' title='bbox 1379 337 1457 366; x_wconf 87' lang='lat' dir='ltr'>Em.</span> 
     </span>
     <span class='ocr_line' id='line_1_5' title="bbox 46 391 1458 434; baseline 0 -9"><span class='ocrx_word' id='word_1_35' title='bbox 46 395 115 427; x_wconf 84' lang='lat'>318</span> <span class='ocrx_word' id='word_1_36' title='bbox 140 404 158 424; x_wconf 87' lang='lat' dir='ltr'>e</span> <span class='ocrx_word' id='word_1_37' title='bbox 181 393 214 423; x_wconf 89' lang='lat' dir='ltr'><em>P</em></span> <span class='ocrx_word' id='word_1_38' title='bbox 236 404 278 423; x_wconf 89' lang='lat' dir='ltr'>m.</span> <span class='ocrx_word' id='word_1_39' title='bbox 307 396 343 426; x_wconf 89' lang='lat'>1:</span> <span class='ocrx_word' id='word_1_40' title='bbox 371 398 406 424; x_wconf 90' lang='lat' dir='ltr'>ut</span> <span class='ocrx_word' id='word_1_41' title='bbox 431 392 738 424; x_wconf 86' lang='lat' dir='ltr'>meutmetientibus</span> <span class='ocrx_word' id='word_1_42' title='bbox 765 402 864 433; x_wconf 87' lang='lat' dir='ltr'>super</span> <span class='ocrx_word' id='word_1_43' title='bbox 889 391 1010 433; x_wconf 87' lang='lat' dir='ltr'>patris)</span> <span class='ocrx_word' id='word_1_44' title='bbox 1046 391 1068 425; x_wconf 88' lang='grc'>4</span> <span class='ocrx_word' id='word_1_45' title='bbox 1107 393 1263 424; x_wconf 85' lang='lat' dir='ltr'>frumenti</span> <span class='ocrx_word' id='word_1_46' title='bbox 1301 395 1458 434; x_wconf 87' lang='lat' dir='ltr'>pecuniae</span> 
     </span>
     <span class='ocr_line' id='line_1_6' title="bbox 45 450 1457 494; baseline 0.001 -12"><span class='ocrx_word' id='word_1_47' title='bbox 45 450 135 493; x_wconf 78' lang='lat' dir='ltr'><em>(Mg.</em></span> <span class='ocrx_word' id='word_1_48' title='bbox 162 451 240 482; x_wconf 88' lang='lat' dir='ltr'>Em.</span> <span class='ocrx_word' id='word_1_49' title='bbox 267 450 350 494; x_wconf 88' lang='grc'>318)</span> <span class='ocrx_word' id='word_1_50' title='bbox 375 451 397 484; x_wconf 89' lang='grc'>9</span> <span class='ocrx_word' id='word_1_51' title='bbox 422 451 626 492; x_wconf 70' lang='lat' dir='ltr'>paeniteatne</span> <span class='ocrx_word' id='word_1_52' title='bbox 661 451 771 482; x_wconf 85' lang='lat' dir='ltr'>adhuc</span> <span class='ocrx_word' id='word_1_53' title='bbox 795 450 844 491; x_wconf 83' lang='lat' dir='ltr'>(P</span> <span class='ocrx_word' id='word_1_54' title='bbox 864 450 1209 493; x_wconf 86' lang='lat' dir='ltr'>paeniteatmeadhuc)</span> <span class='ocrx_word' id='word_1_55' title='bbox 1242 451 1286 485; x_wconf 90' lang='lat'>10</span> <span class='ocrx_word' id='word_1_56' title='bbox 1317 462 1457 492; x_wconf 84' lang='lat' dir='ltr'>respon-</span> 
     </span>
     <span class='ocr_line' id='line_1_7' title="bbox 46 508 1460 551; baseline 0 -11"><span class='ocrx_word' id='word_1_57' title='bbox 46 510 142 540; x_wconf 87' lang='lat' dir='ltr'>deam</span> <span class='ocrx_word' id='word_1_58' title='bbox 168 508 260 551; x_wconf 74' lang='lat' dir='ltr'><em>(Mg.</em></span> <span class='ocrx_word' id='word_1_59' title='bbox 287 509 366 540; x_wconf 86' lang='lat' dir='ltr'>Em.</span> <span class='ocrx_word' id='word_1_60' title='bbox 393 512 463 543; x_wconf 89' lang='lat'>318</span> <span class='ocrx_word' id='word_1_61' title='bbox 494 520 512 540; x_wconf 91' lang='lat' dir='ltr'>e</span> <span class='ocrx_word' id='word_1_62' title='bbox 536 510 568 540; x_wconf 88' lang='lat' dir='ltr'><em>P</em></span> <span class='ocrx_word' id='word_1_63' title='bbox 591 520 634 541; x_wconf 91' lang='lat' dir='ltr'>m.</span> <span class='ocrx_word' id='word_1_64' title='bbox 669 513 706 544; x_wconf 85' lang='lat'>1:</span> <span class='ocrx_word' id='word_1_65' title='bbox 745 509 970 550; x_wconf 88' lang='lat' dir='ltr'>respondead.</span> <span class='ocrx_word' id='word_1_66' title='bbox 1009 509 1122 550; x_wconf 91' lang='lat' dir='ltr'>Inquit</span> <span class='ocrx_word' id='word_1_67' title='bbox 1160 510 1344 550; x_wconf 85' lang='lat' dir='ltr'>aliquanto</span> <span class='ocrx_word' id='word_1_68' title='bbox 1377 515 1460 550; x_wconf 83' lang='lat' dir='ltr'>post</span> 
     </span>
     <span class='ocr_line' id='line_1_8' title="bbox 45 568 1458 608; baseline 0.001 -10"><span class='ocrx_word' id='word_1_69' title='bbox 45 568 216 599; x_wconf 81' lang='lat' dir='ltr'>orationis</span> <span class='ocrx_word' id='word_1_70' title='bbox 239 568 377 599; x_wconf 87' lang='lat' dir='ltr'>initium</span> <span class='ocrx_word' id='word_1_71' title='bbox 403 568 439 599; x_wconf 84' lang='lat' dir='ltr'>in</span> <span class='ocrx_word' id='word_1_72' title='bbox 465 570 688 599; x_wconf 82' lang='lat' dir='ltr'>conversione</span> <span class='ocrx_word' id='word_1_73' title='bbox 712 579 733 598; x_wconf 92' lang='lat' dir='ltr'>a</span> <span class='ocrx_word' id='word_1_74' title='bbox 759 571 884 598; x_wconf 85' lang='lat' dir='ltr'>senatu</span> <span class='ocrx_word' id='word_1_75' title='bbox 911 568 959 597; x_wconf 85' lang='lat' dir='ltr'>ad</span> <span class='ocrx_word' id='word_1_76' title='bbox 971 568 1201 598; x_wconf 69' lang='lat' dir='ltr'><em>Himilconem</em></span> <span class='ocrx_word' id='word_1_77' title='bbox 1222 568 1377 608; x_wconf 79' lang='lat' dir='ltr'>positum</span> <span class='ocrx_word' id='word_1_78' title='bbox 1403 570 1458 599; x_wconf 83' lang='lat' dir='ltr'>de-</span> 
     </span>
     <span class='ocr_line' id='line_1_9' title="bbox 36 625 1459 669; baseline 0.001 -13"><span class='ocrx_word' id='word_1_79' title='bbox 36 626 207 669; x_wconf 79' lang='lat' dir='ltr'>fenditur</span> <span class='ocrx_word' id='word_1_80' title='bbox 238 627 311 664; x_wconf 91' lang='lat' dir='ltr'>III,</span> <span class='ocrx_word' id='word_1_81' title='bbox 351 629 406 664; x_wconf 90' lang='lat'>19,</span> <span class='ocrx_word' id='word_1_82' title='bbox 446 629 490 660; x_wconf 83' lang='lat'>12</span> <span class='ocrx_word' id='word_1_83' title='bbox 527 631 561 656; x_wconf 81' lang='lat' dir='ltr'>et</span> <span class='ocrx_word' id='word_1_84' title='bbox 598 625 781 662; x_wconf 84' lang='lat' dir='ltr'><em>XXVIII,</em></span> <span class='ocrx_word' id='word_1_85' title='bbox 808 626 864 661; x_wconf 79' lang='lat'>45,</span> <span class='ocrx_word' id='word_1_86' title='bbox 891 627 982 658; x_wconf 80' lang='lat'>4—5</span> <span class='ocrx_word' id='word_1_87' title='bbox 1009 625 1120 666; x_wconf 79' lang='lat' dir='ltr'>iisque</span> <span class='ocrx_word' id='word_1_88' title='bbox 1145 626 1235 664; x_wconf 86' lang='lat' dir='ltr'>locis,</span> <span class='ocrx_word' id='word_1_89' title='bbox 1272 626 1308 656; x_wconf 82' lang='lat' dir='ltr'>in</span> <span class='ocrx_word' id='word_1_90' title='bbox 1334 627 1459 667; x_wconf 82' lang='lat' dir='ltr'>quibus</span> 
     </span>
     <span class='ocr_line' id='line_1_10' title="bbox 45 683 1457 727; baseline 0.001 -12"><span class='ocrx_word' id='word_1_91' title='bbox 45 684 151 726; x_wconf 90' lang='lat' dir='ltr'>inquit</span> <span class='ocrx_word' id='word_1_92' title='bbox 176 685 275 715; x_wconf 80' lang='lat' dir='ltr'><em>initio</em></span> <span class='ocrx_word' id='word_1_93' title='bbox 294 686 446 726; x_wconf 72' lang='lat' dir='ltr'>positum</span> <span class='ocrx_word' id='word_1_94' title='bbox 465 688 550 725; x_wconf 79' lang='lat' dir='ltr'>post</span> <span class='ocrx_word' id='word_1_95' title='bbox 573 684 743 721; x_wconf 56' lang='lat' dir='ltr'>iteratum</span> <span class='ocrx_word' id='word_1_96' title='bbox 770 684 839 713; x_wconf 78' lang='lat' dir='ltr'><em>vid.</em></span> <span class='ocrx_word' id='word_1_97' title='bbox 867 684 916 713; x_wconf 88' lang='lat' dir='ltr'>ad</span> <span class='ocrx_word' id='word_1_98' title='bbox 943 683 1005 713; x_wconf 88' lang='lat' dir='ltr'><em>Cic.</em></span> <span class='ocrx_word' id='word_1_99' title='bbox 1038 684 1116 714; x_wconf 83' lang='lat' dir='ltr'>Fin.</span> <span class='ocrx_word' id='word_1_100' title='bbox 1153 685 1185 714; x_wconf 91' lang='lat' dir='ltr'><em>V</em></span> <span class='ocrx_word' id='word_1_101' title='bbox 1210 683 1233 726; x_wconf 64' lang='grc' dir='ltr'><em>ἕ</em></span> <span class='ocrx_word' id='word_1_102' title='bbox 1257 684 1329 727; x_wconf 84' lang='grc'><strong>83.)</strong></span> <span class='ocrx_word' id='word_1_103' title='bbox 1362 685 1457 723; x_wconf 88' lang='lat' dir='ltr'>XIII,</span> 
     </span>
     <span class='ocr_line' id='line_1_11' title="bbox 44 740 1458 786; baseline 0 -11"><span class='ocrx_word' id='word_1_104' title='bbox 44 742 66 776; x_wconf 84' lang='lat'>5</span> <span class='ocrx_word' id='word_1_105' title='bbox 90 742 142 774; x_wconf 86' lang='lat' dir='ltr'>his</span> <span class='ocrx_word' id='word_1_106' title='bbox 182 741 186 786; x_wconf 92' lang='grc' dir='ltr'>Ι</span> <span class='ocrx_word' id='word_1_107' title='bbox 228 743 463 774; x_wconf 86' lang='lat' dir='ltr'>frustrantibus</span> <span class='ocrx_word' id='word_1_108' title='bbox 500 754 568 774; x_wconf 89' lang='lat' dir='ltr'>non</span> <span class='ocrx_word' id='word_1_109' title='bbox 602 753 724 773; x_wconf 89' lang='lat' dir='ltr'>errore</span> <span class='ocrx_word' id='word_1_110' title='bbox 756 742 849 779; x_wconf 90' lang='lat' dir='ltr'>XIV,</span> <span class='ocrx_word' id='word_1_111' title='bbox 881 740 902 774; x_wconf 87' lang='grc'>8</span> <span class='ocrx_word' id='word_1_112' title='bbox 928 751 1039 782; x_wconf 86' lang='lat' dir='ltr'>posse,</span> <span class='ocrx_word' id='word_1_113' title='bbox 1067 743 1330 774; x_wconf 81' lang='lat' dir='ltr'>obsecundando</span> <span class='ocrx_word' id='word_1_114' title='bbox 1357 744 1414 777; x_wconf 89' lang='lat' dir='ltr'>dil.</span> <span class='ocrx_word' id='word_1_115' title='bbox 1441 756 1458 775; x_wconf 87' lang='lat' dir='ltr'>e</span> 
     </span>
     <span class='ocr_line' id='line_1_12' title="bbox 43 800 1457 844; baseline 0.001 -12"><span class='ocrx_word' id='word_1_116' title='bbox 43 802 128 832; x_wconf 81' lang='lat' dir='ltr'>coni.</span> <span class='ocrx_word' id='word_1_117' title='bbox 161 803 268 832; x_wconf 86' lang='lat' dir='ltr'>Gron.</span> <span class='ocrx_word' id='word_1_118' title='bbox 297 800 409 844; x_wconf 87' lang='lat' dir='ltr'>(Idem</span> <span class='ocrx_word' id='word_1_119' title='bbox 440 802 546 833; x_wconf 87' lang='lat' dir='ltr'>Gron.</span> <span class='ocrx_word' id='word_1_120' title='bbox 575 802 608 832; x_wconf 87' lang='lat' dir='ltr'><em>P</em></span> <span class='ocrx_word' id='word_1_121' title='bbox 636 811 704 831; x_wconf 91' lang='lat' dir='ltr'>non</span> <span class='ocrx_word' id='word_1_122' title='bbox 730 810 834 841; x_wconf 86' lang='lat' dir='ltr'>posse</span> <span class='ocrx_word' id='word_1_123' title='bbox 861 801 1010 832; x_wconf 84' lang='lat' dir='ltr'>secunda</span> <span class='ocrx_word' id='word_1_124' title='bbox 1036 801 1241 832; x_wconf 86' lang='lat' dir='ltr'>simulandas</span> <span class='ocrx_word' id='word_1_125' title='bbox 1267 802 1457 834; x_wconf 85' lang='lat' dir='ltr'>simulando</span> 
     </span>
     <span class='ocr_line' id='line_1_13' title="bbox 44 856 1458 903; baseline 0.001 -13"><span class='ocrx_word' id='word_1_126' title='bbox 44 859 100 890; x_wconf 89' lang='lat' dir='ltr'>dil.</span> <span class='ocrx_word' id='word_1_127' title='bbox 127 860 242 891; x_wconf 85' lang='lat' dir='ltr'>Drak.</span> <span class='ocrx_word' id='word_1_128' title='bbox 268 870 301 891; x_wconf 89' lang='lat' dir='ltr'>n.</span> <span class='ocrx_word' id='word_1_129' title='bbox 327 870 378 901; x_wconf 81' lang='lat' dir='ltr'>p.;</span> <span class='ocrx_word' id='word_1_130' title='bbox 406 860 494 891; x_wconf 87' lang='lat' dir='ltr'>elam</span> <span class='ocrx_word' id='word_1_131' title='bbox 520 859 711 890; x_wconf 90' lang='lat' dir='ltr'>simulando</span> <span class='ocrx_word' id='word_1_132' title='bbox 738 857 812 899; x_wconf 86' lang='lat' dir='ltr'>dil.)</span> <span class='ocrx_word' id='word_1_133' title='bbox 826 857 870 891; x_wconf 87' lang='lat'>13</span> <span class='ocrx_word' id='word_1_134' title='bbox 886 856 1064 900; x_wconf 85' lang='lat' dir='ltr'>(Caiatiam</span> <span class='ocrx_word' id='word_1_135' title='bbox 1093 860 1264 900; x_wconf 77' lang='lat' dir='ltr'>Stierpro</span> <span class='ocrx_word' id='word_1_136' title='bbox 1279 860 1458 903; x_wconf 84' lang='lat' dir='ltr'>Calatiam)</span> 
     </span>
     <span class='ocr_line' id='line_1_14' title="bbox 45 914 1457 961; baseline 0.001 -13"><span class='ocrx_word' id='word_1_137' title='bbox 45 915 50 961; x_wconf 98' lang='grc' dir='ltr'>Ι</span> <span class='ocrx_word' id='word_1_138' title='bbox 65 916 143 959; x_wconf 88' lang='lat' dir='ltr'>(per</span> <span class='ocrx_word' id='word_1_139' title='bbox 156 928 273 959; x_wconf 89' lang='lat' dir='ltr'>agrum</span> <span class='ocrx_word' id='word_1_140' title='bbox 293 918 384 956; x_wconf 84' lang='lat' dir='ltr'>Otto,</span> <span class='ocrx_word' id='word_1_141' title='bbox 397 919 477 949; x_wconf 89' lang='lat' dir='ltr'>Em.</span> <span class='ocrx_word' id='word_1_142' title='bbox 493 921 562 952; x_wconf 87' lang='lat'>319</span> <span class='ocrx_word' id='word_1_143' title='bbox 576 929 608 949; x_wconf 87' lang='lat' dir='ltr'>n.</span> <span class='ocrx_word' id='word_1_144' title='bbox 631 917 747 955; x_wconf 86' lang='lat' dir='ltr'><em>Codd.‚</em></span> <span class='ocrx_word' id='word_1_145' title='bbox 763 918 876 948; x_wconf 85' lang='lat' dir='ltr'>Drak.</span> <span class='ocrx_word' id='word_1_146' title='bbox 892 914 1019 959; x_wconf 82' lang='lat' dir='ltr'>perque</span> <span class='ocrx_word' id='word_1_147' title='bbox 1033 917 1080 960; x_wconf 88' lang='lat' dir='ltr'>a.)</span> <span class='ocrx_word' id='word_1_148' title='bbox 1094 919 1167 957; x_wconf 84' lang='lat' dir='ltr'>XV,</span> <span class='ocrx_word' id='word_1_149' title='bbox 1183 918 1204 951; x_wconf 89' lang='lat'>4</span> <span class='ocrx_word' id='word_1_150' title='bbox 1219 917 1457 960; x_wconf 86' lang='lat' dir='ltr'>(remanserint</span> 
     </span>
     <span class='ocr_line' id='line_1_15' title="bbox 42 975 1455 1019; baseline 0.001 -12"><span class='ocrx_word' id='word_1_151' title='bbox 42 977 125 1007; x_wconf 87' lang='lat' dir='ltr'><em>Lov.</em></span> <span class='ocrx_word' id='word_1_152' title='bbox 153 979 184 1014; x_wconf 88' lang='lat'>5,</span> <span class='ocrx_word' id='word_1_153' title='bbox 210 977 330 1008; x_wconf 82' lang='lat' dir='ltr'><em>Fabri.</em></span> <span class='ocrx_word' id='word_1_154' title='bbox 358 977 393 1007; x_wconf 87' lang='lat' dir='ltr'><em>P</em></span> <span class='ocrx_word' id='word_1_155' title='bbox 412 981 652 1013; x_wconf 85' lang='lat' dir='ltr'>remanserant,</span> <span class='ocrx_word' id='word_1_156' title='bbox 678 975 792 1008; x_wconf 81' lang='lat' dir='ltr'>Drak.</span> <span class='ocrx_word' id='word_1_157' title='bbox 827 976 1053 1019; x_wconf 86' lang='lat' dir='ltr'>remanerent)</span> <span class='ocrx_word' id='word_1_158' title='bbox 1082 977 1101 1010; x_wconf 77' lang='grc'>7</span> <span class='ocrx_word' id='word_1_159' title='bbox 1128 976 1353 1019; x_wconf 88' lang='lat' dir='ltr'>(conscientia</span> <span class='ocrx_word' id='word_1_160' title='bbox 1385 984 1455 1009; x_wconf 87' lang='lat' dir='ltr'>ten-</span> 
     </span>
     <span class='ocr_line' id='line_1_16' title="bbox 42 1035 1455 1079; baseline 0.002 -13"><span class='ocrx_word' id='word_1_161' title='bbox 42 1039 120 1066; x_wconf 87' lang='lat' dir='ltr'>tatae</span> <span class='ocrx_word' id='word_1_162' title='bbox 151 1036 258 1066; x_wconf 85' lang='lat' dir='ltr'>Gron.</span> <span class='ocrx_word' id='word_1_163' title='bbox 285 1036 318 1066; x_wconf 91' lang='lat' dir='ltr'><em>P</em></span> <span class='ocrx_word' id='word_1_164' title='bbox 340 1040 716 1073; x_wconf 82' lang='lat' dir='ltr'>consensuatemtatem,</span> <span class='ocrx_word' id='word_1_165' title='bbox 742 1036 856 1066; x_wconf 84' lang='lat' dir='ltr'>Drak.</span> <span class='ocrx_word' id='word_1_166' title='bbox 885 1045 1071 1066; x_wconf 83' lang='lat' dir='ltr'>consensus</span> <span class='ocrx_word' id='word_1_167' title='bbox 1099 1035 1292 1079; x_wconf 84' lang='lat' dir='ltr'>adtentatae)</span> <span class='ocrx_word' id='word_1_168' title='bbox 1320 1037 1412 1075; x_wconf 87' lang='lat' dir='ltr'>XVI,</span> <span class='ocrx_word' id='word_1_169' title='bbox 1434 1037 1455 1070; x_wconf 85' lang='lat'>4</span> 
     </span>
     <span class='ocr_line' id='line_1_17' title="bbox 41 1091 1455 1135; baseline 0.001 -11"><span class='ocrx_word' id='word_1_170' title='bbox 41 1091 291 1135; x_wconf 83' lang='lat' dir='ltr'>(procursantes</span> <span class='ocrx_word' id='word_1_171' title='bbox 321 1095 502 1125; x_wconf 74' lang='lat' dir='ltr'>Luchsz&#39;us.</span> <span class='ocrx_word' id='word_1_172' title='bbox 541 1095 574 1124; x_wconf 87' lang='lat' dir='ltr'><em>P</em></span> <span class='ocrx_word' id='word_1_173' title='bbox 595 1093 785 1135; x_wconf 87' lang='lat' dir='ltr'>progantis;</span> <span class='ocrx_word' id='word_1_174' title='bbox 831 1092 859 1124; x_wconf 89' lang='lat' dir='ltr'><em>C</em></span> <span class='ocrx_word' id='word_1_175' title='bbox 882 1104 925 1123; x_wconf 91' lang='lat' dir='ltr'>m.</span> <span class='ocrx_word' id='word_1_176' title='bbox 955 1097 985 1131; x_wconf 89' lang='lat'>1,</span> <span class='ocrx_word' id='word_1_177' title='bbox 1012 1094 1060 1124; x_wconf 84' lang='lat' dir='ltr'><em>M</em></span> <span class='ocrx_word' id='word_1_178' title='bbox 1077 1095 1266 1135; x_wconf 88' lang='lat' dir='ltr'>procantis;</span> <span class='ocrx_word' id='word_1_179' title='bbox 1297 1095 1325 1125; x_wconf 91' lang='lat' dir='ltr'><em>C</em></span> <span class='ocrx_word' id='word_1_180' title='bbox 1345 1106 1389 1126; x_wconf 87' lang='lat' dir='ltr'>m.</span> <span class='ocrx_word' id='word_1_181' title='bbox 1423 1099 1455 1134; x_wconf 84' lang='lat'>2,</span> 
     </span>
     <span class='ocr_line' id='line_1_18' title="bbox 41 1151 1456 1195; baseline 0.002 -13"><span class='ocrx_word' id='word_1_182' title='bbox 41 1153 123 1183; x_wconf 86' lang='lat' dir='ltr'><em>dett.</em></span> <span class='ocrx_word' id='word_1_183' title='bbox 149 1153 255 1191; x_wconf 65' lang='lat' dir='ltr'><em>codd„</em></span> <span class='ocrx_word' id='word_1_184' title='bbox 289 1154 403 1184; x_wconf 84' lang='lat' dir='ltr'>Drak.</span> <span class='ocrx_word' id='word_1_185' title='bbox 442 1151 681 1195; x_wconf 83' lang='lat' dir='ltr'>provocantes)</span> <span class='ocrx_word' id='word_1_186' title='bbox 708 1152 730 1186; x_wconf 82' lang='lat'>5</span> <span class='ocrx_word' id='word_1_187' title='bbox 755 1152 942 1194; x_wconf 84' lang='lat' dir='ltr'>(cotidiana</span> <span class='ocrx_word' id='word_1_188' title='bbox 967 1152 1033 1183; x_wconf 90' lang='lat' dir='ltr'>iam</span> <span class='ocrx_word' id='word_1_189' title='bbox 1058 1153 1175 1184; x_wconf 74' lang='lat' dir='ltr'>Alsch.</span> <span class='ocrx_word' id='word_1_190' title='bbox 1202 1165 1219 1184; x_wconf 90' lang='lat' dir='ltr'>e</span> <span class='ocrx_word' id='word_1_191' title='bbox 1243 1154 1292 1184; x_wconf 79' lang='lat' dir='ltr'>P.-</span> <span class='ocrx_word' id='word_1_192' title='bbox 1329 1155 1456 1185; x_wconf 88' lang='lat' dir='ltr'>coditia</span> 
     </span>
     <span class='ocr_line' id='line_1_19' title="bbox 40 1210 1455 1253; baseline 0.001 -12"><span class='ocrx_word' id='word_1_193' title='bbox 40 1210 115 1241; x_wconf 87' lang='lat' dir='ltr'>iam.</span> <span class='ocrx_word' id='word_1_194' title='bbox 155 1211 270 1242; x_wconf 86' lang='lat' dir='ltr'>Drak.</span> <span class='ocrx_word' id='word_1_195' title='bbox 297 1212 363 1243; x_wconf 90' lang='lat' dir='ltr'>iam</span> <span class='ocrx_word' id='word_1_196' title='bbox 389 1211 471 1253; x_wconf 89' lang='lat' dir='ltr'>om.)</span> <span class='ocrx_word' id='word_1_197' title='bbox 497 1211 518 1245; x_wconf 91' lang='grc'>6</span> <span class='ocrx_word' id='word_1_198' title='bbox 542 1211 665 1253; x_wconf 86' lang='lat' dir='ltr'>(portis</span> <span class='ocrx_word' id='word_1_199' title='bbox 692 1216 793 1242; x_wconf 89' lang='lat' dir='ltr'>staret</span> <span class='ocrx_word' id='word_1_200' title='bbox 827 1212 956 1250; x_wconf 69' lang='lat' dir='ltr'>Weiss„</span> <span class='ocrx_word' id='word_1_201' title='bbox 982 1213 1058 1252; x_wconf 70' lang='lat' dir='ltr'>Mg.</span> <span class='ocrx_word' id='word_1_202' title='bbox 1085 1213 1146 1243; x_wconf 87' lang='lat' dir='ltr'>Ex</span> <span class='ocrx_word' id='word_1_203' title='bbox 1170 1212 1367 1252; x_wconf 84' lang='lat' dir='ltr'>portistaret</span> <span class='ocrx_word' id='word_1_204' title='bbox 1402 1224 1455 1243; x_wconf 86' lang='lat' dir='ltr'>or-</span> 
     </span>
     <span class='ocr_line' id='line_1_20' title="bbox 42 1268 1457 1312; baseline 0.003 -13"><span class='ocrx_word' id='word_1_205' title='bbox 42 1272 113 1299; x_wconf 82' lang='lat' dir='ltr'>tum</span> <span class='ocrx_word' id='word_1_206' title='bbox 150 1269 186 1299; x_wconf 83' lang='lat' dir='ltr'>in</span> <span class='ocrx_word' id='word_1_207' title='bbox 224 1271 318 1301; x_wconf 87' lang='lat' dir='ltr'><em>codd.</em></span> <span class='ocrx_word' id='word_1_208' title='bbox 355 1270 464 1311; x_wconf 86' lang='lat' dir='ltr'>portis</span> <span class='ocrx_word' id='word_1_209' title='bbox 496 1270 570 1301; x_wconf 89' lang='lat' dir='ltr'>iret.</span> <span class='ocrx_word' id='word_1_210' title='bbox 633 1272 739 1301; x_wconf 89' lang='lat' dir='ltr'>Gron.</span> <span class='ocrx_word' id='word_1_211' title='bbox 773 1270 880 1311; x_wconf 88' lang='lat' dir='ltr'>portis</span> <span class='ocrx_word' id='word_1_212' title='bbox 914 1268 1014 1312; x_wconf 85' lang='lat' dir='ltr'>foret)</span> <span class='ocrx_word' id='word_1_213' title='bbox 1043 1270 1061 1303; x_wconf 79' lang='grc'><strong>7</strong></span> <span class='ocrx_word' id='word_1_214' title='bbox 1087 1271 1138 1312; x_wconf 92' lang='lat' dir='ltr'>(in</span> <span class='ocrx_word' id='word_1_215' title='bbox 1163 1272 1247 1302; x_wconf 91' lang='lat' dir='ltr'>urbe</span> <span class='ocrx_word' id='word_1_216' title='bbox 1281 1272 1399 1302; x_wconf 85' lang='lat' dir='ltr'>Weiss.</span> <span class='ocrx_word' id='word_1_217' title='bbox 1427 1273 1457 1303; x_wconf 85' lang='lat' dir='ltr'><em>P</em></span> 
     </span>
     <span class='ocr_line' id='line_1_21' title="bbox 41 1327 1454 1370; baseline 0.002 -12"><span class='ocrx_word' id='word_1_218' title='bbox 41 1327 186 1366; x_wconf 86' lang='lat' dir='ltr'>iniurise,</span> <span class='ocrx_word' id='word_1_219' title='bbox 208 1329 323 1359; x_wconf 80' lang='lat' dir='ltr'>Drak.</span> <span class='ocrx_word' id='word_1_220' title='bbox 349 1327 598 1370; x_wconf 83' lang='lat' dir='ltr'>intus)9(data</span> <span class='ocrx_word' id='word_1_221' title='bbox 616 1331 802 1360; x_wconf 84' lang='lat' dir='ltr'>damnavit</span> <span class='ocrx_word' id='word_1_222' title='bbox 819 1328 936 1370; x_wconf 83' lang='lat' dir='ltr'>Crev.)</span> <span class='ocrx_word' id='word_1_223' title='bbox 962 1328 1007 1362; x_wconf 85' lang='lat'>15</span> <span class='ocrx_word' id='word_1_224' title='bbox 1032 1328 1278 1370; x_wconf 87' lang='lat' dir='ltr'>(Romanorum</span> <span class='ocrx_word' id='word_1_225' title='bbox 1305 1331 1454 1368; x_wconf 73' lang='lat' dir='ltr'>amissis,</span> 
     </span>
     <span class='ocr_line' id='line_1_22' title="bbox 40 1385 1454 1429; baseline 0.003 -13"><span class='ocrx_word' id='word_1_226' title='bbox 40 1385 100 1416; x_wconf 91' lang='lat' dir='ltr'>sed</span> <span class='ocrx_word' id='word_1_227' title='bbox 125 1387 241 1417; x_wconf 73' lang='lat' dir='ltr'>Alsck.</span> <span class='ocrx_word' id='word_1_228' title='bbox 269 1398 287 1417; x_wconf 91' lang='lat' dir='ltr'>e</span> <span class='ocrx_word' id='word_1_229' title='bbox 311 1387 355 1418; x_wconf 86' lang='lat' dir='ltr'>P:</span> <span class='ocrx_word' id='word_1_230' title='bbox 383 1387 614 1418; x_wconf 89' lang='lat' dir='ltr'>Romanorum</span> <span class='ocrx_word' id='word_1_231' title='bbox 639 1388 817 1419; x_wconf 89' lang='lat' dir='ltr'>amisisset.</span> <span class='ocrx_word' id='word_1_232' title='bbox 868 1388 983 1422; x_wconf 85' lang='lat' dir='ltr'>Drak.</span> <span class='ocrx_word' id='word_1_233' title='bbox 1021 1388 1227 1429; x_wconf 87' lang='lat' dir='ltr'>quingentos</span> <span class='ocrx_word' id='word_1_234' title='bbox 1261 1390 1454 1420; x_wconf 88' lang='lat' dir='ltr'>Romanum</span> 
     </span>
     <span class='ocr_line' id='line_1_23' title="bbox 39 1444 1454 1490; baseline 0.003 -15"><span class='ocrx_word' id='word_1_235' title='bbox 39 1444 207 1486; x_wconf 88' lang='lat' dir='ltr'>amisisse)</span> <span class='ocrx_word' id='word_1_236' title='bbox 233 1444 277 1478; x_wconf 89' lang='lat'>16</span> <span class='ocrx_word' id='word_1_237' title='bbox 301 1445 414 1487; x_wconf 84' lang='lat' dir='ltr'>(gesta</span> <span class='ocrx_word' id='word_1_238' title='bbox 438 1451 488 1477; x_wconf 89' lang='lat' dir='ltr'>est</span> <span class='ocrx_word' id='word_1_239' title='bbox 513 1446 675 1477; x_wconf 84' lang='lat' dir='ltr'>Freinslz.</span> <span class='ocrx_word' id='word_1_240' title='bbox 709 1445 826 1483; x_wconf 88' lang='lat' dir='ltr'>Codd.,</span> <span class='ocrx_word' id='word_1_241' title='bbox 853 1447 968 1477; x_wconf 84' lang='lat' dir='ltr'>Drak.</span> <span class='ocrx_word' id='word_1_242' title='bbox 994 1452 1091 1487; x_wconf 83' lang='lat' dir='ltr'>gesta</span> <span class='ocrx_word' id='word_1_243' title='bbox 1117 1446 1175 1489; x_wconf 89' lang='lat' dir='ltr'>sit)</span> <span class='ocrx_word' id='word_1_244' title='bbox 1196 1444 1199 1490; x_wconf 95' lang='grc' dir='ltr'>Ι</span> <span class='ocrx_word' id='word_1_245' title='bbox 1221 1451 1301 1478; x_wconf 81' lang='lat' dir='ltr'>tunc</span> <span class='ocrx_word' id='word_1_246' title='bbox 1320 1449 1454 1479; x_wconf 88' lang='lat' dir='ltr'>vincen-</span> 
     </span>
     <span class='ocr_line' id='line_1_24' title="bbox 39 1502 1452 1546; baseline 0.002 -12"><span class='ocrx_word' id='word_1_247' title='bbox 39 1503 128 1534; x_wconf 88' lang='lat' dir='ltr'>tibus</span> <span class='ocrx_word' id='word_1_248' title='bbox 153 1502 389 1545; x_wconf 86' lang='lat' dir='ltr'>(Absurditas,</span> <span class='ocrx_word' id='word_1_249' title='bbox 417 1515 491 1546; x_wconf 80' lang='lat' dir='ltr'>quae</span> <span class='ocrx_word' id='word_1_250' title='bbox 517 1509 569 1535; x_wconf 85' lang='lat' dir='ltr'>est</span> <span class='ocrx_word' id='word_1_251' title='bbox 592 1505 627 1536; x_wconf 84' lang='lat' dir='ltr'>in</span> <span class='ocrx_word' id='word_1_252' title='bbox 655 1506 882 1542; x_wconf 89' lang='lat' dir='ltr'>vincentibus,</span> <span class='ocrx_word' id='word_1_253' title='bbox 916 1506 1010 1536; x_wconf 77' lang='lat' dir='ltr'>nz&#39;lzz‘l</span> <span class='ocrx_word' id='word_1_254' title='bbox 1039 1507 1180 1536; x_wconf 76' lang='lat' dir='ltr'>levatur</span> <span class='ocrx_word' id='word_1_255' title='bbox 1212 1507 1330 1537; x_wconf 77' lang='lat' dir='ltr'>addito</span> <span class='ocrx_word' id='word_1_256' title='bbox 1363 1513 1452 1538; x_wconf 91' lang='lat' dir='ltr'>tunc.</span> 
     </span>
     <span class='ocr_line' id='line_1_25' title="bbox 38 1561 1453 1608; baseline 0.003 -16"><span class='ocrx_word' id='word_1_257' title='bbox 38 1561 136 1592; x_wconf 81' lang='lat' dir='ltr'>Fort.</span> <span class='ocrx_word' id='word_1_258' title='bbox 161 1573 225 1593; x_wconf 89' lang='lat' dir='ltr'>scr.</span> <span class='ocrx_word' id='word_1_259' title='bbox 252 1562 388 1594; x_wconf 84' lang='lat' dir='ltr'>vincere</span> <span class='ocrx_word' id='word_1_260' title='bbox 413 1563 634 1602; x_wconf 83' lang='lat' dir='ltr'>discentibus,</span> <span class='ocrx_word' id='word_1_261' title='bbox 661 1564 741 1595; x_wconf 89' lang='lat' dir='ltr'>Em.</span> <span class='ocrx_word' id='word_1_262' title='bbox 769 1567 838 1598; x_wconf 79' lang='lat'>320</span> <span class='ocrx_word' id='word_1_263' title='bbox 865 1563 915 1605; x_wconf 89' lang='lat' dir='ltr'>n.)</span> <span class='ocrx_word' id='word_1_264' title='bbox 940 1564 1050 1602; x_wconf 91' lang='lat' dir='ltr'>XVII,</span> <span class='ocrx_word' id='word_1_265' title='bbox 1077 1564 1097 1597; x_wconf 84' lang='lat'>4</span> <span class='ocrx_word' id='word_1_266' title='bbox 1125 1565 1316 1596; x_wconf 85' lang='lat' dir='ltr'>obstinatos</span> <span class='ocrx_word' id='word_1_267' title='bbox 1346 1564 1453 1608; x_wconf 84' lang='lat' dir='ltr'>[inde]</span> 
     </span>
     <span class='ocr_line' id='line_1_26' title="bbox 40 1619 1453 1664; baseline 0.003 -14"><span class='ocrx_word' id='word_1_268' title='bbox 40 1620 130 1651; x_wconf 88' lang='lat' dir='ltr'>videt</span> <span class='ocrx_word' id='word_1_269' title='bbox 155 1619 370 1663; x_wconf 80' lang='lat' dir='ltr'>(Putschz&#39;us)</span> <span class='ocrx_word' id='word_1_270' title='bbox 398 1621 417 1654; x_wconf 85' lang='grc'>7</span> <span class='ocrx_word' id='word_1_271' title='bbox 443 1622 543 1652; x_wconf 88' lang='lat' dir='ltr'>nimis</span> <span class='ocrx_word' id='word_1_272' title='bbox 569 1623 672 1653; x_wconf 87' lang='lat' dir='ltr'>acciri</span> <span class='ocrx_word' id='word_1_273' title='bbox 697 1623 810 1664; x_wconf 87' lang='lat' dir='ltr'>(Fort.</span> <span class='ocrx_word' id='word_1_274' title='bbox 825 1633 891 1653; x_wconf 87' lang='lat' dir='ltr'>scr.</span> <span class='ocrx_word' id='word_1_275' title='bbox 918 1622 1140 1663; x_wconf 86' lang='lat' dir='ltr'>legionesque</span> <span class='ocrx_word' id='word_1_276' title='bbox 1165 1624 1280 1655; x_wconf 89' lang='lat' dir='ltr'>venire</span> <span class='ocrx_word' id='word_1_277' title='bbox 1294 1624 1453 1655; x_wconf 88' lang='lat' dir='ltr'>Numidae</span> 
     </span>
     <span class='ocr_line' id='line_1_27' title="bbox 39 1678 1454 1723; baseline 0.003 -14"><span class='ocrx_word' id='word_1_278' title='bbox 39 1678 95 1709; x_wconf 88' lang='lat' dir='ltr'>citi</span> <span class='ocrx_word' id='word_1_279' title='bbox 132 1679 352 1718; x_wconf 81' lang='lat' dir='ltr'>nuntiassent,</span> <span class='ocrx_word' id='word_1_280' title='bbox 391 1680 470 1711; x_wconf 92' lang='lat' dir='ltr'>Em.</span> <span class='ocrx_word' id='word_1_281' title='bbox 509 1683 588 1714; x_wconf 81' lang='lat'><strong><em>319.</em></strong></span> <span class='ocrx_word' id='word_1_282' title='bbox 651 1681 894 1711; x_wconf 65' lang='lat' dir='ltr'>Recentz‘orum</span> <span class='ocrx_word' id='word_1_283' title='bbox 932 1682 1083 1712; x_wconf 85' lang='lat' dir='ltr'>codicum</span> <span class='ocrx_word' id='word_1_284' title='bbox 1121 1682 1310 1721; x_wconf 79' lang='lat' dir='ltr'>scriptura,</span> <span class='ocrx_word' id='word_1_285' title='bbox 1349 1693 1454 1723; x_wconf 85' lang='lat' dir='ltr'>quam</span> 
     </span>
     <span class='ocr_line' id='line_1_28' title="bbox 38 1737 1453 1783; baseline 0.003 -15"><span class='ocrx_word' id='word_1_286' title='bbox 38 1737 235 1768; x_wconf 84' lang='lat' dir='ltr'><em>Muellerus</em></span> <span class='ocrx_word' id='word_1_287' title='bbox 260 1742 397 1769; x_wconf 86' lang='lat' dir='ltr'>secutus</span> <span class='ocrx_word' id='word_1_288' title='bbox 421 1743 480 1777; x_wconf 83' lang='lat' dir='ltr'>est,</span> <span class='ocrx_word' id='word_1_289' title='bbox 509 1750 551 1769; x_wconf 89' lang='lat' dir='ltr'>ne</span> <span class='ocrx_word' id='word_1_290' title='bbox 577 1740 769 1770; x_wconf 80' lang='lat' dir='ltr'>occultatur</span> <span class='ocrx_word' id='word_1_291' title='bbox 794 1740 930 1780; x_wconf 77' lang='lat' dir='ltr'>quidem</span> <span class='ocrx_word' id='word_1_292' title='bbox 953 1739 1142 1781; x_wconf 73' lang='lat' dir='ltr'>mendum.)</span> <span class='ocrx_word' id='word_1_293' title='bbox 1173 1738 1176 1783; x_wconf 93' lang='grc' dir='ltr'>Ι</span> <span class='ocrx_word' id='word_1_294' title='bbox 1205 1751 1246 1771; x_wconf 85' lang='lat' dir='ltr'>ne</span> <span class='ocrx_word' id='word_1_295' title='bbox 1273 1742 1347 1782; x_wconf 86' lang='lat' dir='ltr'>quis</span> <span class='ocrx_word' id='word_1_296' title='bbox 1374 1766 1380 1772; x_wconf 87' lang='lat'>.</span> <span class='ocrx_word' id='word_1_297' title='bbox 1411 1769 1418 1775; x_wconf 84' lang='lat'><em>,</em></span> <span class='ocrx_word' id='word_1_298' title='bbox 1446 1765 1453 1772; x_wconf 89' lang='lat'><strong>.</strong></span> 
     </span>
     <span class='ocr_line' id='line_1_29' title="bbox 38 1796 1451 1839; baseline 0.002 -12"><span class='ocrx_word' id='word_1_299' title='bbox 38 1806 172 1837; x_wconf 91' lang='lat' dir='ltr'>quoque</span> <span class='ocrx_word' id='word_1_300' title='bbox 198 1803 348 1828; x_wconf 88' lang='lat' dir='ltr'>oreretur</span> <span class='ocrx_word' id='word_1_301' title='bbox 372 1798 532 1828; x_wconf 85' lang='lat' dir='ltr'>tumultus</span> <span class='ocrx_word' id='word_1_302' title='bbox 559 1796 686 1839; x_wconf 87' lang='lat' dir='ltr'>(Gron.</span> <span class='ocrx_word' id='word_1_303' title='bbox 705 1798 738 1828; x_wconf 87' lang='lat' dir='ltr'><em>P</em></span> <span class='ocrx_word' id='word_1_304' title='bbox 760 1808 802 1828; x_wconf 91' lang='lat' dir='ltr'>ne</span> <span class='ocrx_word' id='word_1_305' title='bbox 829 1798 903 1838; x_wconf 88' lang='lat' dir='ltr'>quis</span> <span class='ocrx_word' id='word_1_306' title='bbox 931 1822 938 1828; x_wconf 93' lang='lat'><em>.</em></span> <span class='ocrx_word' id='word_1_307' title='bbox 967 1823 972 1829; x_wconf 96' lang='lat'>.</span> <span class='ocrx_word' id='word_1_308' title='bbox 1002 1823 1008 1829; x_wconf 90' lang='lat'>.</span> <span class='ocrx_word' id='word_1_309' title='bbox 1037 1808 1175 1839; x_wconf 83' lang='lat' dir='ltr'>quoque</span> <span class='ocrx_word' id='word_1_310' title='bbox 1203 1805 1451 1830; x_wconf 83' lang='lat' dir='ltr'>orerecurrunt.</span> 
     </span>
     <span class='ocr_line' id='line_1_30' title="bbox 37 1854 1452 1899; baseline 0.002 -13"><span class='ocrx_word' id='word_1_311' title='bbox 37 1854 150 1886; x_wconf 79' lang='lat' dir='ltr'>Drak.</span> <span class='ocrx_word' id='word_1_312' title='bbox 178 1865 220 1886; x_wconf 91' lang='lat' dir='ltr'>ne</span> <span class='ocrx_word' id='word_1_313' title='bbox 245 1855 320 1897; x_wconf 91' lang='lat' dir='ltr'>quis</span> <span class='ocrx_word' id='word_1_314' title='bbox 345 1879 352 1886; x_wconf 90' lang='lat'>.</span> <span class='ocrx_word' id='word_1_315' title='bbox 382 1879 388 1886; x_wconf 96' lang='lat'>.</span> <span class='ocrx_word' id='word_1_316' title='bbox 417 1880 424 1886; x_wconf 96' lang='lat'>.</span> <span class='ocrx_word' id='word_1_317' title='bbox 453 1855 604 1896; x_wconf 88' lang='lat' dir='ltr'>Capuam</span> <span class='ocrx_word' id='word_1_318' title='bbox 633 1866 768 1897; x_wconf 88' lang='lat' dir='ltr'>quoque</span> <span class='ocrx_word' id='word_1_319' title='bbox 793 1856 953 1899; x_wconf 81' lang='lat' dir='ltr'>recurrat)</span> <span class='ocrx_word' id='word_1_320' title='bbox 988 1857 1008 1889; x_wconf 82' lang='lat'><strong><em>9</em></strong></span> <span class='ocrx_word' id='word_1_321' title='bbox 1040 1857 1320 1898; x_wconf 86' lang='lat' dir='ltr'>(aggregantibus</span> <span class='ocrx_word' id='word_1_322' title='bbox 1356 1858 1452 1889; x_wconf 81' lang='lat' dir='ltr'>Crev.</span> 
     </span>
     <span class='ocr_line' id='line_1_31' title="bbox 38 1913 1454 1959; baseline 0.003 -15"><span class='ocrx_word' id='word_1_323' title='bbox 38 1913 72 1944; x_wconf 90' lang='lat' dir='ltr'><em>P</em></span> <span class='ocrx_word' id='word_1_324' title='bbox 90 1913 327 1959; x_wconf 79' lang='lat' dir='ltr'>adgregantur,</span> <span class='ocrx_word' id='word_1_325' title='bbox 354 1915 467 1946; x_wconf 84' lang='lat' dir='ltr'>Drak.</span> <span class='ocrx_word' id='word_1_326' title='bbox 496 1913 737 1957; x_wconf 87' lang='lat' dir='ltr'>adgregarent)</span> <span class='ocrx_word' id='word_1_327' title='bbox 765 1914 809 1947; x_wconf 82' lang='lat'>10</span> <span class='ocrx_word' id='word_1_328' title='bbox 834 1914 885 1956; x_wconf 85' lang='lat' dir='ltr'>(ut</span> <span class='ocrx_word' id='word_1_329' title='bbox 912 1916 954 1946; x_wconf 87' lang='lat' dir='ltr'>de</span> <span class='ocrx_word' id='word_1_330' title='bbox 974 1939 980 1945; x_wconf 95' lang='lat'>.</span> <span class='ocrx_word' id='word_1_331' title='bbox 999 1939 1004 1946; x_wconf 96' lang='lat'>.</span> <span class='ocrx_word' id='word_1_332' title='bbox 1021 1939 1028 1946; x_wconf 86' lang='lat'>.</span> <span class='ocrx_word' id='word_1_333' title='bbox 1056 1915 1204 1947; x_wconf 83' lang='lat' dir='ltr'>habuere</span> <span class='ocrx_word' id='word_1_334' title='bbox 1237 1916 1336 1948; x_wconf 72' lang='lat' dir='ltr'>Crev.</span> <span class='ocrx_word' id='word_1_335' title='bbox 1353 1917 1387 1947; x_wconf 84' lang='lat' dir='ltr'><em>P</em></span> <span class='ocrx_word' id='word_1_336' title='bbox 1408 1918 1454 1948; x_wconf 85' lang='lat' dir='ltr'>ita</span> 
     </span>
     <span class='ocr_line' id='line_1_32' title="bbox 38 1971 1452 2017; baseline 0.002 -14"><span class='ocrx_word' id='word_1_337' title='bbox 38 1971 80 2003; x_wconf 87' lang='lat' dir='ltr'>de</span> <span class='ocrx_word' id='word_1_338' title='bbox 107 1996 113 2003; x_wconf 94' lang='lat'>.</span> <span class='ocrx_word' id='word_1_339' title='bbox 142 1996 149 2003; x_wconf 94' lang='lat'><strong><em>.</em></strong></span> <span class='ocrx_word' id='word_1_340' title='bbox 178 1996 185 2003; x_wconf 89' lang='lat'><strong><em>.</em></strong></span> <span class='ocrx_word' id='word_1_341' title='bbox 218 1973 362 2011; x_wconf 85' lang='lat' dir='ltr'>habere,</span> <span class='ocrx_word' id='word_1_342' title='bbox 398 1974 509 2005; x_wconf 79' lang='lat' dir='ltr'>Drak.</span> <span class='ocrx_word' id='word_1_343' title='bbox 543 1975 680 2015; x_wconf 87' lang='lat' dir='ltr'>iamque</span> <span class='ocrx_word' id='word_1_344' title='bbox 708 1974 749 2004; x_wconf 86' lang='lat' dir='ltr'>de</span> <span class='ocrx_word' id='word_1_345' title='bbox 776 1997 783 2004; x_wconf 94' lang='lat'><strong>.</strong></span> <span class='ocrx_word' id='word_1_346' title='bbox 812 1998 818 2004; x_wconf 95' lang='lat'>.</span> <span class='ocrx_word' id='word_1_347' title='bbox 847 1997 853 2004; x_wconf 96' lang='lat'>.</span> <span class='ocrx_word' id='word_1_348' title='bbox 881 1972 1044 2016; x_wconf 83' lang='lat' dir='ltr'>habuere)</span> <span class='ocrx_word' id='word_1_349' title='bbox 1078 1974 1212 2012; x_wconf 90' lang='lat' dir='ltr'>XVIII,</span> <span class='ocrx_word' id='word_1_350' title='bbox 1248 1974 1265 2007; x_wconf 89' lang='grc'>1</span> <span class='ocrx_word' id='word_1_351' title='bbox 1301 1974 1349 2017; x_wconf 90' lang='lat' dir='ltr'>(vi</span> <span class='ocrx_word' id='word_1_352' title='bbox 1382 1986 1452 2007; x_wconf 89' lang='lat' dir='ltr'>rem</span> 
     </span>
     <span class='ocr_line' id='line_1_33' title="bbox 37 2030 1454 2076; baseline 0.004 -16"><span class='ocrx_word' id='word_1_353' title='bbox 37 2030 175 2062; x_wconf 85' lang='lat' dir='ltr'>Heerw.</span> <span class='ocrx_word' id='word_1_354' title='bbox 203 2042 220 2062; x_wconf 88' lang='lat' dir='ltr'>e</span> <span class='ocrx_word' id='word_1_355' title='bbox 245 2031 295 2063; x_wconf 89' lang='lat' dir='ltr'>P:</span> <span class='ocrx_word' id='word_1_356' title='bbox 323 2037 358 2062; x_wconf 93' lang='lat' dir='ltr'>ut</span> <span class='ocrx_word' id='word_1_357' title='bbox 383 2042 465 2063; x_wconf 86' lang='lat' dir='ltr'>rem.</span> <span class='ocrx_word' id='word_1_358' title='bbox 494 2033 606 2063; x_wconf 82' lang='lat' dir='ltr'>Drak.</span> <span class='ocrx_word' id='word_1_359' title='bbox 634 2032 720 2074; x_wconf 83' lang='lat' dir='ltr'>rem)</span> <span class='ocrx_word' id='word_1_360' title='bbox 747 2033 768 2066; x_wconf 81' lang='lat'>5</span> <span class='ocrx_word' id='word_1_361' title='bbox 794 2032 960 2074; x_wconf 87' lang='lat' dir='ltr'>oppositis</span> <span class='ocrx_word' id='word_1_362' title='bbox 988 2031 1085 2073; x_wconf 76' lang='lat' dir='ltr'><em>(Lov.</em></span> <span class='ocrx_word' id='word_1_363' title='bbox 1114 2035 1146 2070; x_wconf 76' lang='lat'>4,</span> <span class='ocrx_word' id='word_1_364' title='bbox 1174 2034 1248 2074; x_wconf 76' lang='lat' dir='ltr'>Mg.</span> <span class='ocrx_word' id='word_1_365' title='bbox 1276 2034 1355 2064; x_wconf 83' lang='lat' dir='ltr'>Em.</span> <span class='ocrx_word' id='word_1_366' title='bbox 1370 2033 1454 2076; x_wconf 73' lang='lat'>320)</span> 
     </span>
     <span class='ocr_line' id='line_1_34' title="bbox 37 2087 1456 2131; baseline 0.001 -10"><span class='ocrx_word' id='word_1_367' title='bbox 37 2087 58 2121; x_wconf 88' lang='lat'>8</span> <span class='ocrx_word' id='word_1_368' title='bbox 96 2093 130 2120; x_wconf 88' lang='lat' dir='ltr'>et</span> <span class='ocrx_word' id='word_1_369' title='bbox 164 2089 185 2123; x_wconf 82' lang='grc'><strong>9</strong></span> <span class='ocrx_word' id='word_1_370' title='bbox 224 2090 340 2122; x_wconf 89' lang='lat' dir='ltr'>deerat</span> <span class='ocrx_word' id='word_1_371' title='bbox 378 2093 421 2122; x_wconf 79' lang='lat' dir='ltr'>ab</span> <span class='ocrx_word' id='word_1_372' title='bbox 460 2091 562 2122; x_wconf 85' lang='lat' dir='ltr'>sociis</span> <span class='ocrx_word' id='word_1_373' title='bbox 594 2091 846 2128; x_wconf 86' lang='lat' dir='ltr'>Romanorum;</span> <span class='ocrx_word' id='word_1_374' title='bbox 874 2091 1134 2131; x_wconf 86' lang='lat' dir='ltr'>propugnacula</span> <span class='ocrx_word' id='word_1_375' title='bbox 1159 2102 1176 2122; x_wconf 93' lang='lat' dir='ltr'>e</span> <span class='ocrx_word' id='word_1_376' title='bbox 1202 2093 1287 2123; x_wconf 84' lang='lat' dir='ltr'>coni.</span> <span class='ocrx_word' id='word_1_377' title='bbox 1314 2094 1456 2124; x_wconf 81' lang='lat' dir='ltr'>Luchsz&#39;i</span> 
     </span>
     <span class='ocr_line' id='line_1_35' title="bbox 35 2145 1453 2193; baseline 0.004 -14"><span class='ocrx_word' id='word_1_378' title='bbox 35 2145 165 2188; x_wconf 76' lang='lat' dir='ltr'>(Gron-</span> <span class='ocrx_word' id='word_1_379' title='bbox 195 2148 309 2186; x_wconf 63' lang='lat' dir='ltr'><em>Codd„</em></span> <span class='ocrx_word' id='word_1_380' title='bbox 335 2150 449 2180; x_wconf 89' lang='lat' dir='ltr'>Drak.</span> <span class='ocrx_word' id='word_1_381' title='bbox 478 2149 602 2181; x_wconf 84' lang='lat' dir='ltr'>deerat.</span> <span class='ocrx_word' id='word_1_382' title='bbox 631 2150 723 2181; x_wconf 86' lang='lat' dir='ltr'>Socii</span> <span class='ocrx_word' id='word_1_383' title='bbox 749 2151 980 2181; x_wconf 87' lang='lat' dir='ltr'>Romanorum</span> <span class='ocrx_word' id='word_1_384' title='bbox 1007 2149 1279 2193; x_wconf 86' lang='lat' dir='ltr'>propugnacula)</span> <span class='ocrx_word' id='word_1_385' title='bbox 1306 2152 1404 2189; x_wconf 89' lang='lat' dir='ltr'>XIX,</span> <span class='ocrx_word' id='word_1_386' title='bbox 1435 2152 1453 2185; x_wconf 82' lang='grc'>7</span> 
     </span>
     <span class='ocr_line' id='line_1_36' title="bbox 36 2207 1452 2247; baseline 0.004 -11"><span class='ocrx_word' id='word_1_387' title='bbox 36 2210 70 2237; x_wconf 89' lang='lat' dir='ltr'>et</span> <span class='ocrx_word' id='word_1_388' title='bbox 95 2216 187 2247; x_wconf 89' lang='lat' dir='ltr'>aegre</span> <span class='ocrx_word' id='word_1_389' title='bbox 214 2217 336 2238; x_wconf 85' lang='lat' dir='ltr'>errore</span> <span class='ocrx_word' id='word_1_390' title='bbox 374 2207 417 2241; x_wconf 88' lang='grc'>14</span> <span class='ocrx_word' id='word_1_391' title='bbox 455 2213 640 2239; x_wconf 83' lang='lat' dir='ltr'>nascuntur</span> <span class='ocrx_word' id='word_1_392' title='bbox 677 2219 808 2247; x_wconf 82' lang='lat' dir='ltr'>errore,</span> <span class='ocrx_word' id='word_1_393' title='bbox 847 2212 888 2238; x_wconf 90' lang='lat' dir='ltr'>ut</span> <span class='ocrx_word' id='word_1_394' title='bbox 922 2210 1063 2239; x_wconf 71' lang='lat' dir='ltr'>videtur</span> <span class='ocrx_word' id='word_1_395' title='bbox 1097 2208 1141 2242; x_wconf 84' lang='grc'>16</span> <span class='ocrx_word' id='word_1_396' title='bbox 1173 2210 1287 2240; x_wconf 82' lang='lat' dir='ltr'>emissi</span> <span class='ocrx_word' id='word_1_397' title='bbox 1325 2222 1343 2240; x_wconf 88' lang='lat' dir='ltr'>e</span> <span class='ocrx_word' id='word_1_398' title='bbox 1368 2212 1452 2242; x_wconf 88' lang='lat' dir='ltr'>coni.</span> 
     </span>
     <span class='ocr_line' id='line_1_37' title="bbox 36 2264 1453 2310; baseline 0.004 -15"><span class='ocrx_word' id='word_1_399' title='bbox 36 2264 177 2296; x_wconf 75' lang='lat' dir='ltr'>Luchsii</span> <span class='ocrx_word' id='word_1_400' title='bbox 201 2264 358 2307; x_wconf 81' lang='lat' dir='ltr'>(z&#39;nutili‚·</span> <span class='ocrx_word' id='word_1_401' title='bbox 383 2268 521 2297; x_wconf 87' lang='lat' dir='ltr'>domum</span> <span class='ocrx_word' id='word_1_402' title='bbox 547 2271 581 2297; x_wconf 88' lang='lat' dir='ltr'>et</span> <span class='ocrx_word' id='word_1_403' title='bbox 604 2268 653 2297; x_wconf 89' lang='lat' dir='ltr'>ad</span> <span class='ocrx_word' id='word_1_404' title='bbox 676 2278 756 2298; x_wconf 82' lang='lat' dir='ltr'>suos</span> <span class='ocrx_word' id='word_1_405' title='bbox 780 2267 920 2298; x_wconf 79' lang='lat' dir='ltr'>remissi</span> <span class='ocrx_word' id='word_1_406' title='bbox 950 2267 1060 2308; x_wconf 80' lang='lat' dir='ltr'>sunt.)</span> <span class='ocrx_word' id='word_1_407' title='bbox 1088 2266 1091 2310; x_wconf 91' lang='grc' dir='ltr'>Ι</span> <span class='ocrx_word' id='word_1_408' title='bbox 1122 2266 1266 2309; x_wconf 83' lang='lat' dir='ltr'>(summa</span> <span class='ocrx_word' id='word_1_409' title='bbox 1292 2279 1367 2300; x_wconf 92' lang='lat' dir='ltr'>cum</span> <span class='ocrx_word' id='word_1_410' title='bbox 1388 2269 1453 2301; x_wconf 83' lang='lat' dir='ltr'>fide</span> 
     </span>
     <span class='ocr_line' id='line_1_38' title="bbox 36 2323 1451 2368; baseline 0.004 -14"><span class='ocrx_word' id='word_1_411' title='bbox 36 2323 121 2354; x_wconf 79' lang='lat' dir='ltr'><em>Rob.</em></span> <span class='ocrx_word' id='word_1_412' title='bbox 153 2325 272 2356; x_wconf 83' lang='lat' dir='ltr'><em>Titius.</em></span> <span class='ocrx_word' id='word_1_413' title='bbox 303 2325 417 2363; x_wconf 66' lang='lat' dir='ltr'>codd„</span> <span class='ocrx_word' id='word_1_414' title='bbox 443 2325 558 2356; x_wconf 86' lang='lat' dir='ltr'>Drak.</span> <span class='ocrx_word' id='word_1_415' title='bbox 611 2326 735 2356; x_wconf 92' lang='lat' dir='ltr'>Cumas</span> <span class='ocrx_word' id='word_1_416' title='bbox 763 2336 837 2356; x_wconf 89' lang='lat' dir='ltr'>cum</span> <span class='ocrx_word' id='word_1_417' title='bbox 865 2325 946 2368; x_wconf 89' lang='lat' dir='ltr'>fide)</span> <span class='ocrx_word' id='word_1_418' title='bbox 977 2325 1020 2359; x_wconf 77' lang='grc'>17</span> <span class='ocrx_word' id='word_1_419' title='bbox 1047 2327 1190 2364; x_wconf 84' lang='lat' dir='ltr'>fuerunt,</span> <span class='ocrx_word' id='word_1_420' title='bbox 1218 2327 1328 2358; x_wconf 89' lang='lat' dir='ltr'>minus</span> <span class='ocrx_word' id='word_1_421' title='bbox 1356 2329 1451 2359; x_wconf 88' lang='lat' dir='ltr'>dimi-</span> 
     </span>
     <span class='ocr_line' id='line_1_39' title="bbox 37 2381 1453 2428; baseline 0.003 -15"><span class='ocrx_word' id='word_1_422' title='bbox 37 2381 128 2413; x_wconf 89' lang='lat' dir='ltr'>dium</span> <span class='ocrx_word' id='word_1_423' title='bbox 154 2382 242 2424; x_wconf 73' lang='lat' dir='ltr'><em>(Mg.</em></span> <span class='ocrx_word' id='word_1_424' title='bbox 272 2386 373 2418; x_wconf 87' lang='lat'><strong><em>1880.</em></strong></span> <span class='ocrx_word' id='word_1_425' title='bbox 406 2385 478 2424; x_wconf 83' lang='lat' dir='ltr'>Qui</span> <span class='ocrx_word' id='word_1_426' title='bbox 501 2386 617 2415; x_wconf 75' lang='lat' dir='ltr'>minus</span> <span class='ocrx_word' id='word_1_427' title='bbox 643 2384 825 2415; x_wconf 82' lang='lat' dir='ltr'>dimidium</span> <span class='ocrx_word' id='word_1_428' title='bbox 843 2385 993 2427; x_wconf 84' lang='lat' dir='ltr'>serrum</span> <span class='ocrx_word' id='word_1_429' title='bbox 1002 2386 1212 2427; x_wconf 75' lang='lat' dir='ltr'>famemque</span> <span class='ocrx_word' id='word_1_430' title='bbox 1226 2387 1453 2428; x_wconf 74' lang='lat' dir='ltr'>absumpsisse</span> 
     </span>
     <span class='ocr_line' id='line_1_40' title="bbox 37 2442 1451 2486; baseline 0.003 -15"><span class='ocrx_word' id='word_1_431' title='bbox 37 2442 128 2480; x_wconf 77' lang='lat' dir='ltr'><em>dicit,</em></span> <span class='ocrx_word' id='word_1_432' title='bbox 155 2443 336 2484; x_wconf 79' lang='lat' dir='ltr'>significat</span> <span class='ocrx_word' id='word_1_433' title='bbox 358 2444 490 2474; x_wconf 86' lang='lat' dir='ltr'>cladem</span> <span class='ocrx_word' id='word_1_434' title='bbox 518 2445 734 2474; x_wconf 83' lang='lat' dir='ltr'>tolerabilem</span> <span class='ocrx_word' id='word_1_435' title='bbox 755 2455 815 2474; x_wconf 87' lang='lat' dir='ltr'>nec</span> <span class='ocrx_word' id='word_1_436' title='bbox 838 2443 981 2474; x_wconf 85' lang='lat' dir='ltr'>nimiam</span> <span class='ocrx_word' id='word_1_437' title='bbox 998 2444 1129 2486; x_wconf 81' lang='lat' dir='ltr'>fuisse,</span> <span class='ocrx_word' id='word_1_438' title='bbox 1156 2446 1249 2484; x_wconf 81' lang='lat' dir='ltr'><em>quod</em></span> <span class='ocrx_word' id='word_1_439' title='bbox 1265 2446 1451 2475; x_wconf 72' lang='lat' dir='ltr'>ridiculum</span> 
     </span>
     <span class='ocr_line' id='line_1_41' title="bbox 37 2502 1451 2545; baseline 0.003 -15"><span class='ocrx_word' id='word_1_440' title='bbox 37 2503 88 2530; x_wconf 85' lang='lat' dir='ltr'>est</span> <span class='ocrx_word' id='word_1_441' title='bbox 103 2505 171 2541; x_wconf 82' lang='lat' dir='ltr'>per</span> <span class='ocrx_word' id='word_1_442' title='bbox 195 2511 231 2531; x_wconf 83' lang='lat' dir='ltr'>se</span> <span class='ocrx_word' id='word_1_443' title='bbox 256 2505 291 2531; x_wconf 88' lang='lat' dir='ltr'>et</span> <span class='ocrx_word' id='word_1_444' title='bbox 314 2503 363 2532; x_wconf 87' lang='lat' dir='ltr'>ad</span> <span class='ocrx_word' id='word_1_445' title='bbox 386 2502 452 2532; x_wconf 88' lang='lat' dir='ltr'><em>locz&#39;</em></span> <span class='ocrx_word' id='word_1_446' title='bbox 478 2502 686 2532; x_wconf 81' lang='lat' dir='ltr'>sententiam</span> <span class='ocrx_word' id='word_1_447' title='bbox 719 2503 886 2544; x_wconf 77' lang='lat' dir='ltr'>ineptum;</span> <span class='ocrx_word' id='word_1_448' title='bbox 922 2504 983 2544; x_wconf 81' lang='lat' dir='ltr'>qui</span> <span class='ocrx_word' id='word_1_449' title='bbox 1010 2514 1158 2544; x_wconf 73' lang='lat' dir='ltr'>gravem</span> <span class='ocrx_word' id='word_1_450' title='bbox 1191 2505 1322 2534; x_wconf 66' lang='lat' dir='ltr'>claa&#39;em</span> <span class='ocrx_word' id='word_1_451' title='bbox 1356 2515 1451 2545; x_wconf 78' lang='lat' dir='ltr'>mag-</span> 
     </span>
     <span class='ocr_line' id='line_1_42' title="bbox 36 2560 1450 2602; baseline 0.003 -14"><span class='ocrx_word' id='word_1_452' title='bbox 36 2568 184 2600; x_wconf 82' lang='lat' dir='ltr'>namque</span> <span class='ocrx_word' id='word_1_453' title='bbox 203 2560 417 2600; x_wconf 80' lang='lat' dir='ltr'>patientiam</span> <span class='ocrx_word' id='word_1_454' title='bbox 442 2561 631 2602; x_wconf 76' lang='lat' dir='ltr'>significat,</span> <span class='ocrx_word' id='word_1_455' title='bbox 659 2561 760 2602; x_wconf 84' lang='lat' dir='ltr'>paulo</span> <span class='ocrx_word' id='word_1_456' title='bbox 785 2561 907 2600; x_wconf 92' lang='lat' dir='ltr'>minus,</span> <span class='ocrx_word' id='word_1_457' title='bbox 936 2573 1001 2592; x_wconf 94' lang='lat' dir='ltr'>non</span> <span class='ocrx_word' id='word_1_458' title='bbox 1028 2562 1256 2592; x_wconf 88' lang='lat' dir='ltr'>multominus</span> <span class='ocrx_word' id='word_1_459' title='bbox 1275 2562 1450 2593; x_wconf 89' lang='lat' dir='ltr'>dimidium</span> 
     </span>
     <span class='ocr_line' id='line_1_43' title="bbox 36 2618 1453 2656; baseline 0.004 -10"><span class='ocrx_word' id='word_1_460' title='bbox 36 2619 100 2646; x_wconf 83' lang='lat' dir='ltr'>aut</span> <span class='ocrx_word' id='word_1_461' title='bbox 123 2627 191 2648; x_wconf 90' lang='lat' dir='ltr'>non</span> <span class='ocrx_word' id='word_1_462' title='bbox 217 2618 327 2649; x_wconf 88' lang='lat' dir='ltr'>minus</span> <span class='ocrx_word' id='word_1_463' title='bbox 352 2618 529 2650; x_wconf 81' lang='lat' dir='ltr'>dimidium</span> <span class='ocrx_word' id='word_1_464' title='bbox 557 2620 748 2650; x_wconf 81' lang='lat' dir='ltr'>necessario</span> <span class='ocrx_word' id='word_1_465' title='bbox 775 2620 865 2651; x_wconf 81' lang='lat' dir='ltr'><em>dicit.</em></span> <span class='ocrx_word' id='word_1_466' title='bbox 894 2621 1035 2651; x_wconf 82' lang='lat' dir='ltr'>Prz&#39;dem</span> <span class='ocrx_word' id='word_1_467' title='bbox 1062 2622 1122 2651; x_wconf 79' lang='lat' dir='ltr'>lzoc</span> <span class='ocrx_word' id='word_1_468' title='bbox 1154 2631 1331 2651; x_wconf 82' lang='lat' dir='ltr'>senseram</span> <span class='ocrx_word' id='word_1_469' title='bbox 1341 2632 1355 2656; x_wconf 88' lang='lat'>,·</span> <span class='ocrx_word' id='word_1_470' title='bbox 1391 2623 1453 2652; x_wconf 83' lang='lat' dir='ltr'>sed</span> 
     </span>
    </p>
   </div>
  </div>
 </body>
</html>
