<?xml version="1.0" encoding="UTF-8"?>
<!DOCTYPE html PUBLIC "-//W3C//DTD XHTML 1.0 Transitional//EN"
    "http://www.w3.org/TR/xhtml1/DTD/xhtml1-transitional.dtd">
<html xmlns="http://www.w3.org/1999/xhtml" xml:lang="en" lang="en">
 <head>
  <title>
</title>
<meta http-equiv="Content-Type" content="text/html;charset=utf-8" />
  <meta name='ocr-system' content='tesseract 3.04.00' />
  <meta name='ocr-capabilities' content='ocr_page ocr_carea ocr_par ocr_line ocrx_word'/>
</head>
<body>
  <div class='ocr_page' id='page_1' title='image "./historiarumroman02livyuoft_0277.png"; bbox 0 0 1789 2955; ppageno 0'>
   <div class='ocr_carea' id='block_1_1' title="bbox 563 113 1535 156">
    <p class='ocr_par' dir='ltr' id='par_1_1' title="bbox 563 113 1535 156">
     <span class='ocr_line' id='line_1_1' title="bbox 563 113 1535 156; baseline 0.002 -13"><span class='ocrx_word' id='word_1_1' title='bbox 563 113 666 143; x_wconf 76' lang='lat' dir='ltr'>Liber</span> <span class='ocrx_word' id='word_1_2' title='bbox 684 113 791 143; x_wconf 72' lang='lat' dir='ltr'>xxv.</span> <span class='ocrx_word' id='word_1_3' title='bbox 837 113 893 154; x_wconf 84' lang='lat' dir='ltr'>(A.</span> <span class='ocrx_word' id='word_1_4' title='bbox 921 113 982 144; x_wconf 85' lang='lat' dir='ltr'>Ch.</span> <span class='ocrx_word' id='word_1_5' title='bbox 1010 113 1104 156; x_wconf 76' lang='lat'>212.)</span> <span class='ocrx_word' id='word_1_6' title='bbox 1454 116 1535 155; x_wconf 71' lang='lat'>237</span> 
     </span>
    </p>
   </div>
   <div class='ocr_carea' id='block_1_2' title="bbox 123 244 1654 924">
    <p class='ocr_par' dir='ltr' id='par_1_2' title="bbox 123 244 1610 643">
     <span class='ocr_line' id='line_1_2' title="bbox 124 244 1538 294; baseline -0.001 -12"><span class='ocrx_word' id='word_1_7' title='bbox 124 251 167 282; x_wconf 93' lang='lat' dir='ltr'>ut</span> <span class='ocrx_word' id='word_1_8' title='bbox 182 245 355 294; x_wconf 91' lang='lat' dir='ltr'>populus</span> <span class='ocrx_word' id='word_1_9' title='bbox 373 256 444 292; x_wconf 90' lang='lat' dir='ltr'>per</span> <span class='ocrx_word' id='word_1_10' title='bbox 461 256 533 281; x_wconf 91' lang='lat' dir='ltr'>eos</span> <span class='ocrx_word' id='word_1_11' title='bbox 551 245 669 281; x_wconf 92' lang='lat' dir='ltr'>ludos</span> <span class='ocrx_word' id='word_1_12' title='bbox 688 244 833 292; x_wconf 82' lang='lat' dir='ltr'><strong>stipem</strong></span> <span class='ocrx_word' id='word_1_13' title='bbox 850 245 1040 292; x_wconf 84' lang='lat' dir='ltr'>Apollini,</span> <span class='ocrx_word' id='word_1_14' title='bbox 1065 250 1258 292; x_wconf 90' lang='lat' dir='ltr'>quantam</span> <span class='ocrx_word' id='word_1_15' title='bbox 1277 246 1538 281; x_wconf 89' lang='lat' dir='ltr'>commodum</span> 
     </span>
     <span class='ocr_line' id='line_1_3' title="bbox 124 313 1610 363; baseline 0.001 -12"><span class='ocrx_word' id='word_1_16' title='bbox 124 319 244 359; x_wconf 84' lang='lat' dir='ltr'>esset,</span> <span class='ocrx_word' id='word_1_17' title='bbox 278 314 491 351; x_wconf 86' lang='lat' dir='ltr'>conferret.</span> <span class='ocrx_word' id='word_1_18' title='bbox 555 314 654 350; x_wconf 83' lang='lat' dir='ltr'>Haec</span> <span class='ocrx_word' id='word_1_19' title='bbox 687 320 748 350; x_wconf 92' lang='lat' dir='ltr'>est</span> <span class='ocrx_word' id='word_1_20' title='bbox 780 314 894 362; x_wconf 90' lang='lat' dir='ltr'>origo</span> <span class='ocrx_word' id='word_1_21' title='bbox 919 315 1106 350; x_wconf 86' lang='lat' dir='ltr'>ludorum</span> <span class='ocrx_word' id='word_1_22' title='bbox 1124 315 1428 363; x_wconf 84' lang='lat' dir='ltr'>Apollinarium,</span> <span class='ocrx_word' id='word_1_23' title='bbox 1463 316 1540 352; x_wconf 79' lang='lat' dir='ltr'>vic—</span> <span class='ocrx_word' id='word_1_24' title='bbox 1560 313 1610 353; x_wconf 78' lang='lat'>15</span> 
     </span>
     <span class='ocr_line' id='line_1_4' title="bbox 124 385 1540 432; baseline 0.001 -11"><span class='ocrx_word' id='word_1_25' title='bbox 124 385 249 429; x_wconf 91' lang='lat' dir='ltr'>toriae,</span> <span class='ocrx_word' id='word_1_26' title='bbox 280 397 365 421; x_wconf 90' lang='lat' dir='ltr'>non</span> <span class='ocrx_word' id='word_1_27' title='bbox 390 385 632 421; x_wconf 87' lang='lat' dir='ltr'>valetudinis</span> <span class='ocrx_word' id='word_1_28' title='bbox 656 396 767 432; x_wconf 87' lang='lat' dir='ltr'>ergo,</span> <span class='ocrx_word' id='word_1_29' title='bbox 797 389 839 420; x_wconf 91' lang='lat' dir='ltr'>ut</span> <span class='ocrx_word' id='word_1_30' title='bbox 864 385 1043 432; x_wconf 79' lang='lat' dir='ltr'>plerique</span> <span class='ocrx_word' id='word_1_31' title='bbox 1068 390 1216 429; x_wconf 87' lang='lat' dir='ltr'>rentur,</span> <span class='ocrx_word' id='word_1_32' title='bbox 1246 391 1430 421; x_wconf 91' lang='lat' dir='ltr'>votorum</span> <span class='ocrx_word' id='word_1_33' title='bbox 1459 386 1540 422; x_wconf 86' lang='lat' dir='ltr'>fac-</span> 
     </span>
     <span class='ocr_line' id='line_1_5' title="bbox 124 455 1541 504; baseline 0.001 -13"><span class='ocrx_word' id='word_1_34' title='bbox 124 460 349 503; x_wconf 85' lang='lat' dir='ltr'><strong>torumque.</strong></span> <span class='ocrx_word' id='word_1_35' title='bbox 411 455 589 503; x_wconf 91' lang='lat' dir='ltr'>Populus</span> <span class='ocrx_word' id='word_1_36' title='bbox 622 460 842 491; x_wconf 88' lang='lat' dir='ltr'>coronatus</span> <span class='ocrx_word' id='word_1_37' title='bbox 875 455 1082 502; x_wconf 87' lang='lat' dir='ltr'>spectavit,</span> <span class='ocrx_word' id='word_1_38' title='bbox 1117 460 1313 491; x_wconf 89' lang='lat' dir='ltr'>matronae</span> <span class='ocrx_word' id='word_1_39' title='bbox 1342 457 1541 504; x_wconf 87' lang='lat' dir='ltr'>supplica-</span> 
     </span>
     <span class='ocr_line' id='line_1_6' title="bbox 123 525 1540 574; baseline 0.001 -14"><span class='ocrx_word' id='word_1_40' title='bbox 123 537 233 570; x_wconf 90' lang='lat' dir='ltr'>vere;</span> <span class='ocrx_word' id='word_1_41' title='bbox 258 525 377 574; x_wconf 88' lang='lat' dir='ltr'>vulgo</span> <span class='ocrx_word' id='word_1_42' title='bbox 396 526 544 573; x_wconf 88' lang='lat' dir='ltr'>apertis</span> <span class='ocrx_word' id='word_1_43' title='bbox 561 525 691 561; x_wconf 90' lang='lat' dir='ltr'>ianuis</span> <span class='ocrx_word' id='word_1_44' title='bbox 708 525 748 560; x_wconf 90' lang='lat' dir='ltr'>in</span> <span class='ocrx_word' id='word_1_45' title='bbox 767 525 982 573; x_wconf 86' lang='lat' dir='ltr'>propatulo</span> <span class='ocrx_word' id='word_1_46' title='bbox 1001 525 1151 573; x_wconf 87' lang='lat' dir='ltr'>epulati</span> <span class='ocrx_word' id='word_1_47' title='bbox 1169 531 1273 568; x_wconf 89' lang='lat' dir='ltr'>sunt,</span> <span class='ocrx_word' id='word_1_48' title='bbox 1301 526 1540 574; x_wconf 76' lang='lat' dir='ltr'>celeberque</span> 
     </span>
     <span class='ocr_line' id='line_1_7' title="bbox 124 595 1008 643; baseline -0.001 -12"><span class='ocrx_word' id='word_1_49' title='bbox 124 595 211 631; x_wconf 87' lang='lat' dir='ltr'>dies</span> <span class='ocrx_word' id='word_1_50' title='bbox 245 595 355 631; x_wconf 88' lang='lat' dir='ltr'>omni</span> <span class='ocrx_word' id='word_1_51' title='bbox 388 595 706 631; x_wconf 77' lang='lat' dir='ltr'>caerimoniarum</span> <span class='ocrx_word' id='word_1_52' title='bbox 738 607 889 643; x_wconf 88' lang='lat' dir='ltr'>genere</span> <span class='ocrx_word' id='word_1_53' title='bbox 924 595 1008 630; x_wconf 82' lang='lat' dir='ltr'>fuit.</span> 
     </span>
    </p>

    <p class='ocr_par' dir='ltr' id='par_1_3' title="bbox 123 662 1654 924">
     <span class='ocr_line' id='line_1_8' title="bbox 242 662 1654 711; baseline 0.003 -10"><span class='ocrx_word' id='word_1_54' title='bbox 242 665 376 711; x_wconf 87' lang='lat' dir='ltr'>Quum</span> <span class='ocrx_word' id='word_1_55' title='bbox 394 665 600 701; x_wconf 80' lang='lat' dir='ltr'>Hannibal</span> <span class='ocrx_word' id='word_1_56' title='bbox 626 665 731 702; x_wconf 80' lang='lat' dir='ltr'>eirea</span> <span class='ocrx_word' id='word_1_57' title='bbox 749 666 983 709; x_wconf 82' lang='lat' dir='ltr'>Tarentum,</span> <span class='ocrx_word' id='word_1_58' title='bbox 1010 667 1198 702; x_wconf 85' lang='lat' dir='ltr'>eonsules</span> <span class='ocrx_word' id='word_1_59' title='bbox 1223 667 1345 702; x_wconf 89' lang='lat' dir='ltr'>ambo</span> <span class='ocrx_word' id='word_1_60' title='bbox 1371 667 1412 702; x_wconf 92' lang='lat' dir='ltr'>in</span> <span class='ocrx_word' id='word_1_61' title='bbox 1431 667 1543 702; x_wconf 88' lang='lat' dir='ltr'>Sam-</span> <span class='ocrx_word' id='word_1_62' title='bbox 1610 662 1654 706; x_wconf 88' lang='grc'>13</span> 
     </span>
     <span class='ocr_line' id='line_1_9' title="bbox 123 735 1542 784; baseline 0.001 -12"><span class='ocrx_word' id='word_1_63' title='bbox 123 736 192 772; x_wconf 90' lang='lat' dir='ltr'>nio</span> <span class='ocrx_word' id='word_1_64' title='bbox 211 741 360 779; x_wconf 88' lang='lat' dir='ltr'>essent,</span> <span class='ocrx_word' id='word_1_65' title='bbox 388 736 463 771; x_wconf 91' lang='lat' dir='ltr'>sed</span> <span class='ocrx_word' id='word_1_66' title='bbox 480 736 778 772; x_wconf 84' lang='lat' dir='ltr'>circumsessuri</span> <span class='ocrx_word' id='word_1_67' title='bbox 798 735 981 783; x_wconf 82' lang='lat' dir='ltr'>Capuam</span> <span class='ocrx_word' id='word_1_68' title='bbox 999 736 1243 780; x_wconf 87' lang='lat' dir='ltr'>viderentur,</span> <span class='ocrx_word' id='word_1_69' title='bbox 1263 738 1376 784; x_wconf 88' lang='lat' dir='ltr'>quod</span> <span class='ocrx_word' id='word_1_70' title='bbox 1393 738 1542 773; x_wconf 90' lang='lat' dir='ltr'>malum</span> 
     </span>
     <span class='ocr_line' id='line_1_10' title="bbox 123 806 1543 855; baseline 0.001 -13"><span class='ocrx_word' id='word_1_71' title='bbox 123 806 321 843; x_wconf 85' lang='lat' dir='ltr'>diuturnae</span> <span class='ocrx_word' id='word_1_72' title='bbox 353 806 580 842; x_wconf 88' lang='lat' dir='ltr'>obsidionis</span> <span class='ocrx_word' id='word_1_73' title='bbox 613 818 703 842; x_wconf 88' lang='lat' dir='ltr'>esse</span> <span class='ocrx_word' id='word_1_74' title='bbox 736 807 851 849; x_wconf 90' lang='lat' dir='ltr'>solet,</span> <span class='ocrx_word' id='word_1_75' title='bbox 884 806 965 841; x_wconf 91' lang='lat' dir='ltr'>iam</span> <span class='ocrx_word' id='word_1_76' title='bbox 998 806 1145 842; x_wconf 86' lang='lat' dir='ltr'>famem</span> <span class='ocrx_word' id='word_1_77' title='bbox 1172 806 1371 855; x_wconf 87' lang='lat' dir='ltr'>Campani</span> <span class='ocrx_word' id='word_1_78' title='bbox 1397 808 1543 843; x_wconf 85' lang='lat' dir='ltr'>sentie-</span> 
     </span>
     <span class='ocr_line' id='line_1_11' title="bbox 124 877 1543 924; baseline 0.001 -12"><span class='ocrx_word' id='word_1_79' title='bbox 124 877 235 921; x_wconf 90' lang='lat' dir='ltr'>bant,</span> <span class='ocrx_word' id='word_1_80' title='bbox 262 877 356 924; x_wconf 90' lang='lat' dir='ltr'>quia</span> <span class='ocrx_word' id='word_1_81' title='bbox 380 882 604 913; x_wconf 85' lang='lat' dir='ltr'>sementem</span> <span class='ocrx_word' id='word_1_82' title='bbox 629 877 763 913; x_wconf 91' lang='lat' dir='ltr'>facere</span> <span class='ocrx_word' id='word_1_83' title='bbox 787 877 1078 924; x_wconf 79' lang='lat' dir='ltr'>prohibuerant</span> <span class='ocrx_word' id='word_1_84' title='bbox 1102 889 1174 913; x_wconf 88' lang='lat' dir='ltr'>eos</span> <span class='ocrx_word' id='word_1_85' title='bbox 1195 877 1367 914; x_wconf 76' lang='lat' dir='ltr'>Romani</span> <span class='ocrx_word' id='word_1_86' title='bbox 1393 878 1543 914; x_wconf 84' lang='lat' dir='ltr'>exerci-</span> 
     </span>
    </p>
   </div>
   <div class='ocr_carea' id='block_1_3' title="bbox 1556 946 1581 985">
    <p class='ocr_par' dir='ltr' id='par_1_4' title="bbox 1556 946 1581 985">
     <span class='ocr_line' id='line_1_12' title="bbox 1556 946 1581 985; textangle 90"><span class='ocrx_word' id='word_1_87' title='bbox 1556 946 1581 985; x_wconf 55' lang='grc' dir='ltr'>[υ</span> 
     </span>
    </p>
   </div>
   <div class='ocr_carea' id='block_1_4' title="bbox 123 946 1620 2686">
    <p class='ocr_par' dir='ltr' id='par_1_5' title="bbox 123 946 1620 2686">
     <span class='ocr_line' id='line_1_13' title="bbox 123 946 1565 996; baseline 0.001 -14"><span class='ocrx_word' id='word_1_88' title='bbox 123 952 199 983; x_wconf 90' lang='lat' dir='ltr'>tus.</span> <span class='ocrx_word' id='word_1_89' title='bbox 262 946 403 995; x_wconf 90' lang='lat' dir='ltr'>Itaque</span> <span class='ocrx_word' id='word_1_90' title='bbox 442 948 600 996; x_wconf 88' lang='lat' dir='ltr'>legatos</span> <span class='ocrx_word' id='word_1_91' title='bbox 639 949 693 983; x_wconf 88' lang='lat' dir='ltr'>ad</span> <span class='ocrx_word' id='word_1_92' title='bbox 726 947 1000 983; x_wconf 84' lang='lat' dir='ltr'>Hannibalem</span> <span class='ocrx_word' id='word_1_93' title='bbox 1039 947 1232 983; x_wconf 85' lang='lat' dir='ltr'>miserunt</span> <span class='ocrx_word' id='word_1_94' title='bbox 1265 955 1441 991; x_wconf 89' lang='lat' dir='ltr'>orantes,</span> <span class='ocrx_word' id='word_1_95' title='bbox 1486 951 1565 991; x_wconf 47' lang='lat' dir='ltr'>utst</span> 
     </span>
     <span class='ocr_line' id='line_1_14' title="bbox 123 1016 1542 1066; baseline 0.001 -14"><span class='ocrx_word' id='word_1_96' title='bbox 123 1016 355 1065; x_wconf 86' lang='lat' dir='ltr'>priusquam</span> <span class='ocrx_word' id='word_1_97' title='bbox 383 1019 571 1054; x_wconf 89' lang='lat' dir='ltr'>consules</span> <span class='ocrx_word' id='word_1_98' title='bbox 599 1019 640 1054; x_wconf 90' lang='lat' dir='ltr'>in</span> <span class='ocrx_word' id='word_1_99' title='bbox 669 1030 790 1066; x_wconf 89' lang='lat' dir='ltr'>agros</span> <span class='ocrx_word' id='word_1_100' title='bbox 815 1030 910 1054; x_wconf 90' lang='lat' dir='ltr'>suos</span> <span class='ocrx_word' id='word_1_101' title='bbox 936 1019 1158 1054; x_wconf 83' lang='lat' dir='ltr'>educerent</span> <span class='ocrx_word' id='word_1_102' title='bbox 1182 1018 1365 1066; x_wconf 83' lang='lat' dir='ltr'>legiones</span> <span class='ocrx_word' id='word_1_103' title='bbox 1390 1019 1542 1066; x_wconf 83' lang='lat' dir='ltr'>viaeque</span> 
     </span>
     <span class='ocr_line' id='line_1_15' title="bbox 124 1080 1543 1137; baseline 0.001 -14"><span class='ocrx_word' id='word_1_104' title='bbox 124 1099 266 1124; x_wconf 89' lang='lat' dir='ltr'>omnes</span> <span class='ocrx_word' id='word_1_105' title='bbox 284 1087 460 1124; x_wconf 88' lang='lat' dir='ltr'>hostium</span> <span class='ocrx_word' id='word_1_106' title='bbox 473 1089 670 1136; x_wconf 89' lang='lat' dir='ltr'>praesidiis</span> <span class='ocrx_word' id='word_1_107' title='bbox 684 1089 967 1131; x_wconf 90' lang='lat' dir='ltr'>insiderentur‚</span> <span class='ocrx_word' id='word_1_108' title='bbox 988 1087 1230 1124; x_wconf 89' lang='lat' dir='ltr'>frumentum</span> <span class='ocrx_word' id='word_1_109' title='bbox 1245 1100 1293 1123; x_wconf 83' lang='lat' dir='ltr'>ex</span> <span class='ocrx_word' id='word_1_110' title='bbox 1306 1080 1543 1137; x_wconf 88' lang='lat' dir='ltr'>propinquis</span> 
     </span>
     <span class='ocr_line' id='line_1_16' title="bbox 123 1158 1581 1207; baseline 0.001 -13"><span class='ocrx_word' id='word_1_111' title='bbox 123 1158 222 1194; x_wconf 88' lang='lat' dir='ltr'>locis</span> <span class='ocrx_word' id='word_1_112' title='bbox 241 1158 412 1194; x_wconf 88' lang='lat' dir='ltr'>convehi</span> <span class='ocrx_word' id='word_1_113' title='bbox 429 1159 585 1194; x_wconf 88' lang='lat' dir='ltr'>iuberet</span> <span class='ocrx_word' id='word_1_114' title='bbox 598 1158 794 1207; x_wconf 81' lang='lat' dir='ltr'>Capuam.</span> <span class='ocrx_word' id='word_1_115' title='bbox 840 1158 1043 1195; x_wconf 83' lang='lat' dir='ltr'>Hannibal</span> <span class='ocrx_word' id='word_1_116' title='bbox 1058 1158 1308 1194; x_wconf 87' lang='lat' dir='ltr'>Hannonem</span> <span class='ocrx_word' id='word_1_117' title='bbox 1321 1171 1369 1194; x_wconf 81' lang='lat' dir='ltr'>ex</span> <span class='ocrx_word' id='word_1_118' title='bbox 1382 1158 1543 1196; x_wconf 79' lang='lat' dir='ltr'>Bruttiis</span> <span class='ocrx_word' id='word_1_119' title='bbox 1557 1158 1581 1197; x_wconf 79' lang='lat'><strong>3</strong></span> 
     </span>
     <span class='ocr_line' id='line_1_17' title="bbox 124 1229 1544 1278; baseline 0.001 -14"><span class='ocrx_word' id='word_1_120' title='bbox 124 1240 214 1265; x_wconf 89' lang='lat' dir='ltr'>cum</span> <span class='ocrx_word' id='word_1_121' title='bbox 243 1229 417 1265; x_wconf 84' lang='lat' dir='ltr'>exercitu</span> <span class='ocrx_word' id='word_1_122' title='bbox 445 1230 485 1265; x_wconf 93' lang='lat' dir='ltr'>in</span> <span class='ocrx_word' id='word_1_123' title='bbox 510 1229 777 1278; x_wconf 85' lang='lat' dir='ltr'>Campaniam</span> <span class='ocrx_word' id='word_1_124' title='bbox 807 1231 974 1266; x_wconf 88' lang='lat' dir='ltr'>transire</span> <span class='ocrx_word' id='word_1_125' title='bbox 999 1234 1038 1264; x_wconf 88' lang='lat' dir='ltr'>et</span> <span class='ocrx_word' id='word_1_126' title='bbox 1062 1229 1161 1265; x_wconf 89' lang='lat' dir='ltr'>dare</span> <span class='ocrx_word' id='word_1_127' title='bbox 1186 1241 1365 1277; x_wconf 84' lang='lat' dir='ltr'>operam,</span> <span class='ocrx_word' id='word_1_128' title='bbox 1401 1236 1442 1265; x_wconf 91' lang='lat' dir='ltr'>ut</span> <span class='ocrx_word' id='word_1_129' title='bbox 1468 1229 1544 1265; x_wconf 88' lang='lat' dir='ltr'>fru-</span> 
     </span>
     <span class='ocr_line' id='line_1_18' title="bbox 124 1298 1586 1348; baseline 0.001 -12"><span class='ocrx_word' id='word_1_130' title='bbox 124 1299 249 1336; x_wconf 88' lang='lat' dir='ltr'>menti</span> <span class='ocrx_word' id='word_1_131' title='bbox 267 1300 387 1348; x_wconf 91' lang='lat' dir='ltr'>copia</span> <span class='ocrx_word' id='word_1_132' title='bbox 400 1299 512 1335; x_wconf 90' lang='lat' dir='ltr'>fieret</span> <span class='ocrx_word' id='word_1_133' title='bbox 524 1299 756 1348; x_wconf 86' lang='lat' dir='ltr'>Campanis,</span> <span class='ocrx_word' id='word_1_134' title='bbox 776 1301 901 1336; x_wconf 88' lang='lat' dir='ltr'>iussit.</span> <span class='ocrx_word' id='word_1_135' title='bbox 936 1300 1087 1336; x_wconf 89' lang='lat' dir='ltr'>Hanno</span> <span class='ocrx_word' id='word_1_136' title='bbox 1101 1312 1150 1335; x_wconf 88' lang='lat' dir='ltr'>ex</span> <span class='ocrx_word' id='word_1_137' title='bbox 1163 1298 1325 1336; x_wconf 87' lang='lat' dir='ltr'>Bruttiis</span> <span class='ocrx_word' id='word_1_138' title='bbox 1338 1300 1544 1348; x_wconf 87' lang='lat' dir='ltr'>profectus</span> <span class='ocrx_word' id='word_1_139' title='bbox 1559 1298 1586 1338; x_wconf 71' lang='lat'>4</span> 
     </span>
     <span class='ocr_line' id='line_1_19' title="bbox 123 1369 1544 1419; baseline 0.001 -14"><span class='ocrx_word' id='word_1_140' title='bbox 123 1381 214 1406; x_wconf 90' lang='lat' dir='ltr'>cum</span> <span class='ocrx_word' id='word_1_141' title='bbox 246 1369 434 1413; x_wconf 84' lang='lat' dir='ltr'>exercitu,</span> <span class='ocrx_word' id='word_1_142' title='bbox 468 1370 712 1406; x_wconf 90' lang='lat' dir='ltr'>vitabundus</span> <span class='ocrx_word' id='word_1_143' title='bbox 741 1376 872 1406; x_wconf 88' lang='lat' dir='ltr'>castra</span> <span class='ocrx_word' id='word_1_144' title='bbox 896 1370 1070 1407; x_wconf 87' lang='lat' dir='ltr'>hostium</span> <span class='ocrx_word' id='word_1_145' title='bbox 1095 1371 1378 1417; x_wconf 85' lang='lat' dir='ltr'>consulesque,</span> <span class='ocrx_word' id='word_1_146' title='bbox 1413 1371 1480 1419; x_wconf 90' lang='lat' dir='ltr'>qui</span> <span class='ocrx_word' id='word_1_147' title='bbox 1504 1371 1544 1407; x_wconf 92' lang='lat' dir='ltr'>in</span> 
     </span>
     <span class='ocr_line' id='line_1_20' title="bbox 124 1440 1545 1489; baseline 0 -13"><span class='ocrx_word' id='word_1_148' title='bbox 124 1440 289 1476; x_wconf 90' lang='lat' dir='ltr'>Samnio</span> <span class='ocrx_word' id='word_1_149' title='bbox 308 1445 434 1484; x_wconf 87' lang='lat' dir='ltr'>erant,</span> <span class='ocrx_word' id='word_1_150' title='bbox 454 1452 577 1488; x_wconf 89' lang='lat' dir='ltr'>quum</span> <span class='ocrx_word' id='word_1_151' title='bbox 594 1440 830 1477; x_wconf 89' lang='lat' dir='ltr'>Benevento</span> <span class='ocrx_word' id='word_1_152' title='bbox 848 1441 930 1477; x_wconf 90' lang='lat' dir='ltr'>iam</span> <span class='ocrx_word' id='word_1_153' title='bbox 947 1440 1306 1489; x_wconf 87' lang='lat' dir='ltr'>appropinquaret,</span> <span class='ocrx_word' id='word_1_154' title='bbox 1332 1440 1407 1477; x_wconf 87' lang='lat' dir='ltr'>tria</span> <span class='ocrx_word' id='word_1_155' title='bbox 1423 1441 1545 1477; x_wconf 88' lang='lat' dir='ltr'>millia</span> 
     </span>
     <span class='ocr_line' id='line_1_21' title="bbox 124 1510 1587 1559; baseline 0.002 -12"><span class='ocrx_word' id='word_1_156' title='bbox 124 1523 316 1559; x_wconf 91' lang='lat' dir='ltr'>passuum</span> <span class='ocrx_word' id='word_1_157' title='bbox 339 1512 390 1547; x_wconf 89' lang='lat' dir='ltr'>ab</span> <span class='ocrx_word' id='word_1_158' title='bbox 413 1511 502 1559; x_wconf 87' lang='lat' dir='ltr'>ipsa</span> <span class='ocrx_word' id='word_1_159' title='bbox 527 1512 624 1547; x_wconf 92' lang='lat' dir='ltr'>urbe</span> <span class='ocrx_word' id='word_1_160' title='bbox 649 1512 741 1548; x_wconf 87' lang='lat' dir='ltr'>loco</span> <span class='ocrx_word' id='word_1_161' title='bbox 768 1511 880 1547; x_wconf 87' lang='lat' dir='ltr'>edito</span> <span class='ocrx_word' id='word_1_162' title='bbox 905 1516 1036 1547; x_wconf 87' lang='lat' dir='ltr'>castra</span> <span class='ocrx_word' id='word_1_163' title='bbox 1059 1510 1215 1559; x_wconf 80' lang='lat' dir='ltr'>posuit3</span> <span class='ocrx_word' id='word_1_164' title='bbox 1240 1511 1338 1547; x_wconf 86' lang='lat' dir='ltr'>inde</span> <span class='ocrx_word' id='word_1_165' title='bbox 1357 1524 1405 1547; x_wconf 87' lang='lat' dir='ltr'>ex</span> <span class='ocrx_word' id='word_1_166' title='bbox 1425 1512 1545 1549; x_wconf 89' lang='lat' dir='ltr'>sociis</span> <span class='ocrx_word' id='word_1_167' title='bbox 1561 1510 1587 1550; x_wconf 76' lang='grc' dir='ltr'>ἶ)</span> 
     </span>
     <span class='ocr_line' id='line_1_22' title="bbox 125 1580 1546 1630; baseline 0.001 -13"><span class='ocrx_word' id='word_1_168' title='bbox 125 1580 231 1617; x_wconf 88' lang='lat' dir='ltr'>cirea</span> <span class='ocrx_word' id='word_1_169' title='bbox 241 1581 415 1629; x_wconf 90' lang='lat' dir='ltr'>populis,</span> <span class='ocrx_word' id='word_1_170' title='bbox 430 1594 511 1629; x_wconf 90' lang='lat' dir='ltr'>quo</span> <span class='ocrx_word' id='word_1_171' title='bbox 525 1587 664 1618; x_wconf 86' lang='lat' dir='ltr'>aestate</span> <span class='ocrx_word' id='word_1_172' title='bbox 677 1587 975 1630; x_wconf 87' lang='lat' dir='ltr'>comportatum</span> <span class='ocrx_word' id='word_1_173' title='bbox 985 1586 1081 1624; x_wconf 90' lang='lat' dir='ltr'>erat,</span> <span class='ocrx_word' id='word_1_174' title='bbox 1098 1581 1244 1617; x_wconf 88' lang='lat' dir='ltr'>devehi</span> <span class='ocrx_word' id='word_1_175' title='bbox 1254 1581 1496 1618; x_wconf 87' lang='lat' dir='ltr'>frumentum</span> <span class='ocrx_word' id='word_1_176' title='bbox 1506 1582 1546 1619; x_wconf 90' lang='lat' dir='ltr'>in</span> 
     </span>
     <span class='ocr_line' id='line_1_23' title="bbox 125 1651 1545 1700; baseline 0.001 -12"><span class='ocrx_word' id='word_1_177' title='bbox 125 1657 257 1688; x_wconf 87' lang='lat' dir='ltr'>eastra</span> <span class='ocrx_word' id='word_1_178' title='bbox 268 1651 393 1695; x_wconf 85' lang='lat' dir='ltr'>iussit,</span> <span class='ocrx_word' id='word_1_179' title='bbox 410 1652 606 1700; x_wconf 88' lang='lat' dir='ltr'>praesidiis</span> <span class='ocrx_word' id='word_1_180' title='bbox 615 1653 733 1695; x_wconf 86' lang='lat' dir='ltr'>datis,</span> <span class='ocrx_word' id='word_1_181' title='bbox 749 1663 837 1699; x_wconf 85' lang='lat' dir='ltr'>quae</span> <span class='ocrx_word' id='word_1_182' title='bbox 848 1657 1100 1687; x_wconf 85' lang='lat' dir='ltr'>commeatus</span> <span class='ocrx_word' id='word_1_183' title='bbox 1109 1663 1181 1687; x_wconf 91' lang='lat' dir='ltr'>eos</span> <span class='ocrx_word' id='word_1_184' title='bbox 1190 1659 1545 1700; x_wconf 88' lang='lat' dir='ltr'>prosequerentur.</span> 
     </span>
     <span class='ocr_line' id='line_1_24' title="bbox 126 1720 1583 1771; baseline 0.002 -14"><span class='ocrx_word' id='word_1_185' title='bbox 126 1720 311 1769; x_wconf 88' lang='lat' dir='ltr'>Capuam</span> <span class='ocrx_word' id='word_1_186' title='bbox 336 1722 433 1758; x_wconf 90' lang='lat' dir='ltr'>inde</span> <span class='ocrx_word' id='word_1_187' title='bbox 461 1723 644 1758; x_wconf 90' lang='lat' dir='ltr'>nuntium</span> <span class='ocrx_word' id='word_1_188' title='bbox 672 1722 790 1766; x_wconf 89' lang='lat' dir='ltr'>misit,</span> <span class='ocrx_word' id='word_1_189' title='bbox 825 1733 905 1769; x_wconf 91' lang='lat' dir='ltr'>qua</span> <span class='ocrx_word' id='word_1_190' title='bbox 931 1721 998 1757; x_wconf 88' lang='lat' dir='ltr'>die</span> <span class='ocrx_word' id='word_1_191' title='bbox 1026 1722 1068 1757; x_wconf 91' lang='lat' dir='ltr'>in</span> <span class='ocrx_word' id='word_1_192' title='bbox 1096 1722 1236 1758; x_wconf 87' lang='lat' dir='ltr'>castris</span> <span class='ocrx_word' id='word_1_193' title='bbox 1264 1723 1319 1758; x_wconf 87' lang='lat' dir='ltr'>ad</span> <span class='ocrx_word' id='word_1_194' title='bbox 1343 1722 1583 1771; x_wconf 77' lang='lat' dir='ltr'>accipien-l3</span> 
     </span>
     <span class='ocr_line' id='line_1_25' title="bbox 125 1791 1547 1841; baseline 0.001 -14"><span class='ocrx_word' id='word_1_195' title='bbox 125 1792 223 1828; x_wconf 90' lang='lat' dir='ltr'>dum</span> <span class='ocrx_word' id='word_1_196' title='bbox 247 1791 490 1828; x_wconf 89' lang='lat' dir='ltr'>frumentum</span> <span class='ocrx_word' id='word_1_197' title='bbox 515 1798 662 1841; x_wconf 89' lang='lat' dir='ltr'>praesto</span> <span class='ocrx_word' id='word_1_198' title='bbox 689 1798 825 1828; x_wconf 87' lang='lat' dir='ltr'>essent</span> <span class='ocrx_word' id='word_1_199' title='bbox 850 1792 960 1828; x_wconf 89' lang='lat' dir='ltr'>omni</span> <span class='ocrx_word' id='word_1_200' title='bbox 978 1793 1158 1840; x_wconf 89' lang='lat' dir='ltr'>undique</span> <span class='ocrx_word' id='word_1_201' title='bbox 1175 1804 1326 1840; x_wconf 85' lang='lat' dir='ltr'>genere</span> <span class='ocrx_word' id='word_1_202' title='bbox 1344 1793 1547 1830; x_wconf 86' lang='lat' dir='ltr'>vehiculo-</span> 
     </span>
     <span class='ocr_line' id='line_1_26' title="bbox 124 1862 1584 1911; baseline 0.002 -13"><span class='ocrx_word' id='word_1_203' title='bbox 124 1874 212 1898; x_wconf 90' lang='lat' dir='ltr'>rum</span> <span class='ocrx_word' id='word_1_204' title='bbox 234 1862 587 1911; x_wconf 89' lang='lat' dir='ltr'>iumentorumque</span> <span class='ocrx_word' id='word_1_205' title='bbox 611 1875 659 1898; x_wconf 88' lang='lat' dir='ltr'>ex</span> <span class='ocrx_word' id='word_1_206' title='bbox 682 1863 788 1910; x_wconf 85' lang='lat' dir='ltr'>agris</span> <span class='ocrx_word' id='word_1_207' title='bbox 813 1867 1037 1899; x_wconf 87' lang='lat' dir='ltr'>contracto.</span> <span class='ocrx_word' id='word_1_208' title='bbox 1085 1862 1134 1898; x_wconf 86' lang='lat' dir='ltr'>Id</span> <span class='ocrx_word' id='word_1_209' title='bbox 1158 1874 1231 1910; x_wconf 91' lang='lat' dir='ltr'>pro</span> <span class='ocrx_word' id='word_1_210' title='bbox 1258 1869 1392 1899; x_wconf 85' lang='lat' dir='ltr'>cetera</span> <span class='ocrx_word' id='word_1_211' title='bbox 1410 1875 1547 1900; x_wconf 87' lang='lat' dir='ltr'>socor-</span> <span class='ocrx_word' id='word_1_212' title='bbox 1564 1862 1584 1902; x_wconf 82' lang='lat'>7</span> 
     </span>
     <span class='ocr_line' id='line_1_27' title="bbox 125 1932 1547 1983; baseline 0.001 -14"><span class='ocrx_word' id='word_1_213' title='bbox 125 1932 194 1969; x_wconf 86' lang='lat' dir='ltr'>dia</span> <span class='ocrx_word' id='word_1_214' title='bbox 211 1933 539 1982; x_wconf 86' lang='lat' dir='ltr'>negligentiaque</span> <span class='ocrx_word' id='word_1_215' title='bbox 557 1945 582 1969; x_wconf 87' lang='lat' dir='ltr'>a</span> <span class='ocrx_word' id='word_1_216' title='bbox 594 1932 815 1982; x_wconf 87' lang='lat' dir='ltr'>Campanis</span> <span class='ocrx_word' id='word_1_217' title='bbox 833 1938 985 1976; x_wconf 89' lang='lat' dir='ltr'>actum;</span> <span class='ocrx_word' id='word_1_218' title='bbox 1004 1933 1126 1981; x_wconf 91' lang='lat' dir='ltr'>paulo</span> <span class='ocrx_word' id='word_1_219' title='bbox 1145 1933 1233 1981; x_wconf 91' lang='lat' dir='ltr'>plus</span> <span class='ocrx_word' id='word_1_220' title='bbox 1248 1934 1547 1983; x_wconf 87' lang='lat' dir='ltr'>quadringenta</span> 
     </span>
     <span class='ocr_line' id='line_1_28' title="bbox 125 2002 1546 2053; baseline 0.001 -13"><span class='ocrx_word' id='word_1_221' title='bbox 125 2003 308 2040; x_wconf 89' lang='lat' dir='ltr'>vehicula</span> <span class='ocrx_word' id='word_1_222' title='bbox 339 2004 462 2040; x_wconf 87' lang='lat' dir='ltr'>missa</span> <span class='ocrx_word' id='word_1_223' title='bbox 487 2009 527 2039; x_wconf 90' lang='lat' dir='ltr'>et</span> <span class='ocrx_word' id='word_1_224' title='bbox 550 2016 683 2052; x_wconf 86' lang='lat' dir='ltr'>pauca</span> <span class='ocrx_word' id='word_1_225' title='bbox 706 2009 902 2052; x_wconf 88' lang='lat' dir='ltr'>praeterea</span> <span class='ocrx_word' id='word_1_226' title='bbox 925 2004 1118 2040; x_wconf 88' lang='lat' dir='ltr'>iumenta.</span> <span class='ocrx_word' id='word_1_227' title='bbox 1184 2002 1249 2040; x_wconf 91' lang='lat' dir='ltr'>Ob</span> <span class='ocrx_word' id='word_1_228' title='bbox 1272 2004 1315 2040; x_wconf 91' lang='lat' dir='ltr'>id</span> <span class='ocrx_word' id='word_1_229' title='bbox 1341 2005 1546 2053; x_wconf 87' lang='lat' dir='ltr'>castigatis</span> 
     </span>
     <span class='ocr_line' id='line_1_29' title="bbox 125 2073 1548 2122; baseline 0.001 -12"><span class='ocrx_word' id='word_1_230' title='bbox 125 2075 177 2110; x_wconf 90' lang='lat' dir='ltr'>ab</span> <span class='ocrx_word' id='word_1_231' title='bbox 201 2073 422 2118; x_wconf 89' lang='lat' dir='ltr'>Hannone,</span> <span class='ocrx_word' id='word_1_232' title='bbox 456 2075 570 2121; x_wconf 90' lang='lat' dir='ltr'>quod</span> <span class='ocrx_word' id='word_1_233' title='bbox 592 2087 645 2111; x_wconf 91' lang='lat' dir='ltr'>ne</span> <span class='ocrx_word' id='word_1_234' title='bbox 669 2074 798 2111; x_wconf 87' lang='lat' dir='ltr'>fames</span> <span class='ocrx_word' id='word_1_235' title='bbox 822 2075 1000 2122; x_wconf 87' lang='lat' dir='ltr'>quidem,</span> <span class='ocrx_word' id='word_1_236' title='bbox 1035 2086 1124 2121; x_wconf 86' lang='lat' dir='ltr'>quae</span> <span class='ocrx_word' id='word_1_237' title='bbox 1148 2080 1278 2111; x_wconf 91' lang='lat' dir='ltr'>mutas</span> <span class='ocrx_word' id='word_1_238' title='bbox 1302 2076 1548 2111; x_wconf 85' lang='lat' dir='ltr'>accenderet</span> 
     </span>
     <span class='ocr_line' id='line_1_30' title="bbox 126 2144 1547 2193; baseline 0.001 -13"><span class='ocrx_word' id='word_1_239' title='bbox 126 2144 290 2188; x_wconf 90' lang='lat' dir='ltr'>bestias,</span> <span class='ocrx_word' id='word_1_240' title='bbox 324 2155 460 2180; x_wconf 89' lang='lat' dir='ltr'>curam</span> <span class='ocrx_word' id='word_1_241' title='bbox 485 2156 626 2180; x_wconf 91' lang='lat' dir='ltr'>eorum</span> <span class='ocrx_word' id='word_1_242' title='bbox 651 2145 854 2181; x_wconf 89' lang='lat' dir='ltr'>stimulare</span> <span class='ocrx_word' id='word_1_243' title='bbox 879 2149 1032 2192; x_wconf 91' lang='lat' dir='ltr'>posset,</span> <span class='ocrx_word' id='word_1_244' title='bbox 1067 2145 1144 2180; x_wconf 92' lang='lat' dir='ltr'>alia</span> <span class='ocrx_word' id='word_1_245' title='bbox 1169 2146 1357 2193; x_wconf 88' lang='lat' dir='ltr'>prodicta</span> <span class='ocrx_word' id='word_1_246' title='bbox 1381 2147 1469 2182; x_wconf 90' lang='lat' dir='ltr'>dies</span> <span class='ocrx_word' id='word_1_247' title='bbox 1493 2147 1547 2182; x_wconf 87' lang='lat' dir='ltr'>ad</span> 
     </span>
     <span class='ocr_line' id='line_1_31' title="bbox 127 2214 1587 2264; baseline 0.002 -14"><span class='ocrx_word' id='word_1_248' title='bbox 127 2214 371 2251; x_wconf 90' lang='lat' dir='ltr'>frumentum</span> <span class='ocrx_word' id='word_1_249' title='bbox 394 2215 547 2251; x_wconf 89' lang='lat' dir='ltr'>maiore</span> <span class='ocrx_word' id='word_1_250' title='bbox 573 2220 771 2264; x_wconf 89' lang='lat' dir='ltr'>apparatu</span> <span class='ocrx_word' id='word_1_251' title='bbox 795 2215 1031 2262; x_wconf 88' lang='lat' dir='ltr'>petendum.</span> <span class='ocrx_word' id='word_1_252' title='bbox 1080 2215 1142 2251; x_wconf 88' lang='lat' dir='ltr'>Ea</span> <span class='ocrx_word' id='word_1_253' title='bbox 1160 2216 1310 2260; x_wconf 89' lang='lat' dir='ltr'>omnia,</span> <span class='ocrx_word' id='word_1_254' title='bbox 1338 2217 1440 2253; x_wconf 88' lang='lat' dir='ltr'>sicut</span> <span class='ocrx_word' id='word_1_255' title='bbox 1457 2223 1547 2253; x_wconf 84' lang='lat' dir='ltr'>acta</span> <span class='ocrx_word' id='word_1_256' title='bbox 1563 2216 1587 2255; x_wconf 72' lang='lat'>8</span> 
     </span>
     <span class='ocr_line' id='line_1_32' title="bbox 127 2284 1547 2335; baseline 0.001 -14"><span class='ocrx_word' id='word_1_257' title='bbox 127 2290 254 2329; x_wconf 90' lang='lat' dir='ltr'>erant,</span> <span class='ocrx_word' id='word_1_258' title='bbox 299 2296 422 2333; x_wconf 91' lang='lat' dir='ltr'>quum</span> <span class='ocrx_word' id='word_1_259' title='bbox 454 2286 665 2322; x_wconf 84' lang='lat' dir='ltr'>enuntiata</span> <span class='ocrx_word' id='word_1_260' title='bbox 696 2284 995 2321; x_wconf 90' lang='lat' dir='ltr'>Beneventanis</span> <span class='ocrx_word' id='word_1_261' title='bbox 1028 2292 1177 2330; x_wconf 85' lang='lat' dir='ltr'>essent,</span> <span class='ocrx_word' id='word_1_262' title='bbox 1211 2287 1369 2335; x_wconf 89' lang='lat' dir='ltr'>legatos</span> <span class='ocrx_word' id='word_1_263' title='bbox 1403 2288 1547 2323; x_wconf 85' lang='lat' dir='ltr'>decem</span> 
     </span>
     <span class='ocr_line' id='line_1_33' title="bbox 128 2353 1547 2406; baseline 0.001 -15"><span class='ocrx_word' id='word_1_264' title='bbox 128 2355 331 2404; x_wconf 88' lang='lat' dir='ltr'>extemplo</span> <span class='ocrx_word' id='word_1_265' title='bbox 371 2356 427 2392; x_wconf 87' lang='lat' dir='ltr'>ad</span> <span class='ocrx_word' id='word_1_266' title='bbox 465 2356 654 2392; x_wconf 91' lang='lat' dir='ltr'>consules</span> <span class='ocrx_word' id='word_1_267' title='bbox 694 2353 815 2406; x_wconf 86' lang='lat' dir='ltr'>(eirea</span> <span class='ocrx_word' id='word_1_268' title='bbox 846 2355 1072 2392; x_wconf 89' lang='lat' dir='ltr'>Bovianum</span> <span class='ocrx_word' id='word_1_269' title='bbox 1105 2361 1236 2393; x_wconf 89' lang='lat' dir='ltr'>castra</span> <span class='ocrx_word' id='word_1_270' title='bbox 1269 2358 1547 2393; x_wconf 88' lang='lat' dir='ltr'>Romanorum</span> 
     </span>
     <span class='ocr_line' id='line_1_34' title="bbox 128 2422 1588 2476; baseline 0.002 -15"><span class='ocrx_word' id='word_1_271' title='bbox 128 2422 258 2475; x_wconf 90' lang='lat' dir='ltr'>erant)</span> <span class='ocrx_word' id='word_1_272' title='bbox 290 2426 496 2462; x_wconf 88' lang='lat' dir='ltr'>miserunt.</span> <span class='ocrx_word' id='word_1_273' title='bbox 560 2426 639 2471; x_wconf 80' lang='lat' dir='ltr'>Qui</span> <span class='ocrx_word' id='word_1_274' title='bbox 672 2438 807 2474; x_wconf 88' lang='lat' dir='ltr'>quum,</span> <span class='ocrx_word' id='word_1_275' title='bbox 841 2426 1002 2470; x_wconf 89' lang='lat' dir='ltr'>auditis,</span> <span class='ocrx_word' id='word_1_276' title='bbox 1037 2438 1126 2474; x_wconf 83' lang='lat' dir='ltr'>quae</span> <span class='ocrx_word' id='word_1_277' title='bbox 1158 2428 1213 2463; x_wconf 86' lang='lat' dir='ltr'>ad</span> <span class='ocrx_word' id='word_1_278' title='bbox 1238 2426 1420 2475; x_wconf 88' lang='lat' dir='ltr'>Capuam</span> <span class='ocrx_word' id='word_1_279' title='bbox 1453 2425 1588 2476; x_wconf 80' lang='lat' dir='ltr'>age-9</span> 
     </span>
     <span class='ocr_line' id='line_1_35' title="bbox 129 2496 1548 2545; baseline 0.001 -13"><span class='ocrx_word' id='word_1_280' title='bbox 129 2501 276 2541; x_wconf 86' lang='lat' dir='ltr'>rentur,</span> <span class='ocrx_word' id='word_1_281' title='bbox 306 2496 409 2533; x_wconf 87' lang='lat' dir='ltr'>inter</span> <span class='ocrx_word' id='word_1_282' title='bbox 433 2508 477 2533; x_wconf 91' lang='lat' dir='ltr'>se</span> <span class='ocrx_word' id='word_1_283' title='bbox 504 2502 823 2545; x_wconf 87' lang='lat' dir='ltr'>comparassent,</span> <span class='ocrx_word' id='word_1_284' title='bbox 853 2502 896 2533; x_wconf 88' lang='lat' dir='ltr'>ut</span> <span class='ocrx_word' id='word_1_285' title='bbox 919 2497 1017 2532; x_wconf 89' lang='lat' dir='ltr'>alter</span> <span class='ocrx_word' id='word_1_286' title='bbox 1039 2497 1081 2533; x_wconf 92' lang='lat' dir='ltr'>in</span> <span class='ocrx_word' id='word_1_287' title='bbox 1107 2497 1373 2545; x_wconf 87' lang='lat' dir='ltr'>Campaniam</span> <span class='ocrx_word' id='word_1_288' title='bbox 1399 2499 1548 2534; x_wconf 85' lang='lat' dir='ltr'>exerci—</span> 
     </span>
     <span class='ocr_line' id='line_1_36' title="bbox 129 2567 1548 2615; baseline 0.001 -13"><span class='ocrx_word' id='word_1_289' title='bbox 129 2571 213 2602; x_wconf 90' lang='lat' dir='ltr'>tum</span> <span class='ocrx_word' id='word_1_290' title='bbox 245 2568 424 2611; x_wconf 89' lang='lat' dir='ltr'>duceret,</span> <span class='ocrx_word' id='word_1_291' title='bbox 458 2567 631 2611; x_wconf 91' lang='lat' dir='ltr'>Fulvius,</span> <span class='ocrx_word' id='word_1_292' title='bbox 665 2567 727 2603; x_wconf 91' lang='lat' dir='ltr'>cui</span> <span class='ocrx_word' id='word_1_293' title='bbox 760 2579 810 2603; x_wconf 90' lang='lat' dir='ltr'>ea</span> <span class='ocrx_word' id='word_1_294' title='bbox 841 2567 1049 2615; x_wconf 88' lang='lat' dir='ltr'>provincia</span> <span class='ocrx_word' id='word_1_295' title='bbox 1074 2568 1308 2610; x_wconf 89' lang='lat' dir='ltr'>obvenerat,</span> <span class='ocrx_word' id='word_1_296' title='bbox 1342 2567 1548 2615; x_wconf 88' lang='lat' dir='ltr'>profectus</span> 
     </span>
     <span class='ocr_line' id='line_1_37' title="bbox 129 2636 1620 2686; baseline 0.004 -14"><span class='ocrx_word' id='word_1_297' title='bbox 129 2641 252 2673; x_wconf 89' lang='lat' dir='ltr'>nocte</span> <span class='ocrx_word' id='word_1_298' title='bbox 276 2636 498 2674; x_wconf 90' lang='lat' dir='ltr'>Beneventi</span> <span class='ocrx_word' id='word_1_299' title='bbox 522 2637 674 2674; x_wconf 83' lang='lat' dir='ltr'>moenia</span> <span class='ocrx_word' id='word_1_300' title='bbox 697 2642 757 2673; x_wconf 88' lang='lat' dir='ltr'>est</span> <span class='ocrx_word' id='word_1_301' title='bbox 778 2638 996 2685; x_wconf 88' lang='lat' dir='ltr'>ingressus.</span> <span class='ocrx_word' id='word_1_302' title='bbox 1056 2637 1116 2674; x_wconf 84' lang='lat' dir='ltr'>Ex</span> <span class='ocrx_word' id='word_1_303' title='bbox 1139 2638 1369 2686; x_wconf 89' lang='lat' dir='ltr'>propinquo</span> <span class='ocrx_word' id='word_1_304' title='bbox 1394 2649 1548 2686; x_wconf 85' lang='lat' dir='ltr'>cogno·</span> <span class='ocrx_word' id='word_1_305' title='bbox 1568 2638 1620 2678; x_wconf 87' lang='lat' dir='ltr'>lO</span> 
     </span>
    </p>
   </div>
  </div>
 </body>
</html>
