1789 2955
221 103 305 143 256
654 101 757 132 Liber
783 100 890 131 XXV.
932 98 986 141 (A.
1009 110 1038 131 u.
1062 110 1090 131 c.
1113 99 1206 142 542.)

219 233 316 268 inde
355 238 513 280 tempus
546 230 747 282 (exiguum
780 231 822 267 id
855 230 940 282 fuit)
973 232 1202 268 muniendis
1235 231 1373 268 castris
1406 231 1636 268 convehen-

221 303 364 350 disque
383 301 675 338 commeatibus
693 302 955 350 consumpsit,
976 308 1015 338 et
1028 302 1164 339 omnia
1177 302 1343 350 imperia
1357 301 1501 338 milites
1514 313 1635 349 quum

220 372 401 421 impigre,
443 378 524 408 tum
565 372 880 419 haudquaquam
920 373 1081 409 abiecto
1122 373 1258 408 animo
1298 372 1634 419 exsequebantur.

180 442 204 482 8
221 442 409 479 Ceterum
433 448 649 491 postquam
674 441 971 479 Hasdrubalem
998 442 1192 490 Gisgonis
1216 442 1445 478 venientem
1470 442 1525 477 ad
1547 442 1636 478 reli-

220 513 334 560 quias
358 512 450 548 belli
477 512 675 548 delendas
699 513 890 549 transisse
908 512 1104 549 Hiberum
1127 517 1166 548 et
1189 512 1517 560 appropinquare
1541 513 1636 548 alla·

219 588 302 618 tum
326 588 399 626 est,
434 582 673 630 signumque
700 594 846 630 pugnae
875 583 1130 631 propositum
1154 583 1204 618 ab
1229 594 1338 619 novo
1362 583 1467 618 duce
1492 582 1635 619 milites

178 652 416 696 9viderunt,
450 653 666 697 recordati,
701 665 804 700 quos
837 653 958 701 paulo
992 657 1086 688 ante
1114 652 1377 701 imperatores
1401 653 1637 689 habuissent

220 724 443 771 quibusque
472 728 512 758 et
540 723 710 759 ducibus
737 729 778 759 et
801 723 930 770 copiis
956 722 1045 758 freti
1074 723 1236 771 prodire
1260 723 1301 759 in
1324 735 1505 771 pugnam
1531 723 1635 759 soliti

220 798 368 837 essent,
403 793 498 828 flere
531 805 674 830 omnes
697 799 865 842 repente
891 798 931 828 et
955 792 1156 829 offensare
1181 794 1314 842 capita
1340 799 1380 829 et
1404 793 1467 828 alii
1492 805 1635 830 manus

220 865 274 900 ad
299 864 439 900 caelum
457 864 640 907 tendere,
667 865 770 899 deos
787 863 1034 907 incusantes,
1060 863 1125 899 alii
1143 863 1252 899 strati
1271 863 1379 899 humi
1397 875 1512 899 suum
1529 863 1636 911 quis-

153 932 205 972 lO
220 947 297 982 que
329 933 569 970 nominatim
602 934 749 970 ducem
781 933 1009 981 implorare.
1072 932 1216 981 Neque
1243 933 1376 969 sedari
1400 933 1634 970 lamentatio

219 1010 393 1053 poterat,
427 1003 693 1040 excitantibus
726 1003 1028 1040 centurionibus
1061 1003 1331 1052 manipulares
1361 1010 1402 1040 et
1424 1004 1512 1052 ipso
1537 1004 1636 1040 mul-

221 1080 338 1110 cente
366 1080 406 1110 et
431 1074 667 1122 increpante
690 1073 860 1117 Marcio,
894 1074 1006 1121 quod
1034 1074 1074 1110 in
1101 1074 1315 1110 muliebres
1345 1080 1386 1110 et
1408 1074 1567 1110 inutiles
1592 1086 1635 1111 se

220 1144 487 1193 proiecissent
518 1144 647 1188 fletus,
680 1145 814 1192 potius
847 1156 969 1192 quam
1001 1145 1055 1179 ad
1087 1144 1281 1180 tutandos
1309 1150 1438 1180 semet
1460 1145 1572 1192 ipsos
1596 1151 1636 1181 et

220 1228 303 1251 rem
331 1215 534 1263 publicam
561 1226 698 1251 secum
727 1220 919 1251 acuerent
943 1214 1114 1259 animos,
1149 1219 1189 1250 et
1211 1227 1264 1250 ne
1288 1214 1436 1250 inultos
1465 1214 1636 1262 impera-

154 1284 201 1324 11
222 1292 329 1322 tores
363 1297 458 1321 suos
490 1285 621 1321 iacere
655 1285 850 1328 sinerent;
885 1297 1006 1332 quum
1031 1284 1163 1321 subito
1191 1285 1343 1321 clamor
1370 1285 1635 1333 tubarumque

219 1367 343 1392 sonus
369 1353 462 1405 (iarn
488 1355 592 1391 enim
618 1366 746 1403 prope
771 1355 915 1390 vallum
940 1355 1078 1391 hostes
1102 1352 1230 1404 erant)
1255 1354 1478 1390 exauditur.
1534 1354 1634 1391 Inde

219 1438 334 1462 verso
372 1431 541 1474 repente
579 1425 619 1460 in
658 1425 756 1460 iram
796 1425 902 1462 luctu
941 1425 1169 1462 discurrunt
1200 1425 1254 1460 ad
1286 1437 1409 1469 arma,
1450 1437 1497 1461 ac
1530 1425 1636 1461 velut

218 1497 381 1533 accensi
405 1496 514 1531 rabie
543 1492 788 1545 [discurrunt
812 1497 865 1531 ad
889 1501 1027 1544 portas
1055 1493 1110 1546 et]
1136 1497 1177 1532 in
1201 1496 1358 1532 hostem
1383 1496 1636 1544 negligenter

151 1565 204 1605 12
218 1572 340 1614 atque
364 1565 635 1613 incomposite
659 1566 888 1601 venientem
912 1565 1130 1602 incurrunt.
1179 1566 1394 1615 Extemplo
1419 1566 1636 1614 improvisa

217 1649 281 1673 res
312 1648 505 1685 pavorem
537 1635 678 1671 incutit
709 1636 858 1680 Poenis,
898 1636 1221 1684 mirabundique,
1262 1637 1372 1672 unde
1405 1642 1466 1672 tot
1497 1637 1634 1673 hostes

218 1707 351 1744 subito
407 1705 533 1742 exorti
580 1718 709 1754 prope
757 1706 893 1742 deleto
942 1707 1117 1743 exercitu
1166 1706 1310 1751 forent,
1366 1708 1476 1743 unde
1524 1712 1635 1743 tanta

218 1778 403 1820 audacia,
445 1782 557 1812 tanta
597 1776 745 1812 fiducia
778 1777 838 1813 sui
871 1777 982 1813 victis
1016 1789 1063 1814 ac
1096 1776 1255 1825 fugatis,
1297 1778 1384 1824 quis
1417 1778 1636 1826 imperator

218 1849 379 1884 duobus
397 1847 654 1896 Scipionibus
672 1847 785 1883 caesis
804 1847 1032 1891 exstitisset,
1059 1847 1147 1895 quis
1165 1847 1304 1883 castris
1322 1853 1527 1895 praeesset,
1547 1846 1634 1894 quis

149 1916 201 1957 13
218 1917 374 1964 signum
400 1916 584 1953 dedisset
607 1929 754 1965 pugnae
781 1939 833 1943 —
860 1919 914 1954 ad
940 1918 1025 1954 haec
1049 1924 1109 1954 tot
1133 1923 1214 1953 tam
1238 1917 1486 1965 necopinata
1504 1917 1633 1965 primo

218 1987 397 2023 omnium
422 1987 562 2023 incerti
589 1992 879 2035 stupentesque
902 1988 1081 2024 referunt
1103 1989 1265 2036 pedem,
1292 1988 1387 2023 dein
1411 1987 1545 2023 valida
1562 1987 1634 2023 im-

150 2057 203 2096 14
217 2057 427 2105 pressione
451 2057 552 2105 pulsi
577 2062 690 2105 terga
713 2063 882 2095 vertunt.
931 2058 983 2094 Et
1007 2063 1075 2094 aut
1100 2058 1337 2107 fugientium
1364 2058 1498 2094 caedes
1523 2056 1634 2093 foeda

219 2127 358 2163 fuisset
385 2133 453 2163 aut
480 2127 714 2164 temerarius
738 2128 1070 2177 periculosusque
1095 2129 1348 2177 sequentium
1373 2127 1559 2175 impetus,
1592 2127 1634 2163 ni

217 2197 392 2234 Marcius
425 2209 596 2245 propere
629 2199 807 2246 receptui
842 2199 1025 2236 dedisset
1056 2200 1227 2248 signum,
1262 2198 1546 2245 obsistensque
1579 2197 1634 2233 ad

217 2268 345 2316 prima
370 2268 487 2316 signa
511 2273 551 2303 et
574 2269 775 2315 quosdam
801 2269 887 2318 ipse
911 2271 1089 2306 retinens
1114 2270 1360 2306 concitatam
1377 2267 1634 2316 repressisset

218 2338 358 2375 aciem.
422 2338 522 2374 Inde
555 2338 594 2374 in
629 2344 759 2375 castra
793 2340 935 2376 avidos
968 2341 1102 2376 adhuc
1135 2339 1338 2387 caedisque
1361 2344 1402 2374 et
1425 2337 1632 2386 sanguinis

148 2407 202 2448 15
216 2409 386 2445 reduxit.
466 2408 823 2457 Carthaginienses
864 2410 1020 2458 trepide
1061 2409 1190 2458 primo
1230 2410 1281 2445 ab
1320 2408 1494 2444 hostium
1528 2407 1631 2443 vallo

217 2478 307 2522 acti,
348 2484 563 2527 postquam
603 2480 807 2515 neminem
840 2480 995 2528 insequi
1030 2480 1227 2522 viderunt,
1267 2484 1376 2515 metu
1409 2478 1631 2515 substitisse

216 2549 302 2593 rati,
344 2550 608 2597 contemptim
647 2561 780 2586 rursus
819 2555 859 2585 et
891 2550 1037 2586 sedato
1068 2550 1199 2598 gradu
1230 2550 1270 2585 in
1304 2555 1434 2585 castra
1467 2550 1630 2585 abeunt.
