1768 2943
526 89 630 120 Liber
656 89 749 119 XXI.
802 87 858 129 (A.
887 88 948 119 Ch.
975 87 1069 130 218.)
1450 89 1505 129 33

85 219 215 257 miniis
247 219 421 269 trepido,
456 220 509 255 ad
531 220 687 256 Padum
721 218 955 263 festinandi,
989 223 1032 254 ut
1064 230 1153 255 cum
1181 220 1299 256 hoste
1322 221 1506 257 nondum

85 290 238 327 refecto
277 301 422 326 manus
461 294 706 326 consereret.
784 288 868 325 Sed
911 301 1032 336 quum
1075 289 1322 326 Placentiam
1366 291 1506 328 consul
1522 287 1550 327 4

85 360 206 404 venit,
232 359 312 396 iam
337 373 386 396 ex
410 359 561 396 stativis
585 363 767 396 moverat
783 358 992 396 Hannibal
1009 359 1362 408 Taurinorumque
1386 373 1507 398 unam

86 431 239 474 urbem,
283 435 404 478 caput
440 429 573 478 gentis
616 429 715 473 eius,
759 429 853 477 quia
885 430 1068 466 volentes
1100 430 1140 466 in
1174 430 1390 467 amicitiam
1423 444 1508 468 non

86 500 316 544 veniebant,
350 500 387 536 vi
415 504 685 549 expugnarat;
720 504 756 535 et
786 499 983 537 iunxisset
1011 500 1085 536 sibi
1113 513 1198 537 non
1227 506 1336 537 metu
1364 501 1507 546 solum,
1524 498 1550 537 ἴ)

87 571 161 608 sed
194 571 313 607 etiam
347 571 554 607 voluntate
577 569 719 606 Gallos
748 571 911 607 accolas
933 571 1048 615 Padi,
1082 570 1122 607 ni
1147 583 1219 608 eos
1242 572 1509 620 circumspec-

86 646 219 678 tantes
252 640 496 678 defectionis
518 646 677 689 tempus
700 641 833 677 subito
857 642 1036 677 adventu
1060 642 1201 678 consul
1225 642 1507 690 oppressisset.

88 711 139 748 Et
161 710 369 748 Hannibal
393 711 518 747 movit
542 724 590 747 ex
614 711 816 755 Taurinis,
846 711 1036 756 incertos,
1066 724 1155 760 quae
1179 724 1272 760 pars
1298 714 1509 760 sequenda
1526 708 1550 748 6

87 787 207 827 esset,
222 781 364 818 Gallos
381 787 622 830 praesentem
637 787 845 819 secuturos
859 794 950 819 esse
962 787 1084 818 ratus.
1118 782 1202 818 Iam
1217 795 1346 831 prope
1358 783 1400 819 in
1413 795 1511 820 con·
1527 778 1549 818 ’ἶ

88 858 227 902 spectu
261 857 376 889 erant
408 851 604 889 exercitus
637 858 997 901 convenerantque
1030 853 1156 889 duces
1190 853 1304 889 sicuti
1335 853 1440 890 inter
1468 866 1511 889 se

86 924 272 961 nondum
301 923 397 960 satis
423 923 525 967 noti,
559 923 616 959 ita
638 923 717 959 iam
741 923 917 960 imbutus
942 928 1109 971 uterque
1134 924 1311 971 quadam
1338 923 1512 960 admira-

89 994 200 1031 tione
233 993 407 1030 alterius.
470 992 575 1029 Nam
609 999 649 1029 et
680 993 924 1030 Hannibalis
947 994 1058 1041 apud
1080 993 1291 1029 Romanos
1314 994 1392 1029 iam
1416 999 1511 1029 ante
1527 990 1551 1029 8

88 1064 256 1113 Sagunti
273 1063 473 1101 excidium
488 1064 790 1100 celeberrimum
811 1076 964 1100 nomen
983 1068 1080 1107 erat,
1101 1069 1141 1100 et
1153 1064 1386 1112 Scipionem
1399 1063 1512 1100 Han-

87 1135 197 1171 nibal
225 1146 276 1171 eo
298 1135 402 1183 ipso,
437 1135 551 1182 quod
573 1134 766 1170 adversus
790 1146 833 1170 se
857 1135 938 1170 dux
960 1133 1213 1182 potissimum
1237 1135 1363 1171 lectus
1390 1140 1510 1178 esset,

88 1209 346 1254 praestantem
380 1204 503 1240 virum
538 1204 750 1248 credebat;
784 1211 824 1241 et
848 1210 1042 1240 auxerant
1062 1204 1168 1241 inter
1192 1217 1234 1241 se
1258 1205 1510 1253 opinionem,
1526 1200 1551 1240 9

90 1275 239 1325 Scipio,
264 1275 389 1324 quod,
412 1274 573 1311 relictus
594 1275 636 1310 in
659 1273 804 1320 Gallia,
830 1275 971 1311 obvius
995 1275 1125 1312 fuerat
1146 1275 1187 1312 in
1204 1275 1360 1312 Italiam
1383 1280 1512 1311 trans-

88 1358 229 1395 gresso
251 1345 485 1390 Hannibali,
519 1344 736 1381 Hannibal
765 1351 805 1381 et
837 1350 987 1382 conatu
1020 1351 1101 1382 tam
1135 1346 1281 1382 audaci
1313 1345 1512 1382 traiicien-

90 1418 231 1453 darum
265 1416 423 1465 Alpium
457 1421 498 1452 et
530 1415 688 1453 effectu.
761 1415 986 1464 Occupavit
1018 1422 1155 1453 tamen
1188 1416 1322 1465 Scipio
1356 1416 1513 1452 Padum
1532 1412 1585 1453 10

91 1486 285 1531 traiicere,
311 1491 352 1522 et
374 1487 429 1522 ad
447 1486 634 1523 Ticinum
659 1499 820 1524 amnem
846 1487 966 1523 motis
985 1487 1138 1531 castris,
1163 1487 1395 1536 priusquam
1415 1486 1514 1522 edu-

91 1563 199 1595 ceret
221 1557 263 1593 in
280 1557 422 1601 aciem,
449 1557 801 1593 adhortandorum
819 1557 986 1594 militum
1005 1569 1128 1594 causa
1145 1558 1266 1593 talem
1285 1556 1513 1594 orationem

92 1632 154 1664 est
184 1639 364 1664 exorsus.

214 1694 278 1734 «Si
303 1710 394 1734 eum
419 1698 650 1743 exercitum,
676 1698 833 1743 milites,
860 1700 1075 1735 educerem
1101 1698 1141 1734 in
1167 1699 1309 1743 aciem,
1335 1710 1453 1746 quem
1472 1697 1513 1733 in
1575 1691 1640 1735 40

92 1768 224 1806 Gallia
262 1780 420 1805 mecum
459 1768 594 1813 habui,
638 1769 959 1817 supersedissem
992 1769 1101 1817 loqui
1135 1769 1246 1817 apud
1278 1780 1370 1811 vos;
1417 1764 1556 1815 quid?

92 1839 199 1875 enim
223 1838 431 1875 adhortari
454 1838 621 1875 referret
643 1844 712 1875 aut
729 1852 801 1876 eos
819 1840 988 1888 equites,
1013 1840 1081 1888 qui
1099 1840 1320 1888 equitatum
1338 1837 1514 1874 hostium

92 1910 146 1946 ad
164 1910 411 1946 Rhodanum
435 1909 584 1945 flumen
611 1909 773 1958 egregie
798 1909 1000 1954 vicissent,
1026 1915 1096 1946 aut
1112 1922 1183 1946 eas
1200 1909 1397 1958 legiones,
1425 1920 1514 1944 cum

92 1981 236 2029 quibus
268 1979 489 2029 fugientem
522 1980 628 2017 hunc
660 1980 791 2029 ipsum
824 1981 983 2017 hostem
1017 1985 1179 2017 secutus
1211 1978 1514 2017 confessionem

93 2051 277 2087 cedentis
310 2062 357 2086 ac
390 2051 653 2088 detrectantis
686 2057 891 2088 certamen
925 2063 998 2100 pro
1026 2049 1193 2087 victoria
1215 2046 1364 2085 habui?
1397 2045 1555 2085 Nunc3

94 2119 187 2168 quia
212 2120 276 2156 ille
300 2121 510 2165 exercitus,
535 2120 745 2170 Hispaniae
769 2121 986 2170 provinciae
1005 2121 1188 2169 scriptus,
1214 2120 1375 2156 ibicum
1396 2118 1515 2154 fratre

95 2190 169 2227 Cn.
189 2190 379 2239 Scipione
405 2191 504 2227 meis
530 2186 718 2240 auspiciis
741 2204 825 2228 rem
851 2192 966 2240 gerit,
993 2191 1060 2227 ubi
1084 2203 1175 2226 eum
1192 2202 1332 2239 gerere
1351 2194 1515 2225 senatus

94 2261 349 2309 populusque
373 2261 583 2298 Romanus
607 2262 743 2306 voluit,
777 2275 869 2311 ego,
903 2267 946 2298 ut
970 2262 1177 2299 consulem
1203 2261 1348 2296 ducem
1374 2256 1557 2295 adver-4

95 2343 162 2368 sus
179 2329 452 2368 Hannibalem
479 2344 526 2368 ac
552 2332 702 2369 Poenos
727 2333 943 2377 haberetis,
972 2332 1059 2380 ipse
1084 2344 1148 2367 me
1173 2331 1264 2367 huic
1288 2328 1514 2366 voluntario

96 2402 303 2438 certamini
336 2402 475 2446 obtuli,
509 2415 618 2439 novo
651 2403 883 2452 imperatori
917 2403 1028 2451 apud
1060 2414 1190 2438 novos
1218 2401 1362 2437 milites
1385 2411 1515 2447 pauca

96 2472 218 2508 verba
249 2471 440 2509 facienda
472 2478 577 2510 sunt,
641 2473 702 2510 Ne
727 2486 856 2522 genus
881 2473 973 2509 belli
997 2485 1100 2509 neve
1124 2472 1282 2508 hostem
1307 2469 1515 2518 ignoretis,
1531 2465 1557 2505 5

97 2553 185 2579 cum
218 2542 265 2579 iis
297 2548 359 2580 est
390 2543 519 2588 vobis,
559 2544 715 2588 milites,
750 2544 1030 2592 pugnandum,
1065 2554 1167 2591 quos
1200 2547 1304 2578 terra
1337 2539 1516 2586 marique

97 2614 229 2662 priore
261 2613 367 2650 bello
401 2614 561 2658 vicistis,
600 2627 624 2650 a
657 2615 800 2662 quibus
834 2614 1079 2662 stipendium
1112 2624 1183 2660 per
1215 2610 1352 2659 viginti
1385 2622 1516 2646 annos

169 2690 269 2717 Livius
291 2699 324 2716 ex
347 2699 403 2718 rec.
424 2691 576 2724 Madvigii.
616 2691 664 2716 111.
1212 2678 1232 2711 3
