1789 2955
488 78 603 112 Liber
626 77 773 114 XXVI.
822 80 884 122 (A.
911 78 975 113 eh.
1001 81 1098 123 210.)
1464 85 1516 122 33

71 205 239 244 *excidio
278 218 323 242 ac
354 205 624 243 celeberrimis
663 205 761 243 viris
800 206 926 243 victos
957 207 1063 244 bello
1095 210 1344 244 accusatores
1380 208 1420 244 in
1453 221 1517 245 ur-

84 277 172 315 bem
203 277 450 315 adducentis.
510 276 574 314 De
604 290 646 314 re
685 277 848 326 publiea
878 281 1008 315 tamen
1039 279 1212 327 primum
1250 292 1295 316 ac
1337 279 1385 315 de
1427 293 1519 329 pro·
1540 280 1592 316 17

82 348 226 385 vinciis
257 348 373 385 ambo
406 349 586 386 consules
618 349 670 386 ad
701 352 881 386 senatum
911 350 1112 387 rettulere.

197 419 263 457 Ibi
302 420 500 466 Laevinus,
542 433 620 469 quo
661 422 768 456 statu
805 420 1044 458 Macedonia
1085 425 1124 457 et
1170 421 1338 467 Graecia,
1377 422 1516 467 AEtoh,
1603 419 1659 468 28

84 490 320 529 Acarnanes
346 492 546 541 Locrique
573 495 712 538 essent,
745 505 923 541 quasque
950 492 1008 529 ibi
1040 506 1103 529 res
1129 493 1214 542 ipse
1239 493 1386 541 egisset
1410 496 1520 531 terra

84 563 277 612 marique,
307 563 510 612 exposuit:
552 563 799 613 Philippum,
830 563 1067 600 inferentem
1101 564 1252 602 bellum
1285 565 1451 611 AEtolis,
1483 565 1565 602 in2

87 634 365 672 Macedoniam
396 639 504 672 retro
535 635 584 672 ab
617 649 656 672 se
682 635 929 684 compulsum
963 636 1012 672 ad
1044 636 1185 673 intima
1211 637 1372 686 penitus
1404 638 1520 686 regni

87 706 226 751 abisse,
257 706 536 756 legionemque
567 706 660 744 inde
693 707 836 744 deduci
869 719 1005 756 posse3
1038 708 1202 745 classem
1234 709 1329 746 satis
1353 722 1438 746 esse
1470 708 1521 746 ad

86 777 301 815 arcendum
332 777 456 816 Italia
497 792 646 827 regem.
707 778 807 815 Haec
853 778 901 815 de
945 792 985 815 se
1028 779 1155 828 deque
1197 780 1421 829 provincia,
1463 780 1568 817 cui3

86 849 312 900 praefuerat,
344 849 500 895 consu13
547 854 631 886 tum
673 850 722 887 de
753 850 974 900 provinciis
1007 852 1226 887 communis
1256 852 1401 888 relatio
1432 852 1519 889 fuit.

85 919 312 959 Decrevere
343 924 500 970 patres,
540 924 584 957 ut
614 921 732 958 alteri
764 922 968 958 consulum
1007 922 1132 959 Italia
1170 923 1400 972 bellumque
1432 936 1520 960 cum

88 991 318 1029 Hannibale
358 992 567 1042 provincia
607 995 728 1039 esset,
768 993 869 1030 alter
909 993 1096 1040 classem,
1139 995 1202 1031 cui
1242 995 1286 1032 Τ.
1325 994 1522 1033 Otacilius

86 1063 334 1113 praefuisset,
372 1062 629 1113 Siciliamque
667 1065 915 1114 provinciam
956 1079 1042 1102 cum
1083 1066 1129 1104 L.-
1171 1066 1309 1103 Cincio
1351 1070 1524 1116 praetore

92 1135 304 1173 obtineret.
351 1135 565 1173 Exercitus
582 1137 638 1173 eis
657 1136 734 1174 duo
760 1136 922 1183 decreti,
956 1138 1024 1186 qui
1050 1138 1091 1174 in
1115 1138 1282 1175 Etruria
1309 1138 1524 1188 Galliaque
1541 1138 1567 1175 4

89 1210 236 1253 essent3
283 1220 338 1244 eae
369 1210 558 1256 quattuor
589 1212 701 1244 erant
732 1208 930 1256 legionem
978 1209 1141 1246 urbanae
1182 1211 1269 1247 duae
1301 1211 1522 1260 superioris

88 1279 182 1315 anni
207 1278 248 1315 in
275 1278 490 1324 Etruriam,
523 1279 622 1326 duae,
649 1280 793 1328 quibus
819 1279 1023 1330 Sulpicius
1049 1282 1185 1318 consul
1212 1282 1450 1331 praefuisset,
1482 1283 1523 1319 in

91 1348 266 1388 Galliam
299 1351 564 1388 mitterentur.
628 1350 774 1388 Galliae
817 1354 855 1388 et
896 1352 1124 1401 legionibus
1161 1357 1362 1403 praeesset,
1408 1352 1566 1404 quem5

90 1422 242 1469 consul,
273 1422 385 1460 cuius
411 1422 535 1460 Italia
559 1423 768 1472 provincia
800 1427 914 1470 esset,
946 1425 1213 1473 praefecissem
1256 1426 1298 1462 in
1323 1426 1527 1463 Etruriam
1546 1427 1569 1463 6

91 1491 136 1533 C.
169 1492 413 1543 Calpurnius
443 1497 533 1544 post
570 1498 788 1544 praeturam
827 1499 1044 1545 prorogato
1084 1497 1126 1533 in
1167 1511 1315 1534 annum
1357 1498 1526 1548 imperio

89 1565 244 1602 missus.
289 1566 343 1602 Et
366 1566 413 1613 Q.
431 1565 578 1604 Fulvio
609 1565 747 1615 Capua
772 1568 981 1616 provincia
1004 1567 1164 1605 decreta
1189 1573 1528 1619 prorogatumque

92 1637 134 1674 in
179 1651 325 1675 annum
372 1638 608 1688 imperium3
662 1639 864 1675 exercitus
905 1640 1050 1676 civium
1091 1641 1368 1690 sociorumque
1406 1641 1573 1678 minui7

91 1709 231 1756 iussus,
262 1714 308 1747 ut
331 1723 379 1747 ex
404 1709 557 1747 duabus
581 1709 806 1758 legionibus
822 1723 902 1747 una
925 1711 1044 1760 legio,
1068 1713 1242 1761 quinque
1266 1713 1391 1750 millia
1416 1714 1526 1762 pedi-

91 1784 176 1832 tum
200 1784 240 1818 et
262 1782 432 1819 trecenti
460 1782 614 1831 equites
645 1786 787 1828 essent,
826 1782 1014 1828 dimissis,
1041 1784 1110 1832 qui
1135 1784 1309 1833 plurima
1326 1786 1528 1835 stipendia

94 1852 300 1900 haberent,
331 1857 370 1890 et
394 1854 592 1891 sociorum
617 1857 767 1903 septem
792 1854 921 1891 millia
947 1855 1129 1904 peditum
1163 1860 1200 1893 et
1218 1857 1391 1894 trecenti
1411 1858 1522 1906 equi·
1542 1856 1568 1893 8

93 1926 154 1962 tes
170 1924 503 1974 relinquerentur,
528 1926 667 1963 eadem
684 1926 840 1963 ratione
857 1926 1148 1976 stipendiorum
1168 1928 1307 1966 habita
1324 1929 1365 1965 in
1381 1930 1526 1966 veteri-

95 1996 169 2034 bus
185 1996 381 2034 militibus
399 1996 661 2034 dimittendis.
694 1997 764 2036 Cn.
778 1998 922 2036 Fulvio
939 1999 1094 2036 consuli
1112 2000 1330 2049 superioris
1347 2001 1441 2037 anni
1458 2015 1529 2038 nec
1547 2001 1569 2037 9

95 2066 144 2103 de
160 2068 368 2117 provincia
391 2069 546 2119 Apulia
567 2083 639 2106 nec
657 2069 705 2106 de
732 2070 924 2116 exercitu,
950 2084 1065 2119 quem
1082 2071 1286 2118 habuerat,
1315 2072 1528 2122 quicquam

94 2141 311 2185 mutatum
355 2143 510 2177 tantum
550 2141 590 2177 in
631 2154 777 2178 annum
815 2145 1073 2191 prorogatum
1105 2143 1318 2193 imperium
1349 2148 1419 2181 est.
1480 2145 1527 2182 P.

97 2208 300 2260 Sulpicius
332 2212 486 2260 collega
510 2212 594 2249 eius
621 2226 774 2250 omnem
800 2214 1016 2251 exercitum
1040 2218 1186 2264 praeter
1212 2217 1338 2253 socios
1366 2217 1527 2254 navales

95 2281 226 2319 iussus
253 2282 454 2320 dimittere
480 2286 550 2321 est.
597 2284 700 2322 Item
729 2299 776 2322 ex
805 2284 945 2324 Sicilia
970 2287 1181 2334 exercitus,
1212 2288 1276 2324 cui
1299 2287 1353 2324 M.
1383 2287 1529 2325 Corne-
1553 2287 1605 2324 10

97 2352 174 2390 lius
191 2358 390 2403 praeesset,
414 2355 484 2392 ubi
501 2356 638 2393 consul
664 2356 703 2393 in
731 2356 978 2406 provinciam
1002 2359 1188 2405 venisset,
1218 2358 1368 2396 dimitti
1386 2360 1528 2396 iussus.

97 2423 144 2464 L.
172 2424 313 2463 Cincio
345 2427 509 2475 praetori
540 2427 589 2464 ad
621 2428 877 2466 obtinendam
909 2429 1090 2467 Siciliam
1124 2430 1350 2467 Cannenses
1382 2430 1528 2468 milites
1548 2430 1597 2469 11

99 2494 192 2542 dati,
216 2496 383 2535 duarum
410 2497 536 2536 instar
562 2500 774 2549 legionum.
820 2500 1005 2538 Totidem
1036 2502 1209 2550 legiones
1237 2502 1278 2538 in
1303 2501 1530 2539 Sardiniam
1550 2502 1599 2539 12

100 2565 146 2604 P.
177 2567 331 2606 Manlio
362 2569 537 2608 Vulsoni
568 2572 734 2621 praetori
767 2572 955 2620 decretae,
997 2574 1141 2622 quibus
1171 2573 1217 2610 L.
1251 2573 1457 2611 Cornelius
1489 2575 1530 2611 in

102 2637 239 2676 eadem
277 2640 487 2689 provincia
527 2643 663 2692 priore
705 2658 808 2681 anno
848 2645 1072 2694 praefuerat.
1134 2645 1319 2682 Urbanas
1356 2645 1532 2693 legiones
1551 2645 1602 2682 13

167 2708 271 2735 Livius
291 2716 328 2735 ex
347 2717 405 2736 rec.
425 2711 579 2743 Madvigii.
616 2713 668 2738 1v.
1237 2715 1258 2747 3
