1789 2955
488 99 603 134 Liber
627 97 774 133 XXVI.
825 98 886 142 (A.
913 97 978 132 eh.
1004 98 1099 140 211.)
1464 100 1513 135 17

82 228 334 267 clementiam
379 226 488 264 haud
534 225 761 262 diffidentes
807 224 884 262 sibi
931 237 1087 273 quoque
1132 223 1374 273 placabilem
1421 224 1518 269 fore,

84 302 239 350 legatos
269 299 320 337 ad
350 297 572 335 dedendam
596 296 792 333 Romanis
817 295 994 345 Capuam
1019 295 1283 333 decreverunt
1307 295 1517 331 miserunt-

81 385 169 423 que.
230 370 395 409 Vibium
426 369 610 407 Virrium
641 371 792 417 septem
825 370 864 404 et
893 367 1042 415 viginti
1066 366 1191 403 ferme
1218 369 1420 403 senatores
1451 364 1517 401 do·
1536 367 1559 403 3

81 456 199 481 mum·
233 442 357 480 secuti
403 443 495 479 sunt
540 439 771 489 epulatique
829 451 915 475 cum
963 452 1007 475 eo
1054 442 1103 484 et,
1149 441 1341 487 quantum
1386 438 1516 473 facere

79 517 307 566 potuerant,
338 512 523 550 alienatis
554 511 754 548 mentibus
783 511 878 548 vino
910 510 958 546 ab
991 510 1234 546 imminentis
1258 521 1375 546 sensu
1406 508 1515 551 mali,

80 598 276 624 venenum
318 597 452 622 omnes
491 585 762 632 sumpserunt3
809 582 914 628 inde,
959 581 1078 618 misso
1125 580 1320 629 convivio,
1367 579 1559 618 dextris4

78 659 184 696 inter
200 671 241 695 se
258 656 363 694 datis
379 656 601 704 ultimoque
626 655 847 703 complexu,
876 652 1194 690 collacrimantes
1220 665 1332 689 suuni
1355 651 1514 700 patriae-

81 742 157 780 que
189 741 322 767 casum
353 727 435 777 alii,
474 731 520 764 ut
550 726 686 764 eodem
717 738 813 773 rogo
847 727 1129 772 cremarentur,
1162 726 1405 769 manserunt,
1445 722 1516 759 alii

80 801 217 839 domos
257 799 429 848 digressi
474 802 577 836 sunt.
637 797 818 846 Impletae
867 796 967 833 cibis
1013 796 1187 845 vinoque
1231 808 1342 832 venae
1387 794 1557 833 minus5

80 872 278 910 efficacem
310 872 352 908 in
383 869 620 907 maturanda
658 872 783 906 morte
824 868 904 906 vim
949 868 1093 905 veneni
1138 868 1336 913 fecerunt;
1381 866 1515 915 itaque

80 946 236 982 noctem
261 946 386 980 totam
403 942 586 992 plerique
619 954 755 978 eorum
782 943 821 977 et
848 939 931 976 diei
947 940 1192 988 insequentis
1216 943 1371 988 partem
1396 951 1515 987 quum

80 1015 253 1054 animam
270 1014 454 1063 egissent,
480 1026 614 1050 omnes
631 1016 766 1050 tamen
785 1011 908 1061 prius,
928 1025 1046 1060 quam
1064 1011 1317 1061 aperirentur
1332 1009 1516 1046 hostibus

79 1090 217 1137 portae,
249 1086 513 1135 exspirarunt.

193 1158 362 1196 Postero
395 1157 460 1194 die
490 1160 607 1206 porta
638 1156 758 1202 Iovis,
805 1168 892 1204 quae
940 1155 1130 1192 adversus
1173 1157 1303 1191 castra
1333 1153 1515 1190 Romana
1534 1156 1556 1190 6

82 1233 176 1277 erat,
210 1230 322 1268 iussu
349 1229 635 1279 proconsulum
667 1231 807 1277 aperta
839 1230 908 1265 est.
954 1227 1014 1264 Ea
1044 1226 1271 1263 intromissa
1302 1225 1408 1274 legio
1438 1238 1516 1261 una

80 1306 119 1340 et
149 1302 237 1340 duae
268 1302 342 1339 alae
373 1315 462 1338 cum
487 1300 530 1338 O.
556 1300 702 1338 Fulvio
726 1300 870 1348 legato.
930 1298 972 1336 Is
996 1311 1117 1347 quum
1143 1298 1317 1335 omnium
1342 1297 1513 1346 primum
1534 1299 1556 1334 7

80 1387 189 1412 arma
219 1373 390 1423 telaque,
421 1386 510 1422 quae
542 1371 690 1422 Capuae
722 1373 857 1417 erant,
899 1370 948 1408 ad
979 1384 1020 1407 se
1052 1370 1294 1407 conferenda
1325 1372 1514 1418 curasset,

82 1445 273 1483 custodiis
305 1445 355 1482 ad
387 1458 520 1483 omnes
544 1447 681 1494 portas
714 1442 935 1492 dispositis,
965 1456 1014 1479 ne
1048 1442 1137 1491 quis
1162 1442 1268 1478 exire
1293 1444 1362 1479 aut
1387 1440 1516 1477 emitti

79 1520 226 1567 posset,
251 1516 482 1566 praesidium
499 1516 700 1553 Punicum
727 1515 1045 1564 comprehendit,
1068 1517 1249 1552 senatum
1267 1513 1514 1562 Campanum

79 1589 137 1626 ire
183 1589 223 1625 in
270 1591 402 1626 castra
448 1588 497 1626 ad
548 1588 812 1637 imperatores
850 1587 1053 1624 Romanos
1086 1585 1211 1622 iussit.
1274 1584 1362 1631 Quo
1396 1584 1559 1633 quumS

78 1660 294 1707 venissent,
332 1661 531 1710 extemplo
563 1660 611 1697 iis
643 1659 824 1697 omnibus
856 1662 1003 1696 catenae
1046 1657 1214 1702 iniectae,
1256 1657 1433 1705 iussique
1464 1656 1514 1692 ad

81 1735 299 1782 quaestores
317 1732 484 1778 deferre,
513 1731 620 1780 quod
637 1731 725 1768 auri
742 1734 861 1780 atque
889 1730 1044 1778 argenti
1064 1729 1266 1766 haberent.
1292 1728 1396 1765 Auri
1419 1741 1515 1777 pon-

79 1804 129 1842 do
165 1803 243 1842 duo
275 1804 402 1841 millia
434 1803 689 1853 septuaginta
720 1803 806 1849 fuit,
840 1802 998 1850 argenti
1027 1801 1196 1850 triginta
1227 1800 1352 1837 millia
1382 1799 1515 1849 pondo

77 1879 116 1913 et
139 1875 250 1912 mille
275 1875 458 1913 ducenta.
513 1873 726 1912 Senatores
751 1874 926 1923 quinque
953 1877 992 1911 et
1006 1873 1154 1923 viginti
1182 1872 1299 1910 Cales
1322 1873 1361 1909 in
1388 1875 1515 1909 custo-
1535 1872 1557 1907 9

80 1947 201 1994 diam,
219 1947 518 1995 duodetriginta
535 1946 713 1984 Teanum
732 1946 855 1992 missi,
878 1959 1046 1995 quorum
1065 1945 1113 1982 de
1131 1945 1326 1982 sententia
1342 1944 1513 1981 maxime

77 2019 273 2058 descitum
298 2019 347 2056 ab
376 2018 572 2056 Romanis
596 2018 814 2058 constabat.
861 2016 926 2054 De
957 2018 1156 2067 supplicio
1175 2016 1369 2066 Campani
1400 2029 1508 2053 sena·
1596 2012 1647 2059 15

75 2093 140 2129 tus
184 2090 493 2140 haudquaquam
537 2090 641 2127 inter
679 2089 869 2128 Fulvium
902 2088 1195 2139 Claudiumque
1240 2088 1512 2126 conveniebat.

75 2163 228 2201 Facilis
260 2162 521 2212 impetrandae
551 2162 679 2199 veniae
712 2160 928 2208 Claudius,
974 2161 1111 2199 Fulvii
1142 2161 1282 2198 durior
1313 2160 1512 2198 sententia

76 2238 173 2273 erat.
234 2234 379 2284 Itaque
406 2233 567 2284 Appius
593 2233 763 2270 Romam
795 2233 845 2270 ad
877 2236 1058 2270 senatum
1091 2233 1303 2270 arbitrium
1336 2232 1421 2269 eius
1452 2231 1510 2268 rei
1529 2232 1552 2266 2

73 2309 201 2344 totum
233 2305 465 2344 reiiciebat:
511 2304 773 2354 percontandi
804 2305 925 2342 etiam
967 2318 1124 2354 aequum
1156 2317 1239 2341 esse
1271 2306 1509 2353 potestatem
1528 2303 1551 2338 3

75 2377 163 2416 fieri
193 2379 394 2429 patribus,
439 2391 533 2414 num
565 2376 923 2414 communicassent
954 2377 1120 2414 consilia
1152 2389 1239 2413 cum
1270 2375 1416 2424 aliquis
1448 2388 1508 2411 so-

76 2450 227 2488 ciorum
247 2450 385 2488 Latini
410 2449 583 2487 nominis
601 2452 640 2486 et
663 2461 757 2485 num
775 2462 848 2498 ope
866 2461 1001 2486 eorum
1026 2447 1068 2484 in
1093 2447 1202 2485 bello
1220 2447 1352 2484 forent
1369 2446 1508 2484 adiuti.

74 2521 125 2560 Id
155 2535 249 2559 vero
281 2521 445 2558 minime
477 2519 805 2558 committendum
836 2534 921 2558 esse
948 2519 1121 2558 Fulvius
1153 2519 1296 2565 dicere,
1327 2521 1371 2555 ut
1402 2517 1553 2554 solli-4

76 2593 294 2631 citarentur
320 2593 557 2630 criminibus
585 2592 716 2630 dubiis
744 2592 940 2629 sociorum
964 2591 1143 2628 fidelium
1175 2590 1308 2636 animi,
1333 2594 1371 2627 et
1388 2589 1509 2626 subii-

75 2667 258 2702 cerentur
296 2664 505 2711 indicibus,
545 2664 633 2714 quis
670 2676 812 2711 neque,
853 2664 951 2710 qnid
990 2664 1184 2707 dicerent,
1224 2675 1364 2711 neque,
1412 2660 1509 2711 quid

141 2735 245 2760 Livius
267 2741 303 2760 ex
321 2741 379 2760 ree.
399 2734 554 2766 Madvigii.
591 2735 644 2760 iv.
1215 2732 1236 2764 2
