1789 2955
568 56 684 91 Liber
709 55 831 90 XXX.
882 57 942 99 (A.
970 55 1034 89 Oh.
1061 57 1155 99 202.)
1485 61 1564 98 263

132 183 393 233 pensionibus
425 184 548 232 aequis
580 183 619 220 in
651 196 774 220 annos
806 182 1111 232 quinquaginta,
1149 183 1366 230 solverent;
1407 184 1608 222 obsidesss

134 258 291 292 eentum
323 255 520 292 arbitratu
545 254 745 304 Scipionis
777 254 928 301 darent,
959 268 1007 291 ne
1038 255 1210 292 minores
1243 255 1564 304 quattuordecim

133 326 247 363 annis
279 339 356 363 neu
386 326 556 376 triginta
586 326 766 363 maiores.
824 325 1010 363 Indutias
1043 326 1098 364 ita
1130 340 1170 363 se
1203 327 1399 373 daturum,
1431 327 1462 364 si
1493 340 1564 377 per

133 398 285 447 priores
318 398 495 436 indutias
533 410 652 435 naves
684 397 876 435 onerariae
916 401 1062 447 captae,
1112 411 1278 448 quaeque
1324 399 1491 437 fuissent
1522 400 1564 436 in

132 468 311 516 navibus,
352 470 676 515 restituerentur,
719 469 836 506 aliter
866 483 938 506 nec
982 470 1160 507 indutias
1198 484 1269 508 nec
1307 484 1416 521 spem
1454 472 1561 521 pacis

130 541 255 578 ullam
287 554 381 580 esse.

243 612 329 650 Has
368 612 623 650 condiciones
665 612 788 660 legati
829 626 949 662 quum
991 613 1149 650 domum
1191 614 1339 651 referre
1379 614 1475 651 iussi
1521 613 1605 651 in7

129 685 313 721 contione
344 684 519 731 ederent,
551 687 590 721 et
615 682 741 732 Gisgo
773 684 823 721 ad
850 684 1159 723 dissuadendam
1184 699 1320 735 pacem
1344 687 1560 735 processis-

128 758 190 792 set
219 756 508 806 audireturque
546 770 576 793 ‚a
622 756 878 793 multitudine
925 758 1105 806 inquieta
1146 757 1276 795 eadem
1325 761 1363 794 et
1395 757 1561 804 imbelli,

127 827 361 876 indignatus
391 828 610 877 Hannibal,
637 827 716 864 dici
742 841 787 865 ea
813 829 852 865 in
877 829 951 865 tali
975 832 1155 878 tempore
1173 829 1397 878 audirique,
1429 842 1562 879 arrep-
1581 829 1606 866 8

123 901 209 936 tum
242 899 458 949 Gisgonem
498 913 617 937 manu
655 912 725 936 sua
757 914 803 937 ex
843 901 1046 950 superiore
1076 902 1163 938 loco
1196 901 1383 938 detraxit.
1459 901 1559 948 Quae

126 971 283 1008 insueta
305 971 442 1009 liberae
468 971 624 1009 civitati
648 972 797 1021 species
823 985 944 1021 quum
970 973 1170 1010 fremitum
1195 972 1333 1021 populi
1361 973 1557 1021 movisset,

122 1044 383 1092 perturbatus
423 1044 610 1081 militaris
650 1044 713 1081 vir
758 1044 912 1082 urbana
952 1044 1138 1081 libertate
1184 1044 1385 1090 „Noven1“
1431 1044 1605 1094 inquit9

127 1128 345 1165 „annorum
373 1130 395 1154 a
420 1116 534 1153 vobis
558 1117 761 1166 profectus
786 1119 877 1165 post
900 1119 1054 1153 sextum
1081 1119 1119 1152 et
1143 1116 1389 1153 tricesimum
1414 1130 1559 1153 annum

122 1187 236 1224 redii.
297 1188 495 1226 Militares
526 1191 652 1234 artes,
693 1201 792 1237 quas
833 1201 892 1224 me
934 1202 955 1225 a
994 1201 1116 1237 puero
1147 1189 1308 1225 fortuna
1338 1202 1442 1225 nunc
1474 1188 1556 1238 pri-

122 1262 224 1306 vata,
256 1273 360 1297 nunc
391 1260 556 1309 publica
587 1259 734 1307 docuit,
767 1259 890 1308 probe
923 1259 1061 1296 videor
1102 1260 1224 1306 scire;
1262 1260 1374 1298 urbis
1406 1274 1450 1297 ac
1481 1260 1558 1297 fori

121 1330 220 1378 iura,
254 1332 372 1380 leges,
403 1345 530 1369 mores
556 1344 626 1369 vos
652 1344 713 1368 me
733 1334 892 1380 oportet
912 1331 1125 1369 doceatis.“
1176 1331 1381 1370 Excusata
1408 1332 1558 1381 impru-
1581 1331 1630 1368 10

123 1402 272 1450 dentia,
290 1403 339 1440 de
355 1417 452 1453 pace
470 1404 606 1441 multis
622 1402 758 1441 verbis
776 1402 978 1450 disseruit,
991 1417 1107 1453 quam
1125 1418 1197 1441 nec
1215 1405 1353 1454 iniqua
1370 1407 1408 1441 et
1424 1417 1554 1441 neces-

121 1475 229 1512 saria
246 1479 360 1515 esset.
408 1475 456 1512 Id
474 1476 650 1512 omnium
667 1475 838 1513 maxime
865 1475 1031 1513 difficile
1057 1479 1155 1523 erat,
1182 1476 1290 1525 quod
1315 1489 1363 1513 ex
1388 1476 1558 1513 navibus
1580 1475 1628 1512 ll

122 1559 194 1596 per
223 1546 399 1585 indutias
431 1548 558 1597 captis
590 1547 693 1584 nihil
724 1551 871 1596 praeter
902 1548 1011 1597 ipsas
1045 1548 1302 1598 comparebat
1318 1561 1450 1597 naves,
1484 1561 1555 1585 nec

120 1618 331 1668 inquisitio
364 1623 449 1656 erat
480 1619 629 1661 facilis,
677 1619 980 1657 adversantibus
1018 1620 1135 1669 paci,
1168 1620 1237 1669 qui
1278 1622 1554 1668 arguerentur.

122 1689 283 1728 Placuit
314 1705 433 1729 naves
464 1691 579 1728 reddi
611 1694 650 1728 et
680 1692 859 1728 homines
898 1691 1036 1740 utique
1077 1691 1241 1741 inquiri,
1273 1694 1423 1737 cetera,
1469 1703 1554 1740 quae
1578 1690 1625 1728 12

118 1763 315 1810 abessent,
342 1763 576 1800 aestimanda
594 1762 777 1813 Scipioni
801 1763 993 1813 permitti,
1027 1766 1146 1812 atque
1173 1764 1227 1800 ita
1253 1763 1422 1812 pecunia
1445 1763 1553 1800 luere

121 1833 485 1883 Carthaginienses.
548 1833 671 1882 Sunt,
718 1835 788 1885 qui
818 1835 1091 1873 Hannibalem
1137 1849 1185 1872 ex
1232 1835 1317 1872 acie
1358 1835 1408 1872 ad.
1450 1848 1556 1872 mare
1579 1834 1627 1871 13

120 1906 361 1956 pervenisse,
389 1906 481 1944 inde
498 1910 724 1957 praeparata
741 1920 840 1945 nave
858 1907 907 1944 ad
933 1920 1067 1957 regem
1086 1906 1335 1945 Antiochum
1353 1907 1556 1957 extemplo

121 1979 344 2028 profectum
382 1980 564 2029 tradant,
616 1979 914 2029 postulantique
961 1982 1051 2017 ante
1097 1979 1229 2016 omnia
1269 1977 1467 2028 Scipioni,
1512 1982 1555 2015 ut

119 2049 330 2088 Hannibal
376 2050 455 2089 sibi
496 2051 741 2097 traderetur,
786 2064 1019 2100 responsum
1066 2064 1167 2098 esse,
1207 2050 1482 2088 Hannibalem
1516 2051 1555 2087 in

119 2121 262 2160 Africa
290 2136 371 2160 non
401 2135 497 2161 esse.

234 2194 456 2245 Postquam
488 2195 695 2232 redierunt
726 2195 775 2232 ad
808 2193 1035 2244 Scipionem
1072 2194 1216 2243 legati,
1264 2207 1351 2243 quae
1390 2194 1553 2243 publica
1622 2190 1675 2238 38

124 2266 166 2304 in
181 2267 355 2305 navibus
374 2268 545 2314 fuerant,
577 2280 624 2303 ex
651 2267 822 2316 publicis
848 2266 1052 2316 descripta
1076 2265 1299 2303 rationibus
1326 2269 1555 2314 quaestores,

122 2351 210 2388 quae
242 2338 420 2388 privata,
451 2339 633 2389 profiteri
665 2338 818 2376 domini
851 2338 967 2384 iussi;
1006 2351 1078 2387 pro
1117 2351 1162 2375 ea
1194 2350 1346 2374 summa
1378 2338 1556 2386 pecuniae
1577 2339 1599 2374 2

120 2410 267 2458 viginti
299 2411 475 2461 quinque
507 2411 636 2448 millia
667 2411 800 2460 pondo
825 2410 984 2459 argenti
1010 2410 1226 2459 praesentia
1250 2412 1404 2455 exacta3
1440 2409 1555 2446 indu-

121 2482 268 2531 tiaeque
300 2481 703 2532 Carthaginiensibus
737 2483 839 2520 datae
871 2483 911 2519 in
944 2485 1024 2519 tres
1050 2494 1213 2519 menses.
1268 2480 1480 2527 Additum,
1513 2494 1560 2518 ne
1580 2482 1603 2518 3

123 2566 195 2604 per
226 2554 472 2592 indutiarum
503 2558 657 2604 tempus
690 2555 768 2592 alio
800 2567 967 2603 usquam
1000 2566 1118 2602 quam
1151 2553 1317 2590 Romam
1351 2552 1555 2589 mitterent

122 2625 287 2674 legatos,
318 2629 367 2672 et,
400 2626 627 2675 quicunque
659 2626 784 2674 legati
816 2624 1102 2674 Carthaginem
1135 2624 1351 2673 venissent,
1385 2637 1432 2661 ne
1465 2627 1556 2662 ante
