1789 2955
555 111 659 142 Liber
686 111 809 142 xxw.
850 110 904 153 (A.
933 113 996 143 Ch.
1023 112 1118 155 214.)
1460 115 1541 156 189

125 255 214 280 cum
239 254 385 291 equum
410 243 628 287 habebant,
655 243 838 291 tribuque
863 244 961 280 moti
987 244 1112 280 aerarii
1138 256 1282 281 omnes
1306 245 1413 282 facti.
1462 245 1542 282 Ne·
1558 244 1579 284 7

125 324 203 361 que
227 317 370 349 senatu
395 313 522 350 modo
547 319 616 349 aut
640 313 813 362 equestri
840 314 983 350 ordine
1008 312 1191 362 regendo
1217 327 1310 351 cura
1336 328 1379 351 se
1398 328 1542 352 censo—

123 395 208 419 rum
227 383 366 420 tenuit.
404 382 581 420 Nomina
599 385 778 421 omnium
797 397 845 420 ex
861 383 1063 420 iuniorum
1079 383 1224 421 tabulis
1242 391 1540 434 excerpserunt,

124 454 191 502 qui
223 453 492 502 quadriennio
525 467 609 491 non
642 454 892 496 militassent,
927 454 1071 502 quibus
1101 466 1232 502 neque
1256 457 1414 492 vacatio
1439 456 1542 493 iusta

123 523 271 561 militiae
303 537 437 573 neque
468 526 633 562 morbus
666 537 788 562 causa
822 524 975 561 fuisset.
1039 525 1090 560 Et
1122 537 1171 561 ea
1204 537 1325 573 supra
1350 527 1433 562 duo
1457 525 1582 565 mil-8

123 595 176 631 lia
207 594 414 631 hominum
447 595 486 632 in
520 595 681 632 aerarios
714 596 838 631 relata
872 595 1056 642 tribuque
1090 607 1232 632 omnes
1265 597 1383 640 moti;
1425 597 1542 633 addi·
1557 595 1582 635 9

124 671 289 713 tumque
316 670 397 701 tam
421 665 520 702 truci
547 665 742 702 censoriae
766 671 874 702 notae
899 665 1008 701 triste
1034 671 1198 702 senatus
1225 667 1466 711 consultum,
1500 674 1543 703 ut

123 736 159 772 ei
192 748 348 780 omnes,
383 748 485 784 quos
510 748 701 773 censores
727 742 951 780 notassent,
986 736 1160 784 pedibus
1184 742 1385 774 mererent
1412 738 1542 773 mitte—

122 811 338 854 renturque
377 807 418 843 in
451 807 624 844 Siciliam
658 808 712 843 ad
745 806 972 843 Cannensis
1006 807 1202 843 exercitus
1235 807 1435 855 reliquias,
1481 808 1542 844 cui

123 876 289 913 militum
327 878 466 926 generi
505 890 590 914 non
628 878 750 926 prius,
793 890 913 925 quam
946 877 1082 925 pulsus
1115 877 1228 913 Italia
1261 878 1387 913 hostis
1421 883 1540 922 esset,

123 947 276 983 finitum
309 947 603 996 stipendiorum
637 953 794 997 tempus
828 954 925 984 erat.

242 1017 376 1063 Quum
409 1031 601 1055 censores
635 1019 687 1055 ob
720 1019 900 1068 inopiam
934 1018 1059 1055 aerarii
1092 1030 1135 1054 se
1167 1018 1247 1054 iam
1272 1018 1542 1056 locationibus
1562 1017 1613 1057 10

123 1088 373 1125 abstinerent
397 1089 543 1125 aedium
568 1101 769 1125 sacrarum
793 1089 1034 1124 tuendarum
1054 1088 1328 1136 curuliumque
1347 1101 1542 1137 equorum

122 1159 435 1207 praebendorum
468 1171 515 1196 ac
548 1159 733 1195 similium
766 1159 825 1195 his
857 1171 1001 1202 rerum,
1037 1171 1265 1195 convenere
1291 1160 1345 1195 ad
1370 1172 1442 1196 eos
1468 1158 1609 1198 fre-11

123 1234 308 1277 quentes,
334 1229 401 1278 qui
425 1230 550 1266 hastae
574 1229 690 1265 huius
714 1230 874 1278 generis
899 1235 1173 1274 assueverant,
1200 1230 1430 1278 hortatique
1449 1243 1542 1267 cen-

124 1311 250 1344 sores,
292 1305 335 1336 ut
374 1299 510 1336 omnia
549 1299 718 1348 perinde
758 1305 938 1348 agerent,
979 1300 1174 1344 locarent,
1217 1312 1264 1336 ac
1305 1300 1335 1337 si
1368 1301 1542 1348 pecunia

123 1370 163 1406 in
196 1370 336 1406 aerario
369 1375 494 1406 esset:
533 1370 738 1416 neminem
771 1370 844 1406 nisi
878 1370 984 1406 bello
1018 1370 1209 1407 confecto
1242 1371 1457 1420 pecuniam
1491 1371 1541 1407 ab

125 1440 264 1477 aerario
282 1441 497 1489 petiturum
516 1453 618 1477 esse.
660 1439 901 1477 Convenere
919 1442 1071 1477 deinde
1091 1441 1246 1478 domini
1268 1454 1420 1486 eorum,
1441 1454 1543 1490 quos
1563 1440 1614 1480 12

125 1509 193 1547 Tiss
207 1510 469 1559 Sempronius
496 1512 550 1547 ad
567 1510 844 1548 Beneventum
870 1524 991 1548 manu
1018 1512 1218 1556 emiserat,
1245 1512 1543 1560 arcessitosque

125 1593 168 1618 se
201 1582 251 1617 ab
284 1581 494 1618 triumviris
526 1581 736 1618 mensariis
769 1594 859 1618 esse
885 1582 1083 1627 dixerunt,
1118 1588 1161 1618 ut
1182 1581 1312 1631 pretia
1339 1594 1544 1619 servorum

125 1651 378 1700 acciperent;
413 1657 589 1690 ceterum
614 1664 698 1688 non
723 1658 942 1700 antequam
966 1654 1072 1689 bello
1093 1653 1284 1690 confecto
1303 1659 1543 1701 accepturos

126 1734 229 1758 esse,
279 1722 413 1767 Quum
438 1722 523 1759 haec
547 1722 755 1759 inclinatio
780 1723 1005 1759 animorum
1030 1723 1158 1772 plebis
1183 1724 1238 1759 ad
1263 1723 1545 1760 sustinendam
1564 1722 1614 1762 13

124 1792 306 1841 inopiam
324 1792 449 1829 aerarii
467 1792 591 1837 fieret,
611 1792 794 1841 pecuniae
813 1805 975 1841 quoque
994 1793 1210 1842 pupillares
1228 1793 1371 1842 primo,
1392 1793 1544 1830 deinde

124 1862 336 1899 viduarum
360 1867 503 1912 coeptae
528 1862 715 1907 conferri,
741 1875 942 1911 nusquam
967 1875 1036 1900 eas
1055 1864 1176 1900 tutius
1194 1864 1455 1912 sanctiusque
1473 1865 1544 1900 de·
1563 1863 1615 1903 14

124 1945 279 1983 ponere
297 1933 569 1978 credentibus,
588 1933 655 1982 qui
673 1933 926 1977 deferebant,
946 1947 1066 1982 quam
1084 1935 1124 1970 in
1142 1934 1303 1983 publica
1322 1934 1421 1978 fide;
1447 1935 1544 1971 inde

125 2003 157 2040 si
190 2003 289 2052 quid
321 2009 500 2053 emptum
529 2009 794 2053 paratumque
824 2004 983 2053 pupillis
1015 2016 1062 2041 ac
1085 2004 1216 2041 viduis
1241 2004 1357 2048 foret,
1393 2018 1416 2041 a
1439 2018 1545 2054 quae-

125 2079 233 2110 store
265 2074 600 2122 perscribebatur.
663 2075 844 2112 Manavit
876 2088 925 2112 ea
956 2074 1202 2124 privatorum
1234 2076 1464 2124 benignitas
1498 2074 1616 2115 ex15

126 2144 224 2180 urbe
248 2144 370 2180 etiam
396 2144 436 2181 in
463 2150 607 2190 castra,
633 2150 676 2181 ut
699 2156 785 2180 non
810 2156 947 2192 eques,
977 2157 1061 2182 non
1087 2146 1269 2182 centurio
1298 2146 1546 2194 stipendium

126 2214 341 2263 acciperet,
355 2214 730 2262 mercenariumque
742 2214 1000 2263 increpantes
1009 2220 1215 2259 vocarent,
1230 2216 1542 2265 quiaccepisset.

245 2283 297 2330 Q.
330 2284 479 2322 Fabius
518 2285 661 2322 consul
699 2285 754 2320 ad
786 2284 1006 2322 Casilinum
1040 2290 1170 2322 castra
1202 2286 1392 2330 habebat,
1433 2287 1545 2334 quod
1608 2285 1651 2329 19

126 2355 252 2390 duum
285 2354 450 2392 millium
475 2354 778 2404 Campanorum
803 2360 843 2391 et
868 2355 1216 2404 septingentorum
1241 2357 1407 2393 militum
1434 2356 1545 2393 Han-

126 2424 272 2461 nibalis
303 2425 516 2462 tenebatur
547 2425 751 2474 praesidio.
814 2425 988 2462 Praeerat
1019 2426 1166 2463 Statius
1199 2426 1360 2470 Metius,
1400 2426 1586 2467 missus2

127 2495 179 2530 ab
210 2494 286 2531 Cn.
312 2494 452 2544 Magio
482 2496 683 2540 Atellano,
714 2495 780 2543 qui
807 2507 858 2531 eo
885 2508 995 2532 anno
1024 2497 1159 2532 medix
1185 2496 1329 2533 tuticus
1355 2501 1440 2532 erat
1456 2493 1545 2533 'ser-

127 2563 302 2612 vitiaque
332 2570 372 2602 et
393 2565 553 2614 plebem
577 2564 806 2614 promiscue
831 2566 1026 2611 armabat,
1053 2571 1096 2602 ut
1120 2571 1250 2602 castra
1274 2566 1462 2602 Romana
1485 2566 1545 2603 in—

128 2635 308 2678 vaderet,
340 2635 497 2672 intento
522 2636 688 2673 consule
714 2636 769 2672 ad
793 2634 1014 2672 Casilinum
1040 2636 1377 2685 oppugnandum.
1439 2636 1586 2677 Nihi13
