1768 2943
147 513 176 557 5

267 108 294 147 4
868 104 972 135 Liber
998 104 1090 135 xm.

201 235 253 274 10
268 241 410 280 metus,
444 235 594 272 nullum
626 235 687 273 ius
719 236 945 279 iurandum,
979 235 1088 271 nulla
1119 234 1273 283 religio.
1319 234 1421 270 Cum
1445 235 1521 272 hac
1540 235 1680 273 indole

269 307 453 343 virtutum
485 312 605 354 atque
637 306 821 342 vitiorum
854 304 1026 342 triennio
1060 305 1132 342 sub
1154 304 1413 341 Hasdrubale
1436 305 1680 354 imperatore

268 377 422 422 meruit,
456 377 565 413 nulla
596 389 651 421 re,
685 388 773 424 quae
797 376 961 424 agenda
985 375 1245 423 videndaque
1266 387 1417 424 magno
1437 375 1568 412 futuro
1588 376 1680 413 duci

268 453 388 492 esset,
421 447 702 496 praetermissa.

387 517 589 562 Ceterum,
623 529 671 553 ex
704 528 785 564 quo
818 516 885 552 die
918 517 998 552 dux
1021 521 1082 553 est
1110 516 1351 560 declaratus,
1385 517 1491 553 velut
1506 517 1622 554 Italia
1645 519 1682 555 ei

226 586 252 626 2
267 588 474 637 provincia
491 588 657 624 decreta
674 587 902 635 bellumque
919 587 1148 622 Romanum
1175 587 1414 623 mandatum
1432 593 1551 632 esset,
1585 588 1682 624 nihil

268 659 556 708 prolatandum
587 663 708 702 ratus,
741 670 794 694 ne
827 669 870 694 se
903 669 1085 705 quoque,
1126 662 1168 692 ut
1207 662 1363 704 patrem
1395 656 1680 702 Hamilcarem,

268 730 420 766 deinde
453 728 766 773 Hasdrubalem,
801 732 1059 764 cunctantem
1092 738 1209 764 casus
1242 726 1384 774 aliquis
1422 728 1681 776 opprimeret,

227 796 500 849 3Saguntinis
531 799 678 835 inferre
711 799 859 835 bellum
891 798 1040 834 statuit.
1090 797 1246 843 Quibus
1271 797 1560 845 oppugnandis
1590 797 1684 845 quia

269 871 378 906 haud
396 869 518 906 dubie
535 870 724 906 Romana
741 881 851 906 arma
869 869 1147 910 movebantur,
1181 867 1222 903 in
1241 866 1442 904 Olcadum
1460 867 1568 916 prius
1583 866 1682 904 fines

269 939 384 990 (ultra
401 939 597 976 Hiberum
629 952 678 976 ea
708 952 810 989 gens
843 940 884 975 in
908 944 1021 987 parte
1045 938 1174 986 magis
1199 949 1320 985 quam
1345 937 1387 973 in
1405 937 1568 974 dicione
1586 936 1683 974 Car-

267 1010 581 1059 thaginiensium
614 1007 713 1060 erat)
745 1009 902 1046 induxit
924 1009 1154 1053 exereitum,
1180 1013 1222 1044 ut
1247 1019 1333 1044 non
1360 1007 1511 1056 petisse
1528 1007 1683 1056 Sagun-

268 1081 388 1125 tinos,
423 1081 497 1117 sed
514 1092 644 1117 rerum
663 1080 778 1125 serie,
797 1079 973 1116 finitimis
991 1079 1156 1116 domitis
1172 1079 1375 1128 gentibus,
1390 1078 1683 1126 iungendoque

225 1148 253 1187 4
268 1156 417 1188 tractus
450 1152 505 1187 ad
531 1152 574 1187 id
598 1152 745 1187 bellurn
768 1150 892 1186 videri
916 1155 1069 1198 posset.
1119 1148 1334 1193 Cartalam,
1357 1149 1497 1184 urbem
1515 1148 1683 1197 opulen-

268 1227 362 1267 tam,
397 1227 518 1271 caput
548 1222 680 1270 gentis
714 1221 812 1266 eius,
846 1225 1051 1269 expugnat
1083 1220 1321 1269 diripitque3
1356 1230 1437 1267 quo
1461 1223 1570 1254 metu
1594 1230 1683 1267 per-

269 1293 388 1329 culsae
420 1292 598 1329 minores
630 1292 810 1328 civitates
843 1290 1049 1340 stipendio
1088 1290 1279 1339 imposito
1318 1289 1530 1337 imperium
1567 1300 1683 1325 acce-

268 1375 376 1411 pere.
425 1362 567 1399 Victor
590 1362 786 1399 exercitus
811 1362 1108 1410 opulentusque
1130 1361 1270 1409 praeda
1294 1359 1582 1408 Carthaginem
1599 1358 1684 1395 No-

227 1430 358 1469 5vam
388 1433 431 1469 in
462 1433 632 1469 hiberna
664 1438 725 1469 est
756 1433 970 1469 deductus.
1018 1432 1077 1467 Ibi
1110 1432 1219 1480 large
1251 1429 1468 1479 partiendo
1500 1430 1681 1478 praedam

268 1503 556 1552 stipendioque
587 1503 788 1551 praeterito
822 1514 913 1539 cum
945 1502 1025 1538 fide
1058 1501 1308 1538 exsolvendo
1342 1500 1496 1547 cunctis
1538 1500 1681 1536 civium

268 1574 554 1621 sociorumque
586 1574 729 1610 animis
761 1573 803 1609 in
835 1584 878 1609 se
911 1572 1088 1617 firmatis,
1121 1584 1213 1608 vere
1245 1571 1375 1620 primo
1407 1571 1449 1607 ln
1482 1570 1681 1607 Vaccaeos

226 1640 250 1679 [5
268 1649 497 1692 promotum
522 1644 682 1680 bellum.
716 1643 995 1680 Hermandica
1027 1648 1068 1679 et
1084 1642 1298 1686 Arbocala,
1325 1653 1465 1678 eorum
1487 1641 1620 1685 urbes,
1645 1640 1682 1676 vi

267 1719 409 1763 captae.
458 1714 659 1750 Arbocala
684 1719 724 1750 et
755 1714 896 1749 virtute
929 1718 969 1749 et
999 1712 1254 1749 multitudine
1288 1711 1589 1761 oppidanorum
1613 1710 1681 1746 diu

228 1781 249 1820 7
268 1784 459 1829 defensa;
493 1785 544 1820 ab
577 1783 854 1820 Hermandica
886 1782 1047 1832 profugi
1079 1783 1281 1819 exsulibus
1300 1781 1515 1825 Olcadum,
1549 1781 1681 1829 priore

268 1858 406 1891 aestate
431 1854 596 1891 domitae
619 1854 764 1902 gentis,
798 1866 921 1902 quum
939 1866 982 1890 se
1004 1853 1239 1897 iunxissem,
1266 1852 1474 1888 concitant
1492 1850 1681 1900 Carpeta-

227 1921 357 1969 8n0s,
392 1923 606 1971 adortique
623 1922 897 1960 Hannibalem
929 1935 1157 1972 regressum
1189 1935 1238 1959 ex
1251 1921 1434 1959 Vaccaeis
1457 1922 1567 1958 haud
1589 1934 1682 1971 pro-

227 1990 330 2030 9cul
348 1994 466 2042 Tago
500 1994 675 2038 flumine,
709 2006 858 2042 agmen
889 2006 1010 2043 grave
1042 1993 1181 2042 praeda
1214 1993 1436 2029 turbavere.
1476 1993 1681 2030 Hannibal

268 2064 409 2112 proelio
443 2064 647 2109 abstinuit,
681 2064 902 2112 castrisque
927 2076 1046 2113 super
1068 2063 1195 2112 ripam
1219 2063 1374 2111 positis,
1408 2075 1530 2111 quum
1554 2063 1682 2112 prima

268 2134 381 2181 quies
421 2135 701 2182 silentiumque
740 2135 791 2170 ab
831 2134 1013 2171 hostibus
1047 2134 1137 2177 fuit,
1171 2145 1333 2169 amnem
1365 2135 1472 2170 vado
1514 2134 1680 2178 traiecit,

267 2204 453 2252 valloque
484 2205 539 2241 ita
571 2205 786 2253 producto,
820 2210 862 2240 ut
893 2205 1027 2240 locum
1059 2205 1113 2240 ad
1137 2204 1519 2252 transgrediendum
1543 2204 1681 2241 hostes

200 2272 253 2311 10
267 2274 476 2319 haberent,
509 2275 701 2311 invadere
733 2286 806 2311 eos
830 2280 1085 2311 transeuntes
1109 2274 1258 2310 statuit.
1297 2273 1508 2321 Equitibus
1532 2286 1682 2323 praece-

268 2344 337 2393 pit,
370 2349 425 2389 ut,
460 2356 582 2392 quum
606 2345 810 2393 ingressos
836 2357 983 2392 aquam
1005 2345 1201 2388 viderent,
1231 2343 1484 2380 adorirentur
1510 2344 1682 2393 impedi-

267 2420 351 2451 tum
383 2425 550 2463 agmen;
583 2414 624 2450 in
655 2415 741 2462 ripa
772 2415 1012 2463 elephantos
1052 2413 1338 2465 (quadraginta
1375 2420 1510 2451 autem
1552 2413 1681 2463 erant)

201 2482 250 2522 11
269 2485 462 2533 disponit.
512 2483 834 2532 Carpetanorum
865 2497 956 2521 cum
983 2484 1279 2533 appendicibus
1298 2483 1500 2520 Olcadum
1515 2484 1681 2521 Vaccae-

270 2566 464 2602 orumque
498 2559 659 2591 centum
683 2554 804 2590 millia
826 2554 955 2599 fuere,
981 2554 1128 2591 invicta
1146 2554 1267 2598 acies,
1301 2554 1332 2590 si
1365 2566 1482 2602 aequo
1515 2554 1681 2592 dimica-

202 2622 255 2662 12
270 2628 375 2660 retur
406 2636 567 2672 campo.
610 2624 750 2672 Itaque
783 2630 823 2660 et
853 2624 1018 2673 ingenio
1053 2624 1209 2661 feroces
1242 2629 1282 2660 et
1314 2623 1567 2679 multitudine
1593 2623 1680 2660 freti
