1789 2955
503 80 619 116 Liber
643 80 788 116 XXVI.
839 82 899 125 (A.
927 81 991 115 Ch.
1017 82 1111 126 211.)
1499 86 1522 123 5

91 209 217 248 tandi.
278 208 462 246 Ceterum
487 209 527 245 in
544 207 681 245 multis
708 208 988 246 certaminibus
1013 211 1211 259 equestria
1236 210 1378 259 proelia
1403 210 1525 248 ferme
1545 210 1568 247 3

95 294 286 332 prospera
316 281 528 326 faciebant,
559 279 693 329 pedite
725 280 1038 329 supe1¹abantur3
1070 282 1138 318 sed
1167 294 1416 331 nequaquam
1443 286 1524 319 tam

93 354 228 391 laetum
258 353 416 390 vincere
449 365 565 401 quam
596 352 711 388 triste
736 351 844 389 vinci
869 352 953 389 ulla
977 357 1090 401 parte
1117 357 1202 390 erat
1227 353 1275 390 ab
1301 354 1460 391 obsesso
1486 357 1524 391 et

91 438 216 475 prope
248 426 473 474 expugnato
505 423 628 461 hoste.
689 423 800 460 Inita
830 423 993 460 tandem
1016 424 1119 461 ratio
1146 429 1215 473 est,
1249 428 1302 471 ut,
1336 426 1442 474 quod
1466 426 1523 463 vi·
1543 425 1567 461 4

91 497 203 534 ribus
237 496 385 542 deerat,
417 497 502 533 arte
534 499 771 545 aequaretur.
833 495 893 531 Ex
927 496 1112 532 omnibus
1146 496 1373 544 legionibus
1407 497 1524 534 electi

91 572 184 606 sunt
213 568 374 606 iuvenes
405 568 575 604 maxime
605 567 743 614 vigore
768 579 811 603 ac
836 567 1002 604 levitate
1028 581 1237 617 corporum
1260 569 1434 614 veloces3
1467 569 1523 606 eis

91 653 239 690 parmae
270 639 472 676 breviores
505 652 622 688 quam
655 642 855 688 equestres
888 642 926 676 et
957 643 1120 688 septena
1151 640 1282 676 iacula
1309 644 1523 689 quaternos

91 712 212 761 longa
235 711 356 761 pedes
381 710 485 756 data,
517 710 680 759 praefixa
707 711 821 757 ferro,
853 711 970 760 quale
1001 711 1122 748 hastis
1147 712 1383 749 velitaribus
1410 713 1522 750 inest.

90 783 170 821 Eos
201 783 380 832 singulos
412 782 452 818 in
485 796 606 832 equos
638 796 728 820 suos
760 783 1002 833 accipientes
1035 783 1188 832 equites
1230 781 1565 822 assuefecerunt5

90 858 129 893 et
158 855 252 892 vehi
282 857 372 904 post
403 868 487 891 sese
525 859 564 891 et
601 854 763 891 desilire
801 855 1029 904 perniciter,
1077 855 1147 891 ubi
1189 856 1322 892 datum
1367 856 1521 904 signum

90 930 203 964 esset.
262 927 483 976 Postquam
515 926 768 963 assuetudine
801 927 1037 975 quotidiana
1069 928 1164 963 satis
1196 927 1398 976 intrepide
1436 928 1523 965 fieri
1543 927 1565 963 6

89 999 217 1037 visum
244 1001 312 1045 est,
336 999 376 1035 in
403 1011 596 1047 campum,
622 998 691 1047 qui
716 998 868 1035 medius
893 998 998 1035 inter
1023 1001 1151 1035 castra
1176 1012 1410 1048 murumque
1429 1003 1522 1047 erat,

89 1070 279 1108 adversus
305 1070 522 1107 instructos
551 1070 845 1119 Campanorum
870 1070 1024 1119 equites
1051 1075 1341 1118 processerunt,
1373 1075 1422 1118 et,
1455 1072 1527 1109 ubi
1545 1071 1566 1105 7

89 1143 140 1180 ad
173 1142 394 1179 coniectum
424 1142 498 1178 teli
538 1146 699 1178 ventum
739 1146 808 1188 est,
853 1142 966 1190 signo
1007 1142 1098 1179 dato
1138 1142 1276 1179 velites
1319 1143 1522 1181 desiliunt.

88 1213 295 1251 Pedestris
334 1213 426 1250 inde
468 1213 572 1250 acies
604 1227 652 1250 ex
684 1213 866 1262 equitatu
897 1217 1059 1263 repente
1090 1214 1130 1250 in
1162 1214 1333 1251 hostium
1372 1215 1523 1264 equites

88 1286 269 1333 incurrit,
301 1286 513 1334 iaculaque
540 1298 627 1322 oum
644 1286 794 1334 impetu
811 1286 891 1322 alia
909 1299 1026 1335 super
1044 1286 1125 1323 alia
1143 1287 1348 1332 emittunt,
1381 1286 1526 1335 quibus
1544 1286 1568 1324 S

87 1358 275 1408 plurimis
307 1357 348 1394 in
380 1371 501 1406 equos
531 1358 716 1406 virosque
748 1358 898 1407 passim
929 1359 1117 1395 coniectis
1143 1359 1362 1407 permultos
1388 1359 1521 1395 vulne-

88 1433 297 1476 raverunt3
343 1430 503 1478 pavoris
542 1432 674 1466 tamen
714 1430 803 1479 plus
845 1443 892 1466 ex
931 1443 974 1467 re
1014 1444 1116 1468 nova
1156 1433 1274 1479 atque
1315 1429 1524 1479 inopinata

92 1501 283 1538 iniectum
315 1505 384 1548 est,
431 1505 470 1539 et
506 1502 546 1538 in
587 1502 813 1551 perculsum
845 1501 998 1539 hostem
1030 1503 1184 1551 equites
1214 1502 1361 1538 invecti
1391 1503 1524 1549 fugam

89 1577 343 1622 stragemque
375 1587 510 1610 eorum
542 1586 668 1621 usque
701 1573 749 1609 ad
781 1576 917 1622 portas
949 1575 1142 1613 fecerunt.
1204 1573 1305 1611 Inde
1346 1573 1570 1622 equitatu9

91 1658 251 1694 quoque
284 1645 465 1694 superior
497 1644 678 1681 Romana
708 1658 771 1681 res
802 1645 898 1691 fuit3
944 1646 1184 1692 institutum,
1228 1648 1274 1681 ut
1310 1645 1453 1681 velites
1486 1645 1529 1681 in
1549 1645 1599 1681 10

88 1717 314 1765 legionibus
347 1720 490 1755 essent.
551 1716 770 1754 Auctorem
801 1717 981 1766 peditum
1014 1718 1141 1766 equiti
1175 1716 1523 1753 immiscendorum

87 1789 361 1826 centurionem
387 1789 434 1836 Q.
453 1789 624 1827 Navium
655 1789 789 1825 ferunt
819 1789 1043 1838 honorique
1074 1789 1115 1825 id
1148 1789 1185 1826 ei
1217 1788 1323 1837 apud
1354 1789 1522 1838 impera-

87 1863 214 1897 torem
245 1860 379 1899 fuisse.

202 1932 334 1979 Quum
365 1933 406 1969 in
438 1932 510 1969 hoc
542 1936 649 1969 statu
679 1932 731 1969 ad
762 1931 940 1981 Capuam
971 1946 1033 1969 res
1064 1936 1206 1979 essent,
1246 1932 1515 1969 Hannibalem
1604 1928 1632 1971 5

87 2002 287 2040 diversum
305 2003 534 2041 Tarentinae
552 2005 655 2041 arcis
672 2005 878 2053 potiundae
898 2002 1124 2053 Capuaeque
1147 2004 1367 2041 retinendae
1390 2004 1521 2041 trahe-

89 2073 186 2111 bant
217 2088 331 2112 curae.
394 2075 506 2114 Vicit
535 2079 667 2113 tamen
699 2079 902 2125 respectus
935 2076 1092 2126 Capuae,
1125 2077 1167 2113 in
1198 2089 1316 2125 quam
1348 2075 1563 2112 omnium2

88 2146 283 2184 sociorum
322 2148 580 2198 hostiumque
621 2161 831 2185 conversos
872 2148 1038 2185 videbat
1077 2148 1241 2195 animos,
1286 2148 1521 2185 documento

87 2218 243 2266 futurae,
275 2220 592 2269 qualemcunque
620 2224 802 2257 eventum
828 2219 998 2257 defectio
1023 2220 1072 2256 ab
1089 2219 1280 2257 Romanis
1304 2219 1518 2257 habuisset.

88 2288 223 2338 Igitur
261 2305 404 2339 magna
441 2295 556 2341 parte
596 2291 969 2342 impedimentorum
1011 2291 1153 2328 relicta
1192 2292 1232 2328 in
1273 2291 1447 2328 Bruttiis
1488 2289 1567 2327 et3

87 2362 194 2398 omni
222 2364 406 2411 graviore
430 2367 597 2410 armatu,
630 2376 717 2400 cum
743 2363 909 2400 delectis
926 2363 1107 2412 peditum
1126 2362 1385 2412 equitumque
1403 2375 1522 2410 quam

87 2436 245 2483 poterat
283 2435 510 2484 aptissimus
549 2435 598 2472 ad
638 2435 919 2472 maturandum
959 2435 1037 2471 iter
1067 2435 1108 2471 in
1141 2434 1398 2483 Campaniam
1430 2447 1520 2470 con·

87 2505 235 2552 tendit3
266 2507 392 2544 secuti
422 2510 555 2544 tamen
587 2511 667 2544 tam
699 2506 846 2556 raptim
878 2510 1034 2543 euntem
1064 2509 1144 2543 tres
1176 2509 1215 2543 et
1243 2505 1412 2553 triginta
1443 2505 1520 2541 ele-

89 2576 240 2626 phanti.
299 2577 347 2614 ln
386 2579 492 2616 valle
532 2579 690 2616 occulta
729 2581 819 2627 post
850 2577 995 2624 Tifata,
1041 2580 1212 2614 montem
1254 2576 1567 2613 imminentem4

88 2647 247 2698 Capuae,
264 2649 456 2688 consedit.
497 2650 731 2688 Adveniens
750 2662 868 2699 quum
883 2649 1089 2686 castellum
1101 2647 1314 2695 Galatiam,
1330 2648 1518 2697 praesidio
