1789 2955
543 104 649 134 Liber
669 103 793 134 xxn'.
843 102 896 145 (A.
925 104 988 134 Ch.
1015 102 1109 145 214.)
1450 104 1535 145 205

120 235 231 279 fiant,
256 234 483 282 quicunque
506 234 548 270 in
572 246 686 270 mora
709 234 771 278 sit,
796 234 902 270 bello
927 240 1224 283 persecuturos.
1279 235 1345 270 Ad
1369 247 1418 270 ea
1442 234 1537 283 Epi·
1552 232 1574 272 7

118 305 259 354 cydes,
289 304 320 341 si
348 316 427 352 qua
455 305 509 340 ad
536 316 579 340 se
603 305 800 340 mandata
825 305 1034 348 haberent,
1065 316 1307 353 responsum
1335 304 1392 340 eis
1416 305 1470 341 ait
1493 317 1536 340 se

119 375 288 412 daturos
316 373 457 418 fuisse;
491 386 613 422 quum
640 374 681 410 in
705 386 858 419 eorum,
893 376 947 410 ad
972 387 1075 423 quos
1098 375 1293 419 venerint,
1327 388 1449 411 manu
1473 387 1536 410 res

120 444 374 493 Syracusana
391 449 511 489 esset,
537 450 620 480 tum
637 450 941 481 reverterentur.
990 445 1030 481 Si
1047 446 1153 481 bello
1172 446 1431 488 lacesserent,
1449 445 1538 493 ipsa
1553 442 1577 483 S

119 527 163 551 re
185 515 472 559 intellecturos,
496 526 756 562 nequaquam
773 515 882 551 idem
901 527 991 552 esse
1009 516 1227 564 Syracusas
1245 527 1293 552 ac
1310 515 1537 551 Leontinos

121 597 373 634 oppugnare.
437 585 498 621 Ita
529 585 673 633 legatis
705 585 850 621 relictis
883 591 1022 634 portas
1055 586 1208 623 clausit.

237 655 340 691 Inde
381 660 485 691 terra
517 655 697 703 marique
730 655 845 691 simul
878 662 1021 704 coeptae
1055 655 1282 704 oppugnari
1316 652 1577 703 Syracusae,9

119 733 225 762 terra
257 726 307 761 ab
340 723 568 773 Hexapylo,
608 725 707 761 mari
740 726 790 761 ab
824 726 1070 770 Achradina,
1105 726 1216 762 cuius
1248 737 1384 761 murus
1416 725 1538 761 fluctu

119 796 275 832 alluitur
287 806 296 839 ;
337 800 377 831 et
414 795 520 843 quia,
561 795 663 832 sicut
694 795 920 832 Leontinos
960 803 1111 832 terrore
1144 809 1191 832 ac
1224 796 1354 844 primo
1386 796 1538 843 impetu

118 871 326 915 ceperant,
359 877 444 901 non
467 864 723 911 diffidebant,
749 872 903 903 vastam
927 867 1220 915 disiectamque
1244 866 1375 915 spatio
1400 866 1538 901 urbem

120 942 234 985 parte
258 936 392 983 aliqua
416 947 459 971 se
476 936 700 980 invasuros,
728 948 893 972 omnem
910 943 1150 985 apparatum
1168 937 1538 985 oppugnandarum

119 1007 275 1043 urbium
297 1006 418 1042 muris
443 1007 723 1042 admoverunt.
785 1007 836 1042 Et
858 1007 1066 1043 habuisset
1088 1013 1202 1044 tanto
1226 1008 1378 1056 impetu
1404 1013 1538 1055 coepta
1601 1002 1667 1046 34

119 1089 182 1114 res
208 1076 424 1120 fortunam,
450 1076 526 1112 nisi
552 1088 654 1112 unus
679 1076 803 1112 homo
822 1077 1028 1125 Syracusis
1057 1090 1106 1113 ea
1125 1082 1366 1126 tempestate
1385 1077 1538 1113 fuisset.

120 1147 386 1184 Archimedes
409 1146 442 1182 is
465 1152 563 1190 erat,
590 1146 730 1183 unicus
756 1153 961 1195 spectator
979 1147 1063 1183 caeli
1082 1147 1355 1195 siderumque,
1380 1147 1540 1182 mirabi-
1556 1143 1582 1184 2

119 1219 193 1255 lior
224 1224 362 1254 tamen
392 1217 579 1253 inventor
611 1229 659 1253 ac
692 1218 946 1254 machinator
979 1218 1214 1254 bellicorum
1246 1223 1540 1254 tormentorum

119 1300 382 1337 operumque,
408 1287 565 1335 quibus,
589 1288 778 1334 quicquid
791 1288 929 1324 hostes
947 1288 1100 1336 ingenti
1120 1289 1226 1325 mole
1245 1294 1426 1336 agerent,
1452 1288 1540 1336 ipse

118 1358 267 1408 perlevi
290 1363 500 1394 momento
524 1357 807 1394 ludificaretur.
856 1358 1014 1394 Murum
1038 1371 1110 1407 per
1132 1359 1355 1406 inaequales
1374 1360 1540 1394 ductum
1556 1355 1581 1395 3

118 1430 255 1474 colles,
284 1429 476 1477 pleraque
503 1428 583 1464 alta
612 1433 652 1464 et
679 1428 857 1465 difficilia
885 1429 1011 1472 aditu,
1041 1429 1254 1465 summissa
1282 1430 1469 1476 quaedam
1502 1435 1541 1465 et

118 1512 208 1548 quae
240 1500 370 1548 planis
401 1498 568 1534 vallibus
594 1498 694 1534 adiri
717 1505 899 1546 possent,
935 1504 978 1536 ut
1000 1500 1143 1547 cuique
1167 1505 1305 1548 aptum
1329 1499 1457 1535 visum
1480 1506 1541 1535 est

119 1571 225 1614 loco,
264 1569 321 1605 ita
357 1580 508 1617 genere
548 1568 659 1604 omni
696 1574 989 1605 tormentorum
1021 1570 1218 1606 instruxit.
1298 1567 1583 1607 Achradinae4

120 1652 289 1683 murum,
333 1639 412 1687 qui,
456 1643 499 1674 ut
538 1644 632 1674 ante
672 1638 824 1675 dictum
864 1646 937 1684 est,
982 1640 1081 1675 mari
1114 1640 1284 1684 alluitur,
1331 1639 1542 1688 sexaginta

119 1708 474 1759 quinqueremibus
484 1707 706 1754 ⁴Marcellus
726 1710 1005 1758 oppugnabat.
1049 1709 1109 1746 Ex
1128 1710 1271 1746 ceteris
1289 1710 1458 1746 navibus
1477 1722 1539 1746 sa-
1554 1707 1581 1748 5

119 1780 266 1830 gittarii
290 1780 596 1826 funditoresque
621 1784 661 1814 et
683 1779 821 1816 velites
846 1780 981 1824 etiam,
1008 1792 1178 1828 quorum
1195 1781 1317 1816 telum
1336 1781 1390 1816 ad
1409 1780 1542 1816 remit—

123 1851 292 1887 tendum
329 1849 506 1886 inhabile
544 1849 738 1897 imperitis
772 1855 845 1894 est,
885 1850 947 1886 vix
979 1862 1225 1899 quemquam
1258 1851 1345 1887 sine
1377 1851 1541 1886 vulnere

119 1921 343 1958 consistere
380 1920 422 1956 in
461 1931 575 1955 muro
614 1919 889 1967 patiebantur;
934 1921 986 1965 hi,
1031 1922 1125 1969 quia
1157 1921 1291 1970 spatio
1323 1918 1582 1958 missilibus&

121 2003 225 2039 opus
250 1996 324 2035 est,
349 1991 489 2039 procul
513 2002 628 2026 muro
654 1991 850 2027 tenebant
865 2003 1010 2035 naves;
1035 1992 1180 2028 iunctae
1199 1992 1286 2027 aliae
1304 1991 1409 2027 binae
1428 1991 1542 2038 quin-

122 2073 347 2110 queremes,
380 2060 556 2109 demptis
580 2061 837 2098 interioribus
862 2062 994 2106 remis,
1029 2068 1071 2098 ut
1094 2063 1196 2098 latus
1222 2061 1336 2098 lateri
1365 2061 1544 2109 applica-

121 2138 240 2176 retur,
275 2143 397 2179 quum
429 2131 626 2167 exteriore
660 2131 804 2168 ordine
836 2144 1038 2168 remorum
1071 2133 1175 2168 velut
1207 2144 1288 2168 una
1311 2131 1425 2167 navis
1449 2129 1582 2179 age-7

124 2207 274 2246 rentur,
304 2207 431 2237 turres
459 2201 742 2238 contabulatas
769 2202 1179 2250 machinamentaque
1205 2202 1284 2238 alia
1311 2201 1543 2249 quatiendis

123 2272 245 2309 muris
277 2272 507 2320 portabant.
571 2271 775 2308 Adversus
808 2272 914 2309 hunc
936 2273 1121 2309 navalem
1144 2278 1382 2321 apparatum
1406 2271 1544 2307 Archi·
1560 2270 1583 2309 8

123 2343 266 2379 medes
297 2342 415 2379 variae
446 2341 738 2390 magnitudinis
771 2347 973 2378 tormenta
1005 2343 1046 2379 in
1078 2343 1199 2379 muris
1222 2343 1435 2391 disposuit.
1498 2341 1544 2378 In

124 2425 208 2456 eas,
235 2424 323 2460 quae
348 2413 488 2461 procul
513 2417 640 2456 erant,
665 2424 789 2449 naves
814 2424 911 2448 saxa
934 2412 1089 2460 ingenti
1111 2413 1297 2460 pondere
1315 2412 1542 2455 emittebat;

125 2482 338 2532 propiores
360 2482 575 2519 levioribus
601 2494 734 2530 eoque
759 2483 887 2531 magis
906 2482 1054 2519 crebris
1072 2483 1238 2530 petebat
1255 2482 1362 2525 telis;
1390 2488 1545 2530 postre-
1560 2480 1585 2520 9

126 2564 209 2597 mo,
242 2558 285 2589 ut
311 2553 371 2589 sui
398 2553 561 2589 vulnere
588 2552 727 2590 intacti
755 2554 836 2590 tela
862 2553 904 2589 in
928 2553 1086 2590 hostem
1110 2553 1353 2601 ingererent,
1388 2564 1544 2588 murum

127 2624 178 2658 ab
217 2623 299 2659 imo
338 2623 393 2659 ad
434 2635 634 2659 summum
666 2623 814 2659 crebris
847 2622 1085 2660 cubitalibus
1119 2622 1201 2658 fere
1235 2622 1342 2658 cavis
1375 2623 1543 2671 aperuit.
