1768 2943
532 95 636 126 Liber
662 95 790 125 XXIII.
841 94 897 137 (A.
919 95 980 126 Ch.
1001 94 1095 138 216.)
1446 96 1525 137 137

221 227 279 264 Ibi
311 232 466 276 partem
499 226 693 263 maiorem
726 225 868 262 hiemis
901 226 1117 262 exercitum
1150 226 1191 262 in
1224 226 1338 263 tectis
1372 227 1523 270 habuit,
1544 225 1596 266 10

104 299 296 335 adversus
329 297 466 334 omnia
500 297 676 332 humana
708 296 814 332 mala
847 307 955 344 saepe
988 307 1035 332 ac
1070 296 1138 331 diu
1172 297 1372 341 duratum,
1407 297 1525 333 bonis

102 369 352 416 inexpertum
383 372 504 415 atque
533 367 749 404 insuetum.
812 365 966 413 Itaque,
998 378 1100 414 quos
1130 367 1238 402 nulla
1262 368 1353 403 mali
1377 368 1526 404 vicerat
1544 366 1593 406 ll

102 438 172 482 vis,
206 438 423 487 perdidere
445 437 569 474 nimia
592 438 703 473 bona
725 448 773 473 ac
796 436 1025 484 voluptates
1052 437 1295 481 immodicae,
1321 443 1360 473 et
1383 450 1432 474 eo
1456 438 1527 473 im-

101 508 280 558 pensius,
307 520 388 556 quo
413 507 569 544 avidius
594 520 641 544 ex
664 506 881 543 insolentia
905 506 946 542 in
972 519 1041 543 eas
1068 519 1110 543 se
1128 513 1363 543 merserant.
1413 506 1597 547 Som-12

101 590 177 614 nus
210 578 317 614 enim
351 582 391 614 et
423 578 558 615 vinum
591 583 630 614 et
663 578 791 626 epulae
826 583 865 613 et
897 582 1032 613 scorta
1065 577 1307 625 balineaque
1336 583 1376 613 et
1402 577 1527 613 otium

103 649 399 686 consuetudine
417 649 458 685 in
476 649 565 685 dies
583 648 772 685 blandius
786 648 842 684 ita
857 654 1150 684 enervaverunt
1164 660 1337 696 corpora
1351 648 1528 684 animos-

102 731 193 767 que,
223 724 265 755 ut
292 719 421 768 magis
451 719 603 756 deinde
634 718 843 768 praeteritae
866 718 1042 755 victoriae
1066 731 1138 755 eos
1162 731 1282 766 quam
1306 724 1526 766 praesentes

100 795 324 826 tutarentur
361 789 477 833 vires,
517 790 727 838 maiusque
760 789 802 825 id
835 795 1048 837 peccatum
1082 789 1197 825 ducis
1231 790 1341 837 apud
1374 789 1525 837 peritos
1545 788 1596 829 13

101 860 243 897 artium
267 860 493 897 militarium
518 860 745 904 haberetur,
772 872 893 908 quam
912 860 1025 908 quod
1043 872 1128 896 non
1147 872 1194 896 ex
1214 859 1421 896 Cannensi
1439 860 1526 895 acie

101 931 284 980 protinus
317 932 371 967 ad
405 931 543 967 urbem
576 932 807 968 Romanam
840 932 1040 975 duxisset;
1083 930 1147 966 illa
1182 930 1289 966 enim
1323 930 1526 966 cunctatio

101 1001 304 1038 distulisse
337 1002 465 1038 modo
498 1002 706 1038 victoriam
739 1002 865 1038 videri
898 1001 1042 1050 potuit,
1078 1001 1140 1037 hic
1166 1013 1275 1037 error
1300 1001 1402 1036 vires
1432 1001 1529 1036 ade-

100 1071 222 1108 misse
246 1072 300 1107 ad
324 1072 582 1108 vincendum.
645 1072 786 1121 Itaque
812 1072 986 1116 hercule,
1014 1072 1120 1108 velut
1145 1072 1176 1107 si
1201 1084 1291 1108 cum
1318 1071 1396 1107 alio
1415 1083 1526 1107 exer·
1545 1070 1597 1110 14

101 1142 180 1178 citu
208 1154 232 1178 a
260 1141 402 1190 Capua
430 1141 567 1186 exiret,
597 1142 693 1179 nihil
722 1156 892 1192 usquam
923 1142 1100 1191 pristinae
1129 1141 1354 1191 disciplinae
1383 1141 1523 1177 tenuit.

100 1211 203 1248 Nam
243 1217 282 1249 et
319 1212 525 1249 redierunt
557 1213 737 1262 plerique
771 1215 913 1251 scortis
946 1213 1126 1261 impliciti
1160 1218 1212 1257 et,
1254 1213 1321 1248 ubi
1354 1212 1525 1261 primum
1543 1210 1595 1251 15

101 1283 174 1319 sub
202 1282 372 1331 pellibus
400 1283 539 1319 haberi
569 1283 691 1332 coepti
719 1288 824 1328 sunt,
853 1283 997 1332 viaque
1023 1289 1063 1320 et
1087 1284 1187 1320 alius
1211 1283 1389 1320 militaris
1413 1283 1527 1319 labor

101 1353 271 1402 excepit,
305 1353 479 1389 tironum
512 1355 640 1391 modo
674 1354 912 1403 corporibus
941 1355 1167 1403 animisque
1194 1354 1452 1397 deficiebant,
1488 1358 1527 1389 et
1545 1351 1595 1393 16

101 1422 253 1460 deinde
276 1436 348 1472 per
373 1436 495 1461 omne
521 1425 748 1461 aestivorum
773 1430 931 1473 tempus
957 1438 1106 1473 magna
1132 1437 1224 1474 pars
1243 1425 1330 1462 sine
1350 1437 1526 1461 comme-

101 1493 232 1531 atibus
281 1495 331 1530 ab
376 1495 501 1543 signis
544 1495 842 1538 dilabebantur,
892 1508 1025 1544 neque
1069 1496 1156 1533 aliae
1201 1497 1364 1532 latebrae
1407 1507 1528 1543 quam

102 1563 243 1613 Capua
276 1565 555 1602 desertoribus
589 1571 715 1602 erant.

220 1634 408 1672 Ceterum
421 1636 671 1673 *mitescente
688 1636 768 1672 iam
786 1636 932 1680 hieme,
958 1639 1107 1674 educto
1127 1650 1175 1673 ex
1193 1637 1370 1673 hibernis
1388 1636 1523 1680 milite,
1588 1631 1631 1677 19

102 1703 323 1742 Casilinum
355 1706 472 1750 redit,
507 1707 586 1751 ubi,
626 1719 860 1755 quanquam
892 1708 944 1743 ab
978 1708 1288 1756 oppugnatione
1322 1705 1566 1745 cessatum?

101 1781 199 1820 erat,
242 1776 404 1813 obsidio
447 1782 584 1814 tamen
624 1777 818 1814 continua
858 1778 1093 1826 oppidanos
1126 1778 1439 1827 praesidiumque
1473 1777 1528 1812 ad

100 1845 280 1882 ultimum
302 1846 453 1895 inopiae
477 1848 718 1884 adduxerat.
777 1847 928 1885 Castris
954 1849 1151 1885 Romanis
1175 1849 1237 1885 Ti.
1264 1848 1526 1897 Sempronius
1543 1845 1569 1885 3

100 1921 283 1966 praeerat,
317 1917 517 1953 dictatore
551 1917 822 1966 auspiciorum
855 1919 1173 1966 repetendorum
1196 1931 1319 1955 causa
1341 1918 1527 1967 profecto

100 1987 288 2024 Romam.
352 1987 587 2024 Marcellum
622 1993 662 2024 et
687 1988 818 2037 ipsum
848 1989 1077 2037 cupientem
1109 1989 1210 2026 ferre
1238 1989 1426 2025 auxilium
1456 1986 1569 2026 ob-4

102 2058 222 2094 sessis
250 2062 290 2094 et
312 2057 534 2095 Vulturnus
562 2059 692 2095 amnis
719 2059 880 2095 inflatus
904 2060 1018 2107 aquis
1044 2065 1083 2096 et
1108 2072 1250 2109 preces
1274 2059 1526 2096 Nolanorum

101 2134 223 2176 atque
246 2114 543 2165 Acerranorum
569 2130 776 2170 tenebant.
805 2129 1042 2178 Campanos
1068 2131 1307 2174 timentium,
1336 2129 1367 2166 si
1392 2129 1527 2178 praesi-

102 2198 212 2235 dium
251 2199 483 2236 Romanum
527 2200 805 2237 abscessisset.
885 2200 1094 2238 Gracchus
1140 2201 1326 2237 assidens
1369 2205 1523 2236 tantum
1542 2198 1566 2235 ι’)

103 2268 296 2314 Casilino,
327 2269 421 2318 quia
448 2270 687 2318 praedictum
716 2276 801 2306 erat
829 2271 1051 2313 dictatoris,
1081 2284 1132 2308 ne
1158 2271 1255 2319 quid
1281 2272 1450 2307 absente
1475 2282 1525 2306 eo

101 2340 158 2376 rei
181 2345 352 2388 gereret,
379 2340 476 2376 nihil
494 2341 698 2386 movebat,
725 2354 972 2389 quanquam,
999 2354 1087 2390 quae
1107 2341 1223 2378 facile
1243 2353 1407 2378 omnem
1425 2340 1526 2389 pati-

102 2410 253 2446 entiam
270 2410 489 2455 vincerent,
510 2411 800 2448 nuntiabantur
818 2424 841 2448 a
860 2411 1061 2456 Casilin0;
1082 2425 1174 2448 nam
1194 2417 1234 2448 et
1250 2411 1524 2460 praecipitasse
1540 2409 1564 2448 6

103 2493 145 2518 se
171 2481 373 2528 quosdam
397 2493 483 2517 non
509 2482 728 2518 tolerantes
749 2482 896 2518 famem
916 2483 1145 2526 constabat,
1172 2487 1212 2518 et
1229 2487 1334 2518 stare
1352 2482 1526 2518 inermes

102 2551 143 2587 in
167 2551 302 2596 muris,
327 2552 440 2588 nuda
464 2563 637 2600 corpora
661 2554 714 2588 ad
738 2552 944 2589 missilium
970 2553 1141 2589 telorum
1165 2552 1265 2588 ictus
1284 2553 1524 2600 praebentes.

101 2620 164 2657 Ea
196 2633 301 2670 aegre
334 2622 494 2671 patiens
518 2621 741 2668 Gracchus,
776 2636 898 2671 quum
932 2635 1064 2671 neque
1098 2634 1276 2671 pugnam
1311 2620 1563 2660 conserere?
