1789 2955
508 79 623 114 Liber
647 77 838 113 XXVIII.
887 79 946 121 (A.
973 76 1039 111 Oh.
1064 78 1157 120 206.)
1468 79 1541 116 151

114 209 221 246 ferro
253 209 500 256 dimicasset3
532 223 642 247 suam
670 208 909 246 seditionem
933 208 1019 245 sine
1037 209 1212 253 vulnere,
1244 207 1327 244 sine
1360 204 1554 252 sanguine
1575 204 1624 239 14

114 280 248 327 fuisse,
279 295 351 318 nec
382 282 506 331 ipsam
539 285 711 318 atrocem
758 293 830 317 nec
869 280 994 317 atroci
1032 293 1149 329 poena
1196 279 1360 327 dignam
1407 299 1460 303 ——
1506 280 1550 312 ut

116 352 278 401 ingenia
308 353 480 390 humana
511 357 603 390 sunt
633 353 683 389 ad
716 365 824 389 suam
852 351 996 400 cuique
1021 350 1230 388 levandam
1251 350 1408 398 culpam
1426 348 1548 385 nimio

115 423 207 473 plus
245 424 426 463 fecunda.
487 424 566 461 Illa
612 424 811 462 dubitatio
859 426 963 470 erat,
1012 423 1232 471 singulaene
1279 421 1460 458 cohortes
1505 432 1554 456 an
1576 419 1625 456 15

115 495 293 533 universi
325 496 375 532 ad
407 497 652 546 stipendium
684 495 900 545 petendum
932 495 1047 532 irent.
1092 494 1310 531 Inclinavit
1341 491 1550 535 sententia,

117 566 224 616 quod
255 567 380 604 tutius
412 568 636 614 censebant,
667 568 873 605 universos
905 566 973 603 ire.

230 639 311 676 Per
342 639 499 676 eosdem
530 640 626 686 dies,
658 639 803 688 quibus
834 639 917 675 haeo
934 638 994 675 illi
1013 639 1304 687 consultabant.
1338 637 1547 674 consilium
1635 630 1690 678 26

118 710 166 747 de
213 711 262 748 iis
309 710 545 759 Carthagini
591 715 686 758 erat,
719 711 1030 759 certabaturque
1078 710 1300 756 sententiis,
1346 714 1479 746 utrum
1513 708 1597 744 ina

117 785 301 820 auctores
346 787 502 820 tantum
550 783 760 820 seditionis
808 780 943 835 (erant
988 786 1119 819 aut-em
1166 783 1197 819 ii
1243 795 1408 820 numero
1444 781 1552 818 haud

117 853 209 903 plus
242 867 359 903 quam
393 855 569 904 quinque
588 858 627 891 et
642 853 833 905 triginta)
866 854 1262 900 animadverteretur,
1295 868 1344 891 an
1375 853 1553 903 plurium

118 925 315 974 supplicio
346 926 592 964 vindicanda
622 930 704 963 tam
735 926 832 963 foedi
864 927 1033 976 exempli
1073 927 1242 964 defectio
1274 926 1402 975 magis
1434 938 1551 974 quam

118 997 263 1035 seditio
295 1001 406 1035 esset.
454 997 568 1035 Vicit
600 999 797 1035 sententia
814 998 954 1044 lenior,
986 1002 1041 1045 ut,
1073 999 1180 1036 unde
1206 999 1323 1048 culpa
1341 1001 1428 1035 orta
1445 1001 1557 1040 esset.
1578 996 1600 1031 3

120 1068 179 1106 ibi
210 1082 328 1118 poena
368 1070 624 1107 consisteret:
672 1071 721 1107 ad
767 1069 1065 1107 multitudinem
1106 1070 1410 1119 castigationem
1457 1070 1554 1105 satis

124 1154 221 1178 esse.
283 1140 461 1178 Consilio
501 1142 686 1188 dimisso,
735 1146 779 1179 ut
817 1142 853 1178 id
905 1145 1034 1178 actum
1079 1142 1305 1187 videretur,
1353 1139 1602 1190 expeditio4

119 1211 310 1250 adversus
354 1212 618 1250 Mandonium
664 1213 963 1263 Indibilemque
1008 1214 1183 1250 edicitur
1228 1213 1439 1258 exercitui,
1486 1212 1554 1261 qui

121 1282 365 1332 Carthagine
397 1288 493 1331 erat,
527 1289 566 1322 et
607 1285 758 1322 cibaria
789 1285 943 1322 dierum
981 1286 1137 1335 aliquot
1181 1299 1323 1335 parare
1354 1284 1555 1322 iubentur.

122 1355 315 1393 Tribunis
346 1360 509 1405 septem,
550 1357 618 1406 qui
650 1360 690 1393 et
720 1361 838 1394 antea
869 1356 1086 1394 Sucronem
1117 1358 1167 1395 ad
1198 1357 1421 1395 leniendam
1455 1357 1558 1394 sedi·
1579 1355 1601 1391 5

118 1427 268 1464 tionem
300 1428 441 1473 ierant,
473 1428 630 1465 obviam
647 1429 842 1466 exercitui
869 1430 998 1467 missis
1014 1430 1139 1479 quina
1154 1430 1314 1466 nomina
1330 1429 1556 1478 principum

119 1499 328 1536 seditionis
375 1500 483 1536 edita
514 1503 628 1546 sunt,
678 1504 723 1537 ut
770 1514 834 1538 eos
866 1514 938 1550 per
975 1501 1142 1539 idoneos
1173 1501 1354 1538 homines
1384 1501 1558 1549 benigno
1579 1500 1601 1535 6

119 1571 235 1607 vultu
267 1585 313 1608 ac
345 1585 526 1608 sermone
558 1572 598 1608 in
623 1572 842 1621 hospitium
862 1573 1053 1610 invitatos
1085 1574 1314 1622 sopitosque
1345 1573 1438 1609 vino
1469 1573 1555 1609 vin-

119 1641 259 1680 cirent.
307 1642 429 1679 Haud
462 1643 601 1692 procul
626 1643 705 1680 iam
726 1643 973 1692 Carthagine
991 1644 1170 1691 aberant,
1201 1658 1323 1694 quum
1358 1658 1404 1680 ex
1429 1644 1558 1682 obviis
1580 1644 1602 1679 7

120 1713 324 1760 auditum,
372 1718 534 1763 postero
582 1715 646 1751 die
685 1727 841 1752 omnem
874 1716 1092 1752 exercitum
1140 1729 1227 1752 cum
1259 1717 1312 1754 M.
1346 1715 1486 1755 Silano
1517 1718 1558 1754 in

121 1784 345 1823 Lacetanos
376 1785 588 1836 proficisci,
614 1800 692 1824 non
710 1790 817 1823 metu
840 1788 957 1824 modo
990 1788 1108 1834 omni,
1139 1788 1208 1836 qui
1230 1789 1377 1825 tacitus
1409 1789 1556 1826 inside-

118 1856 188 1894 bat
218 1857 379 1907 animis‚
413 1857 604 1896 liberavit
643 1871 719 1904 eOS,
751 1859 819 1895 sed
852 1859 1037 1896 laetitiam
1077 1859 1276 1907 ingentem
1314 1861 1419 1907 fecit,
1451 1861 1556 1909 quod

121 1929 249 1978 magis
279 1929 463 1966 habituri
495 1930 620 1966 solum
654 1930 934 1979 imperatorem
960 1944 1077 1980 quam
1112 1931 1191 1980 ipsi
1224 1931 1351 1968 futuri
1382 1932 1422 1969 in
1448 1937 1557 1982 pote-

121 2004 225 2037 state
257 2001 340 2037 eius
373 2005 515 2038 essent.
578 2000 662 2038 Sub
710 2014 891 2039 occasum
924 2003 1021 2040 solis
1066 2003 1205 2040 urbem
1251 2003 1424 2051 ingressi
1457 2009 1559 2050 sunt,
1581 2003 1605 2039 8

123 2073 424 2122 exercitumque
443 2073 613 2110 alterum
631 2077 838 2122 parantem
857 2075 992 2112 omnia
1008 2074 1057 2111 ad
1076 2075 1151 2111 iter
1167 2074 1366 2112 viderunt.
1390 2075 1560 2125 Excepti
1579 2075 1601 2111 9

121 2144 373 2181 sermonibus
419 2145 467 2181 de
513 2145 712 2182 industria
758 2146 998 2195 compositis,
1043 2146 1179 2182 laetum
1210 2151 1558 2196 opportunumque

120 2215 333 2252 adventum
353 2229 489 2252 eorum
507 2216 745 2266 imperatori
778 2230 873 2263 esse,
904 2217 1010 2266 quod
1027 2218 1099 2254 sub
1118 2218 1242 2266 ipsam
1269 2219 1556 2267 profectionem

120 2286 287 2323 alterius
319 2288 520 2325 exercitus
545 2289 759 2333 venissent,
784 2301 952 2337 corpora
977 2292 1129 2326 curant.
1176 2290 1244 2326 Ab
1269 2289 1444 2326 tribunis
1476 2290 1560 2326 sine
1582 2290 1632 2326 10

121 2358 205 2395 ullo
236 2358 410 2396 tumultu
442 2362 624 2396 auctores
648 2359 870 2406 seditionis,
901 2374 973 2409 per
996 2360 1159 2398 idoneos
1176 2361 1356 2398 homines
1372 2361 1557 2410 perducti

121 2429 162 2466 in
194 2430 390 2479 hospitia,
424 2432 648 2480 comprensi
693 2444 739 2468 ac
784 2431 910 2468 vincti
955 2437 1058 2469 sunt.
1120 2431 1281 2481 Vigilia
1313 2435 1457 2481 quarta
1488 2433 1560 2469 im·
1583 2435 1628 2469 11

121 2501 352 2550 pedimenta
369 2502 581 2548 exercitus,
612 2502 724 2539 cuius
751 2503 1013 2540 simulabatur
1030 2504 1119 2549 iter,
1149 2503 1349 2552 proficisci
1382 2517 1556 2553 coepere3

121 2573 194 2609 sub
226 2573 354 2610 lucem
386 2573 500 2621 signa
530 2578 649 2620 mota,
688 2579 728 2610 et
758 2574 807 2611 ad
839 2578 994 2623 portam
1025 2580 1221 2612 retentum
1254 2588 1393 2623 agmen
1427 2579 1554 2612 custo-

122 2643 271 2694 desque
303 2644 410 2682 circa
441 2658 576 2682 omnes
609 2650 746 2695 portas
787 2647 910 2690 missi,
958 2659 1006 2682 ne
1038 2647 1126 2695 quis
1158 2646 1256 2683 urbe
1287 2646 1557 2695 egrederetur.
