1789 2955
526 113 631 144 Liber
656 113 784 143 xxm.
832 112 885 154 (A.
915 113 976 144 ch.
1003 112 1097 154 215.)
1437 114 1520 154 155

103 245 176 280 lius
200 244 443 291 Torquatus,
478 243 545 291 qui
572 243 633 280 bis
661 244 800 280 consul
831 249 871 279 et
898 256 1044 280 censor
1070 244 1199 279 fuerat
1224 246 1518 292 subegeratque

100 314 142 350 in
174 314 386 350 consulatu
408 313 573 350 Sardos.
636 313 717 349 Sub
741 313 850 349 idem
874 313 957 349 fere
982 319 1140 361 tempus
1163 320 1203 349 et
1224 326 1248 349 a
1272 314 1517 362 Carthagine
1536 312 1587 352 16

99 383 141 420 in
165 383 392 420 Sardiniam
425 384 562 420 classis
595 383 718 420 missa
749 384 854 419 duce
878 382 1149 427 Hasdrubale,
1184 383 1246 419 cui
1272 383 1397 420 Calvo
1422 396 1518 432 cog-

100 465 252 490 nomen
276 459 373 498 erat,
400 453 512 490 foeda
536 458 777 502 tempestate
800 459 942 489 vexata
968 454 1023 488 ad
1046 452 1225 490 Baliares
1249 453 1400 490 insulas
1419 454 1518 490 deii-

99 524 211 568 citur,
254 523 390 571 ibique
423 521 546 574 (adeo
579 535 664 560 non
696 530 947 560 armamenta
979 524 1120 567 modo,
1155 524 1229 560 sed
1262 524 1382 559 etiam
1415 525 1515 560 alvei
1538 523 1582 561 17

99 594 258 630 navium
284 594 462 642 quassati
485 591 614 644 erant)
648 594 856 630 subduetae
881 606 1018 637 naves,
1053 594 1150 629 dum
1173 594 1414 638 reficiuntur,
1449 594 1518 630 ali·

98 671 292 712 quantum
324 664 518 713 temporis
551 664 754 700 triverunt.

214 734 260 770 In
283 734 398 770 Italia
430 747 552 782 quum
584 741 680 783 post
706 733 966 771 Cannensem
999 747 1191 782 pugnam,
1226 734 1361 771 fractis
1394 735 1517 783 partis
1581 730 1642 774 35

97 805 258 841 alterius
281 805 441 849 viribus,
474 805 634 841 alterius
659 804 819 841 mollitis
845 805 1002 848 animis,
1032 804 1195 852 segnius
1220 805 1369 840 bellum
1394 811 1514 848 esset,

97 874 298 924 Campani
320 887 393 924 per
416 888 458 912 se
483 876 615 912 adorti
641 881 733 912 sunt
755 887 838 911 rem
857 874 1083 911 Cumanam
1109 887 1190 911 suae
1216 876 1388 912 dicionis
1407 875 1514 912 face·
1531 874 1555 912 2

96 958 151 989 re,
175 945 306 994 primo
325 946 600 990 sollicitantes,
620 952 662 982 ut
680 946 731 981 ab
750 946 945 982 Romanis
964 945 1204 989 deficerent;
1230 945 1297 981 ubi
1314 945 1356 981 id
1374 958 1515 993 parum

95 1015 306 1064 processit,
345 1016 484 1052 dolum
517 1017 572 1052 ad
605 1016 831 1064 capiendos
864 1028 936 1052 eos
970 1021 1222 1064 comparant.
1295 1015 1515 1064 Campanis
1532 1014 1556 1051 23

96 1087 283 1123 omnibus
302 1092 450 1123 statum
467 1087 705 1123 sacrificium
723 1087 777 1122 ad
794 1086 948 1122 Hamas
967 1091 1066 1122 erat.
1111 1086 1173 1122 Eo
1193 1091 1378 1122 senatum
1397 1085 1516 1122 Cam-

95 1169 246 1205 panum
264 1163 471 1193 venturum
491 1157 682 1193 certiores
702 1156 910 1193 Cumanos
929 1157 1124 1200 fecerunt,
1150 1156 1445 1204 petieruntque,
1475 1164 1516 1193 ut

95 1233 136 1263 et
152 1226 359 1264 Cumanus
384 1239 434 1263 eo
460 1234 624 1264 senatus
649 1227 802 1263 veniret
825 1228 880 1263 ad
899 1228 1214 1264 consultandum
1233 1227 1512 1270 communiter,

95 1303 137 1333 ut
168 1298 339 1334 eosdem
365 1303 533 1346 uterque
556 1298 730 1346 populus
755 1298 891 1334 socios
914 1299 1135 1345 hostesque
1158 1297 1343 1341 baberet;
1378 1296 1553 1345 praesi-—l

94 1367 205 1403 dium
243 1367 299 1403 ibi
338 1373 534 1404 armatum
567 1381 610 1405 se
643 1368 864 1412 habituros,
904 1381 956 1404 ne
988 1368 1086 1415 quid
1118 1368 1169 1403 ab
1202 1368 1392 1403 Romano
1426 1368 1515 1403 Poe-

93 1449 199 1474 nove
221 1438 386 1486 periculi
411 1444 531 1475 esset.
596 1438 780 1482 Cumani,
811 1450 1043 1486 quanquam
1068 1443 1256 1486 suspecta
1282 1438 1388 1474 fraus
1416 1445 1513 1482 erat,

93 1508 190 1544 nihil
213 1509 405 1553 abnuere,
438 1509 494 1545 ita
519 1509 655 1557 detegi
680 1509 799 1545 fallax
824 1509 1036 1545 consilium
1060 1521 1183 1557 posse
1208 1509 1294 1545 rati.
1352 1509 1515 1544 Interim
1531 1520 1556 1544 ι)

93 1579 156 1615 Ti.
175 1579 438 1627 Sempronius
461 1580 603 1616 consul
621 1581 829 1616 Romanus
848 1580 1062 1623 Sinuessae,
1089 1592 1170 1627 quo
1196 1580 1251 1614 ad
1268 1580 1515 1616 convenien-

94 1650 192 1685 dum
216 1649 325 1685 diem
349 1650 543 1694 edixerat,
570 1650 746 1686 exercitu
770 1650 951 1693 lustrato,
978 1656 1252 1698 transgressus
1272 1649 1513 1686 Vulturnum

51 1730 53 1733 ’
94 1720 243 1756 flumen
277 1720 382 1756 circa
403 1719 610 1756 Liternum
643 1721 779 1768 posuit
803 1726 946 1756 castra.
1010 1720 1068 1755 Ibi
1093 1720 1185 1768 quia
1210 1720 1343 1756 otiosa
1368 1721 1511 1756 stativa
1528 1718 1553 1757 6

94 1795 221 1834 erant,
248 1791 389 1826 crebro
415 1790 628 1826 decurrere
652 1790 795 1826 milites
814 1791 1002 1838 cogebat,
1029 1796 1071 1826 ut
1088 1791 1238 1826 tirones
1257 1789 1321 1840 (ea
1339 1791 1514 1827 maxima

94 1873 186 1909 pars
210 1861 403 1897 volonum
429 1858 557 1910 erant)
582 1867 864 1897 assuescerent
889 1860 1003 1909 signa
1029 1861 1142 1908 sequi
1166 1866 1206 1896 et
1221 1861 1263 1896 in
1281 1861 1367 1897 acie
1386 1873 1513 1909 agno-

95 1943 206 1967 scere
255 1931 420 1967 ordines
462 1942 571 1967 suos.
648 1931 755 1967 Inter
798 1943 886 1979 quae
929 1932 1103 1967 maxima
1146 1937 1231 1967 erat
1269 1943 1363 1967 cura
1407 1932 1513 1975 duci,
1538 1946 1546 1967 ι

94 2001 229 2050 itaque
253 2002 396 2050 legatis
422 2001 669 2049 tribunisque
693 2008 955 2050 praeceperat,
982 2015 1034 2038 ne
1059 2015 1139 2050 qua
1157 2002 1415 2050 exprobratio
1435 2002 1515 2038 cui—

95 2084 216 2119 quam
239 2071 383 2108 veteris
409 2071 579 2108 fortunae
605 2072 852 2108 discordiam
876 2072 980 2108 inter
1004 2072 1169 2108 ordines
1194 2078 1365 2115 sereret;
1400 2079 1514 2109 vetus

95 2142 208 2178 miles
240 2142 373 2186 tironi,
407 2141 505 2178 liber
537 2142 673 2178 voloni
707 2155 797 2179 sese
821 2142 1021 2190 exaequari
1045 2142 1213 2186 sineret;
1248 2155 1392 2179 omnes
1418 2143 1514 2179 satis
1531 2154 1554 2176 ἡ

95 2213 292 2249 honestos
323 2224 631 2260 generososque
664 2214 873 2257 ducerent,
908 2213 1051 2260 quibus
1085 2225 1196 2249 arma
1220 2226 1292 2249 sua
1317 2214 1515 2262 signaque

95 2283 269 2332 populus
286 2283 495 2319 Romanus
521 2283 808 2327 commisisset;
837 2295 926 2331 quae
945 2283 1105 2318 fortuna
1125 2284 1329 2331 coegisset
1345 2285 1399 2319 ita
1418 2284 1513 2327 fieri,

96 2354 272 2390 eandem
297 2365 445 2402 cogere
470 2354 571 2389 tueri
597 2353 760 2390 factum.
819 2354 880 2390 Ea
904 2365 989 2389 non
1016 2353 1167 2389 maiore
1194 2366 1287 2390 cura
1312 2359 1514 2402 praecepta
1530 2356 1554 2389 ξ)

97 2423 147 2459 ab
180 2423 351 2460 ducibus
383 2430 475 2460 sunt
507 2436 628 2472 quam
661 2437 683 2459 a
712 2424 900 2460 militibus
925 2424 1152 2468 observata,
1187 2425 1377 2472 brevique
1404 2430 1515 2460 tanta

97 2494 320 2530 concordia
352 2495 588 2531 coaluerant
614 2495 793 2531 omnium
818 2494 954 2538 animi,
988 2500 1031 2530 ut
1053 2506 1181 2542 prope
1205 2494 1244 2530 in
1270 2494 1515 2530 oblivionem

97 2564 261 2608 veniret,
295 2576 375 2612 qua
408 2577 457 2600 ex
487 2565 733 2602 condicione
759 2565 928 2612 quisque
953 2571 1061 2601 esset
1086 2565 1198 2600 miles
1225 2564 1366 2600 factus.
1416 2563 1513 2600 Haee
1534 2563 1585 2603 10

98 2634 234 2682 agenti
268 2633 456 2671 Graccho
489 2635 610 2683 legati
638 2634 810 2671 Cumani
842 2635 1089 2678 nuntiarunt,
1123 2646 1212 2682 quae
1245 2647 1269 2669 a
1295 2633 1515 2682 Campanis
