1768 2943
241 98 296 139 30
663 95 766 126 Liber
791 94 900 125 xxrr.
935 93 990 135 (A.
1017 104 1050 125 u.
1076 104 1105 125 c.
1132 92 1227 136 537.)

198 226 405 276 3gereret,
438 227 494 262 ita
526 232 761 275 contempta
794 230 880 262 erat
911 225 1014 261 inter
1038 225 1143 262 cives
1169 230 1346 261 armatos
1371 226 1518 274 pariter
1540 231 1654 274 toga-

239 304 397 345 tosque,
423 296 559 344 utique
582 300 798 344 postquam
822 297 992 332 absente
1018 308 1068 332 eo
1094 295 1318 332 temeritate
1343 295 1521 344 magistri
1546 295 1656 343 equi—

239 374 322 403 tum
364 368 456 403 laeto
490 366 618 402 verius
658 366 826 402 dixerim
865 378 985 414 quam
1025 377 1222 414 prospero
1256 370 1402 402 eventu
1434 371 1656 414 pugnatum

200 437 380 476 4fuerat.
428 438 697 473 Accesserant
714 437 805 473 duae
823 449 885 473 res
904 437 957 472 ad
975 436 1208 485 augendam
1225 435 1417 472 invidiam
1435 436 1655 481 dictatoris,

239 521 320 544 una
353 507 495 544 fraude
528 519 575 543 ac
608 507 706 542 dolo
739 506 995 550 Hannibalis,
1036 507 1162 554 quod,
1201 518 1325 554 quum
1356 518 1380 542 a
1411 505 1589 554 perfugis
1622 506 1658 541 ei

240 582 486 615 monstratus
519 589 615 625 ager
640 576 850 613 dictatoris
874 582 994 621 esset,
1029 577 1217 613 omnibus
1243 576 1348 612 circa
1374 576 1462 612 solo
1492 577 1659 624 aequatis

240 650 291 685 ab
323 661 406 684 uno
432 661 482 684 eo
507 647 653 684 ferrum
676 646 894 695 ignemque
919 652 959 684 et
983 647 1061 683 vim
1086 660 1250 684 omnem
1274 647 1451 684 hostium
1468 646 1659 683 abstineri

202 717 367 763 5iussit‚
401 724 443 754 ut
468 717 614 754 occulti
637 717 803 754 alicuius
828 718 936 766 pacti
960 730 1010 754 ea
1033 730 1188 755 merces
1206 718 1331 754 videri
1355 722 1508 766 posset,
1536 717 1661 753 altera

239 789 363 838 ipsius
392 789 514 832 facto,
537 788 667 836 primo
697 787 866 824 forsitan
889 788 1029 832 dubio,
1053 788 1147 836 quia
1174 801 1259 824 non
1285 792 1520 836 exspectata
1543 787 1585 823 in
1610 798 1660 823 eo

242 865 405 896 senatus
439 858 658 895 auctoritas
690 863 764 903 est,
798 860 853 894 ad
885 863 1106 895 extremum
1130 859 1241 894 haud
1265 858 1453 906 ambigue
1475 858 1516 894 in
1539 858 1662 894 maxi-

202 930 227 969 6
243 943 349 967 mam
381 930 545 966 laudem
570 941 700 965 verso.
747 929 795 965 In
817 928 1097 977 permutandis
1115 929 1295 977 captivis,
1321 929 1435 976 quod
1453 928 1508 964 sic
1531 928 1661 977 primo

241 1001 394 1038 Punico
427 1001 534 1036 bello
568 1000 718 1036 factum
751 1004 848 1043 erat,
883 1005 1132 1036 convenerat
1154 1000 1257 1036 inter
1280 1000 1406 1035 duces
1432 999 1662 1035 Romanum

243 1072 508 1119 Poenumque,
543 1076 597 1115 ut,
631 1082 721 1118 quae
746 1082 838 1118 pars
863 1070 952 1118 plus
977 1069 1175 1118 reciperet
1198 1082 1320 1118 quam
1344 1070 1472 1113 daret,
1507 1068 1663 1117 argenti

203 1140 385 1190 7p0nd0
418 1140 515 1177 bina
546 1146 586 1177 et
618 1141 785 1178 selibras
816 1140 857 1176 in
890 1139 1056 1176 militem
1078 1145 1299 1188 praestaret.
1347 1139 1543 1176 Ducentis
1566 1152 1663 1187 qua-

244 1212 431 1260 draginta
456 1216 612 1260 septem
638 1223 760 1259 quum
784 1211 917 1260 plures
941 1211 1151 1247 Romanus
1176 1223 1298 1258 quam
1315 1210 1464 1247 Poenus
1489 1210 1663 1258 recepis-

244 1287 305 1319 set
337 1286 629 1331 argentumque
657 1294 731 1329 pro
758 1281 816 1317 eis
840 1280 1035 1325 debitum,
1069 1293 1177 1330 saepe
1201 1281 1351 1318 iactata
1374 1281 1416 1317 in
1440 1286 1583 1317 senatu
1608 1294 1662 1325 re,

203 1353 228 1393 8
244 1353 438 1401 quonjam
459 1365 545 1389 non
567 1351 838 1389 consuluisset
869 1356 1017 1400 patres,
1052 1351 1205 1388 tardius
1228 1357 1473 1400 erogaretur,
1497 1351 1664 1388 inviola-

244 1428 327 1459 tum
360 1424 411 1459 ab
446 1423 564 1459 hoste
597 1435 751 1471 agrum,
785 1422 909 1458 misso
943 1422 1117 1458 Romam
1150 1422 1304 1468 Quinto
1339 1422 1433 1467 filio,
1467 1422 1663 1467 vendidit,

244 1494 449 1541 fidemque
481 1493 684 1542 publicam
716 1493 926 1541 impendio
959 1492 1114 1541 privato
1148 1492 1329 1528 exsolvit.

207 1564 232 1604 9
363 1563 570 1600 Hannibal
587 1576 661 1612 pro
681 1562 875 1600 Gereonii
893 1563 1107 1606 moenibus,
1133 1562 1245 1599 cuius
1271 1562 1378 1599 urbis
1397 1569 1525 1612 captae
1544 1568 1665 1612 atque

245 1634 421 1671 incensae
454 1634 506 1670 ab
539 1646 582 1670 se
615 1634 657 1670 in
688 1646 804 1670 usum
828 1633 1064 1669 horreorum
1089 1645 1220 1681 pauca
1243 1633 1459 1681 reliquerat
1482 1640 1602 1679 tecta,
1626 1635 1666 1671 in

183 1705 235 1746 10
247 1704 398 1742 stativis
431 1709 528 1740 erat.
577 1704 679 1740 Inde
708 1704 994 1740 frumentatum
1022 1704 1124 1739 dua's
1153 1704 1349 1740 exercitus
1374 1710 1509 1753 partes
1537 1705 1666 1742 mitte-

246 1776 334 1820 bat;
369 1787 459 1812 cum
492 1774 607 1810 tertia
638 1775 726 1823 ipse
759 1775 951 1822 expedita
981 1774 1023 1810 in
1055 1774 1231 1810 statione
1257 1780 1355 1819 erat,
1389 1775 1504 1812 simul
1528 1776 1666 1813 castris

246 1846 436 1895 praesidio
460 1850 501 1882 et
518 1845 873 1894 circumspectans,
899 1845 1089 1881 necunde
1106 1844 1279 1893 impetus
1296 1845 1338 1881 in
1356 1845 1666 1883 frumentatores

122 1915 188 1959 24
248 1916 373 1953 fieret.
421 1917 631 1953 Romanus
664 1921 758 1952 tunc
791 1915 988 1952 exercitus
1020 1915 1061 1951 in
1094 1927 1193 1963 agro
1219 1915 1397 1952 Larinati
1431 1922 1534 1960 erat;
1568 1929 1668 1965 prae·

248 1992 333 2023 erat
353 1985 555 2022 Minucius
587 1985 778 2035 magister
800 1985 992 2033 equitum,
1026 1985 1225 2034 profecto,
1260 1986 1362 2023 sicut
1393 1992 1487 2023 ante
1516 1986 1668 2023 dictum

208 2058 322 2101 2est,
356 2058 410 2093 ad
435 2057 573 2093 urbem
602 2057 814 2093 dictatore.
864 2055 1053 2093 Ceterum
1071 2062 1215 2101 castra,
1243 2069 1331 2105 quae
1355 2057 1396 2094 in
1421 2062 1561 2093 monte
1586 2057 1668 2093 alto

248 2139 295 2164 ac
327 2132 414 2164 tuto
447 2128 539 2164 loco
572 2127 706 2176 posita
739 2127 909 2172 fuerant,
942 2127 1086 2163 iamin
1112 2128 1276 2176 planum
1299 2128 1551 2171 deferuntur;
1585 2127 1669 2176 agi—

249 2198 519 2246 tabanturque
551 2210 624 2246 pro
657 2197 824 2247 ingenio
857 2197 971 2234 ducis
1002 2197 1171 2234 consilia
1195 2198 1401 2242 calidiora,
1431 2203 1473 2234 ut
1496 2198 1668 2246 impetus

249 2273 318 2304 aut
348 2268 389 2304 in
423 2268 733 2305 frumentatores
766 2269 926 2317 palatos
966 2274 1034 2304 aut
1065 2269 1106 2304 in
1139 2273 1271 2305 castra
1301 2268 1438 2304 relicta
1472 2280 1561 2304 cum
1595 2268 1668 2305 levi

210 2337 440 2388 3praesidio
466 2338 590 2375 fieret.
643 2338 728 2375 Nec
748 2339 1020 2375 Hannibalem
1045 2338 1196 2383 fefellit,
1231 2351 1322 2375 cum
1346 2339 1449 2375 duce
1475 2344 1669 2374 mutatam

251 2421 341 2446 esse
373 2408 465 2445 belli
497 2409 696 2446 rationem
729 2414 769 2445 et
802 2409 974 2446 ferocius
1007 2422 1128 2457 quam
1162 2409 1382 2446 consultius
1415 2422 1497 2445 rem
1531 2410 1669 2446 hostes

211 2478 239 2518 4
252 2484 458 2528 gesturos;
491 2479 578 2528 ipse
598 2484 746 2523 autem,
765 2480 878 2526 quod
895 2479 1059 2515 minime
1077 2480 1165 2527 quis
1183 2480 1381 2524 crederet,
1401 2491 1524 2527 quum
1542 2480 1669 2516 hostis

252 2549 417 2598 propius
436 2555 557 2594 esset,
583 2549 739 2586 tertiam
764 2554 918 2598 partem
943 2549 1110 2586 militum
1130 2549 1426 2593 frumentatum,
1453 2550 1610 2586 duabus
1628 2550 1669 2586 in

212 2619 239 2659 5
254 2620 392 2657 castris
409 2620 587 2664 retentis,
607 2620 776 2664 dimisit;
805 2619 900 2656 dein
920 2624 1050 2656 castra
1066 2619 1154 2668 ipsa
1172 2619 1338 2668 propius
1355 2619 1515 2656 hostem
1532 2619 1668 2662 movit,
