1768 2943
92 1430 155 1475 53

223 110 302 152 106
642 108 745 140 Liber
770 108 880 140 XXII.
917 107 972 150 (A.
1000 119 1031 140 u.
1057 119 1085 141 c.
1112 108 1206 152 538.)

177 238 205 279 4
220 251 362 276 omnes
386 244 490 283 sunt,
516 251 698 276 seorsum
723 240 829 276 cives
854 239 1047 288 sociique.
1104 240 1211 277 Dum
1233 241 1287 277 ibi
1311 246 1468 290 tempus
1486 242 1633 285 teritur,

217 311 372 346 interea
410 322 530 358 quum
571 322 619 346 ex
656 310 876 346 maioribus
914 311 1066 355 castris,
1109 311 1252 359 quibus
1293 311 1388 348 satis
1426 311 1565 347 virium
1597 317 1637 347 et

218 380 341 416 animi
365 380 449 424 fuit,
476 381 531 416 ad
554 385 742 428 quattuor
765 380 886 416 millia
909 381 1118 418 hominum
1136 387 1175 417 et
1193 382 1357 417 ducenti
1376 381 1544 428 equites,
1571 381 1635 417 alii

218 451 393 499 agmine,
425 451 489 486 alii
514 451 637 499 palati
663 450 813 499 passim
838 463 909 499 per
932 463 1066 500 agros,
1096 452 1207 499 quod
1234 451 1344 487 haud
1361 451 1491 487 minus
1509 456 1635 487 tutum

218 527 315 566 erat,
342 520 563 558 Canusium
586 520 870 569 perfugissent,
896 527 1026 558 eastra
1053 522 1141 570 ipsa
1166 522 1216 558 ab
1243 521 1388 558 sauciis
1405 521 1635 569 timidisque

175 589 365 630 5eadem
398 591 656 635 condicione,
691 602 770 638 qua
803 591 940 636 altera,
975 593 1121 628 tradita
1145 592 1264 628 hosti.
1326 592 1468 628 Praeda
1492 592 1635 639 ingens

217 667 332 710 parta
364 666 437 705 est,
471 666 511 697 et
542 667 685 710 praeter
718 673 846 709 equos
875 662 1061 710 virosque
1087 668 1126 698 et
1151 662 1182 698 si
1207 662 1304 710 quid
1330 662 1485 710 argenti
1509 660 1635 711 (quod

216 732 428 780 plurimum
452 731 493 767 in
516 731 689 780 phaleris
715 743 908 779 equorum
936 737 1039 775 erat3
1069 744 1164 768 nam
1188 733 1241 768 ad
1259 733 1508 768 vescendum
1527 731 1635 768 facto

216 802 450 850 perexiguo,
484 801 621 849 utique
653 801 882 845 militantes,
917 800 1144 852 utebantur)
1179 803 1309 838 omnis
1339 807 1473 838 cetera
1498 802 1635 850 praeda

177 870 202 911 6
218 871 448 920 diripienda
472 872 570 908 data
593 877 665 908 est.
721 872 827 908 Tum
853 872 1078 920 sepeliendi
1103 884 1225 909 causa
1249 872 1423 908 conferri
1447 873 1487 908 in
1513 884 1635 908 unum

218 954 389 990 corpora
417 953 580 978 suorum
607 942 737 985 iussit;
772 943 826 978 ad
851 949 944 978 octo
969 943 1089 979 millia
1113 942 1234 979 fuisse
1260 943 1447 979 dicuntur
1471 941 1636 978 fortissi-

216 1024 372 1048 morum
406 1012 590 1048 virorum.
655 1011 875 1049 Consulem
909 1024 1071 1061 quoque
1104 1013 1334 1049 Romanum
1367 1012 1636 1061 conquisitum

218 1083 511 1131 sepultumque,
546 1083 711 1130 quidam
743 1088 930 1120 auctores
963 1088 1067 1119 sunt.

178 1151 200 1191 7
336 1152 433 1196 Eos,
468 1153 535 1200 qui
568 1153 788 1189 Canusium
821 1153 1094 1201 perfugerant,
1134 1154 1273 1190 mulier
1307 1153 1438 1202 Apula
1471 1152 1635 1189 nomine

215 1223 336 1267 Busa,
368 1235 518 1271 genere
552 1224 658 1260 clara
691 1235 739 1260 ac
773 1223 932 1268 divitiis,
966 1224 1167 1260 moenibus
1200 1230 1354 1260 tantum
1389 1222 1585 1270 tectisque
1614 1234 1636 1258 a

217 1293 432 1330 Canusinis
457 1299 663 1342 acceptos,
698 1293 913 1338 frumento,
948 1300 1072 1339 veste,
1106 1295 1252 1331 viatico
1278 1294 1398 1330 etiam
1423 1293 1530 1337 iuvit,
1562 1304 1634 1341 pro

216 1376 295 1412 qua
318 1364 354 1400 ei
378 1364 651 1400 munificentia
673 1356 830 1413 postea,
860 1365 967 1401 bello
991 1364 1187 1413 perfecto,
1215 1366 1267 1401 ab
1292 1369 1435 1401 senatu
1459 1364 1636 1400 honores

217 1434 341 1470 habiti
381 1439 485 1471 sunt.
565 1433 753 1471 Ceterum
792 1447 914 1482 quum
956 1435 1010 1470 ibi
1053 1435 1199 1471 tribuni
1242 1435 1406 1471 militum
1448 1439 1636 1482 quattuor

217 1510 365 1548 essent,
396 1504 545 1540 Fabius
568 1503 767 1541 Maximus
789 1505 842 1540 de
866 1505 1028 1553 legione
1054 1505 1194 1553 prima,
1226 1505 1338 1542 cuius
1363 1511 1477 1553 pater
1503 1504 1635 1552 priore

179 1573 328 1613 2ann0
357 1575 530 1612 dictator
558 1574 699 1618 fuerat,
735 1580 774 1610 et
803 1576 855 1611 de
885 1575 1047 1623 legione
1073 1576 1254 1612 secunda
1279 1575 1325 1611 L.
1349 1575 1549 1612 Publicius
1572 1573 1636 1610 Bi-

215 1646 340 1682 bulus·
355 1654 394 1681 et
411 1645 453 1681 P.
475 1644 685 1681 Cornelius
703 1645 838 1694 Scipio
865 1650 905 1681 et
928 1647 980 1682 de
1007 1646 1168 1694 legione
1186 1645 1301 1681 tertia
1319 1646 1423 1694 App.
1444 1643 1636 1681 Claudius

178 1713 398 1759 3Pulcher,
433 1716 499 1763 qui
531 1715 712 1764 proxime
745 1716 871 1752 aedilis
904 1716 1046 1761 fuerat,
1083 1716 1263 1752 omnium
1288 1727 1491 1752 consensu
1515 1716 1570 1751 ad
1592 1715 1634 1751 P.

217 1786 449 1835 Scipionem
468 1786 692 1822 admodum
711 1786 986 1822 adolescentem
1004 1791 1040 1823 et
1056 1788 1112 1822 ad
1126 1788 1229 1835 App.
1250 1786 1463 1823 Claudiurn
1483 1797 1636 1822 summa

177 1853 369 1905 4imperii
404 1857 539 1892 delata
572 1861 645 1892 est.
720 1856 875 1902 Quibus
908 1857 1231 1894 consultantibus
1263 1857 1366 1893 inter
1396 1868 1551 1904 paucos
1584 1856 1636 1891 de

218 1938 374 1962 summa
406 1938 535 1962 rerum
564 1927 721 1963 nuntiat
748 1927 791 1963 P.
821 1926 961 1963 Furius
989 1927 1136 1971 Philus,
1172 1927 1393 1964 consularis
1423 1926 1492 1962 viri
1523 1926 1635 1968 filius,

219 1996 488 2044 nequicquam
512 2008 583 2033 eos
602 1997 799 2045 perditam
820 2009 933 2046 spem
952 1997 1107 2041 fovere;
1134 1998 1392 2046 desperatam
1411 1997 1636 2045 complora-

178 2064 205 2106 5
220 2072 382 2114 tamque
409 2079 494 2103 rem
511 2079 600 2103 esse
619 2067 839 2115 publicam;
866 2067 1024 2104 nobiles
1042 2067 1208 2104 iuvenes
1227 2067 1442 2115 quosdam,
1468 2078 1636 2114 quorum

217 2137 440 2185 principem
463 2136 510 2174 L.
537 2136 741 2174 Caecilium
765 2137 986 2182 Metellum,
1019 2150 1129 2174 mare
1153 2150 1201 2174 ac
1226 2150 1350 2174 naves
1374 2142 1571 2185 spectare,
1596 2141 1638 2171 ut

177 2205 202 2246 6
218 2208 379 2243 deserta
402 2207 515 2243 Italia
540 2208 594 2243 ad
618 2219 757 2256 regum
782 2208 956 2256 aliquem
980 2207 1261 2257 transfugiant.
1326 2207 1452 2253 Quod
1475 2206 1636 2247 malum,

218 2283 485 2326 praeterquam
510 2282 636 2321 atrox,
672 2290 791 2326 super
816 2283 877 2314 tot
901 2279 1039 2316 clades
1064 2279 1184 2315 etiam
1208 2290 1371 2322 novum,
1405 2290 1528 2326 quum
1559 2282 1638 2313 stu-

219 2360 318 2396 pore
344 2359 391 2384 ac
416 2348 608 2384 miraculo
627 2348 814 2396 torpidos
832 2349 1051 2393 defixisset,
1076 2348 1142 2397 qui
1160 2349 1344 2392 aderant,
1371 2353 1411 2384 et
1427 2347 1637 2384 consilium

219 2419 507 2455 advocandum
536 2419 589 2454 de
615 2430 666 2454 eo
692 2424 917 2463 censerent,
951 2425 1075 2468 negat
1099 2418 1253 2456 consilii
1279 2430 1363 2454 rem
1387 2429 1478 2455 esse
1503 2417 1637 2465 Scipio

179 2486 201 2526 7
218 2488 384 2532 iuvenis,
410 2488 541 2525 fatalis
568 2489 649 2524 dux
673 2488 836 2524 huiusce
861 2489 965 2525 belli.
1015 2489 1261 2525 Audendum
1279 2493 1400 2536 atque
1418 2487 1637 2535 agendum,

220 2570 304 2595 non
339 2559 651 2595 consultandum
685 2558 740 2594 ait
772 2558 811 2595 in
840 2564 954 2595 tanto
978 2560 1085 2595 malo
1112 2570 1214 2595 esse.
1278 2558 1386 2594 Irent
1409 2569 1544 2594 secum
1573 2569 1637 2593 ex-

185 2626 376 2677 8templo
410 2629 564 2671 armati,
598 2629 664 2676 qui
697 2640 779 2664 rem
812 2629 1014 2677 publicam
1047 2629 1197 2665 salvam
1229 2628 1392 2668 vellent:
1434 2627 1541 2663 nulla
1574 2639 1638 2663 ve—
