1789 2955
531 96 645 131 Liber
669 96 793 133 XXX.
841 100 900 140 (A.
929 98 994 134 Ch.
1019 100 1113 143 203.)
1449 105 1529 142 243

102 222 238 261 dorem
270 223 510 273 odoremque
543 227 582 262 et
613 224 842 275 adspectum
872 228 1005 265 territi
1044 227 1138 277 equi
1168 241 1313 265 vanum
1345 233 1528 278 equestre

101 294 299 333 auxilium
329 295 522 335 fecerunt.
582 295 636 333 Et
666 299 710 334 ut
739 300 879 335 turmae
911 299 1143 348 permixtus,
1174 299 1243 336 ubi
1275 300 1439 350 cuspide
1470 300 1529 337 uti

100 369 140 404 et
162 366 340 403 cominus
365 366 499 415 gladio
523 371 670 417 posset,
697 368 852 407 roboris
879 371 1041 408 maioris
1057 370 1260 408 Romanus
1288 384 1407 420 eques
1431 374 1529 419 erat,

99 437 156 476 ita
188 438 229 475 in
261 437 440 476 ablatum
470 439 712 489 paventibus
743 441 880 490 procul
913 442 1026 491 equis
1057 442 1198 479 melius
1236 455 1285 480 ex
1318 443 1527 482 intervallo

97 509 284 548 Numidae
316 509 610 548 iaculabantur.
672 511 801 549 Simul
847 516 886 550 et
929 514 1109 563 peditum
1142 513 1248 562 legio
1279 513 1568 561 duodecima,8

96 594 242 630 magna
280 594 330 619 ex
361 585 475 632 parte
506 595 618 630 caesa,
664 583 816 633 pudore
860 585 989 634 magis
1028 598 1146 634 quam
1177 585 1331 623 viribus
1361 586 1526 624 tenebat

97 653 250 700 locum3
281 667 352 691 nec
385 653 536 692 diutius
566 656 785 703 tenuisset,
829 656 871 693 ni
916 669 965 694 ex
1004 656 1192 694 subsidiis
1222 657 1343 695 tertia
1373 657 1565 696 decima9

96 726 207 776 legio
240 726 280 763 in
312 726 483 776 primam
514 727 640 764 aciem
670 728 835 765 inducta
873 729 1058 777 proelium
1097 728 1260 766 dubium
1292 729 1525 778 excepisset.

94 797 217 847 Mago
249 811 408 849 quoque
440 812 487 835 ex
526 798 718 836 subsidiis
751 798 888 837 Gallos
934 800 1101 848 integrae
1146 800 1296 848 legioni
1327 801 1525 850 opposuit.

96 869 255 918 Quibus
271 869 379 908 haud
396 883 539 919 magno
559 871 774 908 certamine
799 871 909 917 fusis,
939 871 1089 909 hastati
1121 871 1290 920 legionis
1306 872 1523 910 undecimae
1543 873 1594 911 10

98 941 340 991 conglobant
364 954 449 979 sese
466 945 585 991 atque
603 942 836 992 elephantos
854 943 931 980 iam
957 944 1073 980 etiam
1090 942 1270 993 peditum
1293 944 1418 982 aciem
1442 948 1524 982 tur-

95 1014 235 1051 bantes
253 1013 466 1060 invadunt,
494 1015 533 1051 in
552 1027 650 1064 quos
667 1027 789 1064 quum
805 1015 890 1064 pila
907 1016 1106 1053 confertos
1124 1015 1395 1062 coniecissent,
1412 1016 1523 1054 nullo
1544 1015 1590 1052 11

93 1087 216 1125 ferme
247 1085 397 1123 frustra
427 1086 581 1134 emisso,
613 1099 748 1124 omnes
777 1089 887 1124 retro
934 1087 974 1124 in
1016 1087 1141 1124 aciem
1179 1100 1340 1124 suorum
1371 1090 1521 1126 averte-

93 1162 207 1205 runt3
239 1160 427 1208 quattuor
457 1159 613 1206 gravati
644 1158 878 1195 vulneribus
911 1162 1157 1196 corruerunt.
1216 1159 1318 1196 Tum
1349 1159 1522 1208 primum
1544 1158 1597 1195 12

93 1232 288 1268 commota
318 1229 494 1267 hostium
527 1230 646 1276 acies,
679 1229 797 1267 simul
829 1230 1011 1267 omnibus
1043 1228 1258 1279 equitibus,
1289 1233 1334 1267 ut
1364 1243 1522 1269 aversos

90 1301 228 1340 videre
259 1301 517 1351 elephantos,
551 1301 600 1338 ad
631 1301 855 1350 augendum
887 1314 1075 1351 pavorem
1107 1314 1150 1339 ac
1181 1302 1397 1339 tumultum
1429 1302 1521 1340 effu-

91 1373 156 1412 sis.
235 1372 317 1411 Sed
365 1373 488 1411 donec
533 1373 648 1411 stetit
692 1377 784 1411 ante
829 1374 944 1422 signa
976 1373 1116 1422 Mago,
1161 1373 1330 1422 gradum
1376 1374 1523 1411 sensim

90 1446 307 1484 referentes
352 1444 512 1483 ordines
559 1448 599 1482 et
628 1448 806 1483 tenorem
851 1458 996 1494 pugnae
1036 1444 1267 1491 servabant3
1312 1448 1522 1495 postquam
1543 1444 1593 1482 13

90 1517 236 1555 femine
265 1515 458 1555 transfixo
490 1516 697 1554 cadentem
721 1517 952 1566 auferrique
977 1530 1025 1554 ex
1050 1517 1193 1566 proelio
1225 1530 1350 1567 prope
1383 1530 1522 1556 exsan-

90 1601 209 1639 guem
240 1588 393 1635 videre,
424 1588 621 1638 extemplo
654 1588 696 1625 in
726 1589 861 1637 fugam
900 1601 1035 1627 omnes
1065 1588 1185 1627 versi.
1244 1587 1316 1626 Ad
1346 1589 1522 1638 quinque

90 1660 219 1699 millia
249 1660 424 1698 hostium
457 1672 503 1697 eo
535 1659 599 1697 die
634 1673 735 1698 caesa
765 1663 804 1698 et
835 1660 951 1710 signa
979 1660 1171 1698 militaria
1195 1660 1273 1698 duo
1306 1663 1345 1697 et
1374 1660 1521 1709 viginti

90 1736 216 1783 capta.
275 1731 359 1770 Neo
389 1731 584 1770 Romanis
616 1732 826 1770 incruenta
858 1732 1027 1770 victoria
1057 1731 1154 1778 fuit;
1199 1731 1278 1769 duo
1323 1731 1451 1769 millia
1482 1734 1521 1770 et
1540 1730 1589 1768 14

90 1803 261 1842 trecenti
292 1803 340 1842 de
371 1804 549 1842 exercitu
581 1804 774 1854 praetoris,
806 1816 900 1853 pars
931 1803 1058 1841 multo
1085 1803 1259 1841 maxima
1289 1816 1337 1841 ex
1362 1803 1520 1852 legione

95 1875 341 1925 duodecima,
373 1875 527 1922 amissi3
558 1875 650 1913 inde
677 1878 717 1913 et
741 1875 896 1912 tribuni
919 1875 1090 1912 militum
1108 1874 1198 1921 duo,
1228 1873 1284 1912 M.
1303 1874 1521 1912 Cosconius

90 1950 130 1985 et
159 1946 214 1985 M.
231 1946 422 1995 Maevius3
451 1947 582 1984 tertiae
615 1947 780 1985 decimae
804 1959 965 1997 quoque
991 1946 1174 1995 legionis,
1207 1959 1295 1995 quae
1322 1949 1520 1996 postremo
1541 1943 1590 1982 15

88 2019 234 2070 proelio
265 2019 450 2066 affuerat,
483 2018 525 2057 C.
556 2018 732 2057 Helvius
776 2018 962 2056 tribunus
995 2017 1168 2055 militum
1200 2017 1240 2054 in
1270 2016 1521 2055 restituenda

89 2103 225 2141 pugna
244 2090 410 2138 ceoidit;
442 2094 483 2129 et
505 2090 584 2128 duo
614 2094 654 2128 et
675 2090 821 2140 viginti
847 2091 969 2128 ferme
987 2089 1142 2139 equites
1165 2088 1357 2136 illustres,
1381 2088 1519 2126 obtriti

93 2162 144 2200 ab
176 2162 414 2213 elephantis,
444 2175 532 2200 cum
564 2161 866 2200 centurionibus
897 2162 1053 2212 aliquot
1076 2161 1293 2212 perierunt.
1352 2159 1406 2196 Et
1436 2159 1520 2196 lon·

89 2233 180 2284 gius
225 2238 425 2272 certamen
454 2234 619 2284 fuisset,
666 2234 707 2271 ni
751 2234 915 2272 vulnere
964 2233 1077 2271 ducis
1122 2244 1306 2271 concessa
1348 2230 1519 2269 victoria

85 2307 200 2343 esset.

200 2376 323 2426 Mago
356 2377 554 2427 proximae
599 2376 760 2415 silentio
804 2376 932 2415 noctis
967 2376 1180 2426 profectus,
1210 2377 1402 2425 quantum
1432 2373 1516 2424 pati
1583 2369 1633 2418 19

85 2447 161 2486 viae
177 2461 250 2498 per
268 2449 414 2487 vulnus
429 2451 602 2499 poterat,
632 2448 847 2487 itineribus
866 2447 1050 2493 extentis,
1082 2446 1133 2485 ad
1156 2459 1265 2483 mare
1290 2445 1331 2482 in
1346 2444 1516 2493 Ligures

85 2517 288 2568 Ingaunos
321 2520 517 2570 pervenit.
578 2519 645 2557 Ibi
677 2533 765 2558 eum
810 2518 935 2568 legati
981 2518 1030 2556 ab
1070 2516 1337 2566 Carthagine,
1381 2515 1520 2565 paucis
1538 2516 1561 2552 2

88 2592 181 2627 ante
212 2589 353 2628 diebus
399 2591 440 2629 in
478 2591 610 2630 sinum
643 2590 843 2629 Gallicum
875 2589 1058 2641 appulsis
1103 2588 1291 2636 navibus,
1321 2586 1516 2634 adierunt,

88 2659 270 2699 iubentes
300 2662 430 2712 primo
461 2675 619 2712 quoque
651 2665 830 2711 tempore
863 2662 904 2698 in
937 2660 1122 2698 Africam
1156 2658 1367 2707 traiicere3
1409 2657 1452 2695 id
1481 2657 1562 2696 et3
1618 2664 1661 2710 λς

1176 2728 1238 2762 16*
