1768 2943
509 77 615 108 Liber
641 77 751 108 xxn.
804 77 858 118 (A.
887 77 948 108 Ch.
977 75 1071 119 216.)
1447 78 1503 120 95

85 211 201 246 urbes
219 208 434 257 accipiunt,
459 208 567 243 nulla
591 207 760 251 moenia;
794 207 890 243 nihil
916 219 1083 255 usquam
1104 208 1162 244 sui
1181 209 1302 253 videt,
1328 209 1369 245 in
1396 209 1502 245 diem

82 285 199 329 rapto
232 279 343 323 vivit;
384 283 540 326 partem
573 278 634 314 vix
665 277 823 314 tertiam
857 278 1053 314 exercitus
1086 279 1171 315 eius
1205 279 1340 324 habet,
1384 292 1502 328 quem
1521 278 1574 319 14

84 350 276 387 Hiberum
309 361 472 385 amnem
504 349 678 391 traiecit;
713 348 846 396 plures
870 348 977 384 fame
1001 361 1121 396 quam
1147 349 1252 385 ferro
1280 351 1500 399 absumpti;

82 432 157 458 nec
190 420 250 456 his
282 419 422 468 paucis
454 419 533 455 iam
566 419 692 455 vietus
725 418 973 467 suppeditat.
1037 419 1209 456 Dubitas
1253 432 1365 468 ergo,
1407 421 1501 468 quin
1522 418 1574 460 15

83 491 270 528 sedendo
296 490 519 539 superaturi
544 490 666 526 simus
692 502 797 535 eum,
817 490 883 538 qui
902 495 1091 527 senescat
1108 490 1148 526 in
1166 491 1267 535 dies,
1291 502 1375 527 non
1395 503 1503 527 corn-

82 567 250 605 meatus,
275 572 360 597 non
387 560 724 609 supplementum,
751 572 835 597 non
854 561 1069 609 pecuniam
1089 559 1263 597 habeat?
1297 561 1502 606 Quamdiu
1522 559 1572 601 16

82 645 154 682 pro
173 631 382 675 Gereonii,
408 631 559 668 castelli
577 631 731 679 Apuliae
756 631 903 680 inopis,
928 637 1122 680 tanquam
1147 644 1220 680 pro
1247 631 1503 680 Carthaginis

81 703 282 739 moenibus
315 699 459 738 sedet?
506 701 568 737 Ne
601 702 795 738 adversus
828 707 867 738 te
901 702 1065 750 quidem
1100 703 1152 738 de
1184 714 1249 739 me
1281 703 1498 751 gloriabor.
1522 700 1567 740 17

81 773 265 809 Servilius
297 776 420 820 atque
453 772 608 815 Atilius,
648 773 817 821 proximi
852 773 1053 816 consules,
1089 773 1194 817 vide,
1238 774 1503 821 quemadmo-

82 845 177 880 dum
210 855 301 880 eum
334 842 527 879 ludificati
560 843 652 879 sint.
706 843 804 881 Haec
838 857 918 880 una
951 843 1088 880 salutis
1114 849 1175 880 est
1198 843 1275 887 via,
1301 843 1346 880 L.
1365 844 1501 887 Paule,

81 927 201 963 quam
241 913 445 950 difficilem
487 913 757 962 infestamque
797 915 903 952 cives
936 915 1005 950 tibi
1038 915 1167 962 magis
1201 926 1322 962 quam
1365 915 1502 951 hostes

82 985 244 1022 facient.
298 985 414 1020 Idem
447 985 554 1021 enim
587 985 655 1028 tui,
690 986 802 1033 quod
835 986 1010 1022 hostium
1035 986 1178 1022 milites
1203 985 1359 1028 volent;
1393 985 1502 1021 idem
1522 983 1573 1024 18

83 1056 212 1093 Varro
251 1056 392 1092 consul
434 1056 659 1099 Romanus,
703 1056 814 1103 quod
848 1055 1055 1092 Hannibal
1096 1056 1246 1092 Poenus
1284 1056 1504 1104 imperator

81 1127 228 1176 cupiet.
290 1125 465 1162 Duobus
509 1127 680 1162 ducibus
723 1138 826 1163 unus
868 1127 1031 1163 resistas
1075 1132 1250 1175 oportet.
1324 1125 1502 1162 Resistes

81 1202 229 1242 autem,
262 1198 302 1233 si
333 1197 527 1233 adversus
556 1196 704 1232 famam
728 1209 990 1245 rumoresque
1015 1197 1222 1234 hominum
1249 1196 1345 1233 satis
1370 1196 1503 1232 firmus

82 1268 251 1313 steteris,
293 1268 324 1304 si
365 1273 404 1304 te
444 1280 577 1316 neque
619 1268 785 1316 collegae
824 1280 929 1304 vana
967 1268 1097 1316 gloria
1135 1280 1269 1316 neque
1302 1273 1369 1304 tua
1403 1266 1503 1303 falsa

81 1339 247 1376 infamia
293 1338 477 1375 moverit.
551 1338 773 1375 Veritatem
822 1340 1006 1375 laborare
1054 1339 1172 1375 nimis
1220 1351 1328 1387 saepe
1375 1337 1499 1381 aiunt,
1521 1336 1571 1376 19

81 1409 279 1459 exstingui
317 1421 539 1457 nunquam.
613 1409 760 1445 Vanam
799 1410 968 1458 gloriam
1012 1410 1079 1457 qui
1118 1409 1323 1458 spreverit,
1367 1421 1500 1445 veram
1517 1407 1573 1448 20

82 1481 257 1517 habebit.
306 1481 416 1524 Sine,
449 1480 633 1516 timidum
666 1492 740 1529 pro
774 1486 908 1524 cauto,
943 1481 1101 1516 tardum
1127 1492 1200 1529 pro
1225 1480 1500 1522 considerato,

80 1552 278 1588 imbellem
312 1563 386 1600 pro
422 1551 552 1600 perito
587 1551 680 1587 belli
713 1556 872 1588 vocent.
936 1550 1062 1595 Malo,
1107 1557 1145 1587 te
1179 1551 1342 1600 sapiens
1375 1550 1501 1586 hostis

80 1628 245 1666 metuat,
280 1634 400 1670 quam
427 1622 533 1658 stulti
561 1622 666 1659 cives
684 1622 864 1659 laudent.
917 1621 1066 1658 Omnia
1083 1622 1303 1658 audentem
1323 1626 1502 1658 contem-

80 1698 149 1730 net
182 1692 401 1736 Hannibal,
435 1693 532 1728 nihil
565 1698 715 1729 temere
748 1697 938 1740 agentem
972 1697 1139 1728 metuet.
1203 1691 1288 1728 Nec
1328 1703 1420 1740 ego,
1461 1689 1569 1729 ut21

80 1764 175 1800 nihil
209 1769 363 1812 agatur,
404 1765 561 1808 suadeo,
603 1764 677 1800 sed
716 1768 758 1799 ut
799 1768 988 1811 agentem
1023 1768 1062 1799 te
1099 1763 1201 1799 ratio
1242 1763 1378 1806 ducat,
1418 1773 1501 1798 non

81 1834 261 1879 fortuna;
295 1839 372 1870 tuae
404 1834 618 1882 potestatis
651 1846 810 1882 semper
832 1839 873 1870 tu
896 1838 1045 1881 tuaque
1074 1833 1212 1870 omnia
1245 1833 1340 1877 sint;
1375 1844 1503 1868 arma-

80 1910 143 1942 tus
174 1904 433 1952 intentusque
467 1905 538 1948 sis;
572 1917 706 1953 neque
740 1904 948 1941 occasioni
982 1910 1059 1940 tuae
1093 1904 1202 1940 desis
1226 1915 1361 1951 neque
1389 1914 1501 1939 suam

82 1976 341 2012 occasionem
374 1975 480 2012 hosti
504 1976 591 2012 des.
641 1974 790 2012 Omnia
814 1987 899 2011 non
923 1975 1157 2024 properanti
1182 1975 1289 2012 clara
1313 1979 1502 2021 certaque
1519 1972 1573 2012 22

81 2051 217 2090 erunt;
252 2045 459 2082 festinatio
491 2046 720 2094 improvida
753 2051 814 2082 est
845 2051 885 2081 et
918 2057 1065 2082 caeca.»

200 2117 402 2152 Adversus
435 2128 484 2152 ea
517 2117 647 2153 oratio
676 2117 853 2153 consulis
878 2116 988 2152 haud
1015 2127 1114 2152 sane
1137 2116 1227 2152 laeta
1253 2115 1337 2159 fuit,
1370 2115 1499 2163 magis
1562 2109 1627 2155 40

82 2185 245 2222 fatentis
278 2198 339 2231 ea,
374 2198 463 2235 quae
496 2186 662 2231 diceret,
696 2192 789 2223 vera
814 2199 935 2235 quam
964 2186 1097 2223 facilia
1122 2186 1229 2223 factu
1254 2198 1358 2222 esse.
1407 2185 1542 2224 Dic-2

81 2257 199 2293 tatori
231 2257 463 2306 magistrum
497 2257 674 2305 equitum
707 2257 1003 2294 intolerabilem
1037 2257 1180 2301 fuisse3
1215 2257 1313 2305 quid
1345 2256 1500 2293 consuli

82 2329 273 2366 adversus
313 2328 513 2376 collegam
555 2327 792 2364 seditiosum
833 2340 881 2365 ac
907 2328 1174 2365 -temerarium
1207 2327 1346 2364 virium
1379 2331 1499 2374 atque

82 2399 330 2436 auctoritatis
349 2397 462 2435 fore?
480 2399 531 2435 Se
549 2399 745 2447 populare
763 2399 998 2435 incendium
1016 2399 1149 2448 priore
1167 2399 1380 2436 consulatu
1399 2409 1500 2434 sem—
1517 2396 1542 2436 3

85 2475 212 2506 ustum
241 2469 450 2519 effugisse;
485 2475 640 2519 optare,
664 2475 706 2506 ut
728 2470 865 2506 omnia
890 2481 1084 2518 prospere
1110 2470 1318 2506 evenirent
1328 2480 1336 2512 ;
1372 2469 1445 2505 sed
1471 2468 1501 2504 si

83 2540 179 2588 quid
212 2541 370 2577 adversi
403 2540 581 2584 caderet,
615 2540 790 2576 hostium
823 2551 866 2576 se
895 2541 983 2577 telis
1008 2540 1143 2589 potius
1166 2552 1285 2587 quam
1305 2538 1502 2587 suffragiis

82 2611 272 2647 iratorum
306 2611 447 2648 civium
481 2615 602 2659 caput
634 2611 899 2647 obiecturum.
1122 2613 1124 2616 ’
