1789 2955
265 124 345 165 158
671 123 775 153 Liber
800 123 928 153 xxm.
975 121 1028 163 (A.
1057 133 1087 153 u.
1115 133 1143 153 c.
1171 122 1266 164 539.)

261 254 378 290 solita
411 254 598 290 custodia
630 254 736 290 urbis
768 254 866 289 vidit
888 266 965 291 nec
993 254 1187 290 committi
1211 254 1427 302 quicquam
1451 256 1671 293 temerariae

260 324 360 372 spei,
394 325 448 360 ad
481 324 616 360 Tifata
648 324 752 359 redit
782 323 933 360 infecta
964 336 1019 360 re.

192 393 245 433 10
377 394 534 440 Quibus
572 395 715 430 diebus
749 394 886 430 Cumae
923 395 1100 430 liberatae
1132 399 1225 429 sunt
1257 394 1486 439 obsidione,
1527 396 1671 432 iisdem

259 464 402 500 diebus
441 470 481 500 et
518 465 559 500 in
598 463 772 500 Lucanis
812 465 866 500 ad
899 463 1163 500 Grumentum
1196 463 1259 499 Ti.
1293 464 1567 512 Sempronius,
1608 467 1670 503 cui

257 533 404 582 Longo
432 546 664 582 cognomen
690 539 787 577 erat,
814 546 903 570 cum
921 534 1127 570 Hannone
1144 534 1273 570 Poeno
1291 546 1486 582 prospere
1502 541 1670 584 pugnat.

191 604 385 652 usupra
424 605 507 640 duo
546 604 668 640 millia
705 604 914 640 hominum
954 605 1116 647 occidit,
1156 609 1196 639 et
1227 604 1428 641 ducentos
1462 605 1671 654 octoginta

257 674 414 717 milites,
448 675 564 722 signa
596 675 779 710 militaria
812 676 866 710 ad
898 675 1167 722 quadraginta
1200 686 1322 710 unum
1348 676 1466 723 cepit.
1530 675 1670 712 Pulsus

191 744 242 784 12
256 744 400 780 finibus
424 743 601 781 Lucanis
625 744 777 781 Hanno
809 749 915 780 retro
947 744 989 780 in
1012 742 1188 781 Bruttios
1214 756 1303 781 sese
1327 745 1489 794 recepit.
1547 746 1599 781 Et
1622 759 1671 782 ex

256 813 435 862 Hirpinis
468 815 622 863 oppida
654 816 741 860 tria,
775 826 863 863 quae
896 827 920 849 a
950 814 1104 862 populo
1129 814 1317 851 Romano
1351 815 1600 859 defecerant,
1634 816 1670 850 vi

255 889 419 932 recepta
451 897 522 932 per
546 885 602 921 M.
629 885 832 921 Valerium
860 890 1087 933 praetorem,
1122 884 1376 929 Vercellium,
1411 885 1668 929 Vescellium,

189 954 240 994 13
256 954 473 998 Sicilinum,
518 960 558 990 et
596 960 782 991 auctores
823 955 1066 991 defectionis
1110 956 1238 992 securi
1280 956 1472 1004 percussi.
1542 956 1671 1004 Supra

255 1025 432 1072 quinque
464 1025 586 1061 millia
618 1026 865 1073 captivorum
899 1026 971 1061 sub
1005 1025 1120 1061 hasta
1152 1027 1381 1070 venierunt;
1422 1026 1559 1074 praeda
1592 1026 1670 1061 alia

254 1094 365 1130 militi
398 1107 608 1138 concessa,
643 1095 920 1143 exercitusque
954 1094 1165 1131 Luceriam
1196 1097 1400 1134 reductus.

129 1164 190 1207 38
371 1164 479 1200 Dum
503 1165 588 1201 haec
611 1165 652 1200 in
670 1165 845 1201 Lucanis
864 1172 984 1213 atque
1002 1166 1043 1201 in
1061 1165 1240 1214 Hirpinis
1257 1173 1461 1214 geruntur,
1492 1167 1670 1214 quinque

253 1247 391 1279 naves,
425 1247 514 1283 quae
539 1235 814 1271 Macedonum
849 1241 970 1284 atque
992 1237 1211 1272 Poenorum
1241 1242 1383 1285 captos
1407 1238 1564 1285 legatos
1587 1237 1668 1273 Ro-

254 1317 361 1341 mam
399 1306 631 1354 portabant,
672 1306 722 1341 ab
762 1317 909 1354 supero
949 1307 1047 1341 mari
1087 1307 1141 1341 ad
1180 1306 1350 1342 inferum
1392 1308 1669 1344 circumvectae

213 1376 238 1416 2
254 1387 381 1424 prope
411 1388 573 1412 omnem
598 1375 721 1412 Italiae
750 1387 875 1420 oram,
910 1388 1031 1423 quum
1056 1381 1198 1424 praeter
1223 1376 1372 1414 Cumas
1400 1378 1496 1413 velis
1521 1377 1670 1413 ferren-

257 1453 316 1481 tur
342 1458 488 1494 neque,
519 1446 693 1482 hostium
721 1458 773 1481 an
802 1447 1003 1483 sociorum
1032 1452 1180 1490 essent,
1212 1447 1308 1483 satis
1336 1448 1513 1491 sciretur,
1544 1447 1669 1484 Grac-

216 1516 354 1556 3chus
388 1517 549 1552 obviam
574 1529 622 1552 ex
647 1517 774 1553 classe
799 1528 871 1553 sua
893 1529 1018 1552 naves
1042 1517 1160 1552 misit.
1225 1517 1358 1562 Quum
1383 1518 1668 1565 percontando

256 1587 297 1622 in
321 1587 448 1622 vicem
474 1587 680 1635 cognitum
705 1593 825 1631 esset,
851 1587 1059 1623 consulem
1085 1586 1222 1622 Cumis
1246 1599 1349 1630 esse,
1376 1600 1500 1623 naves
1519 1586 1668 1623 Cumas

256 1657 435 1705 appulsae
475 1657 701 1705 captivique
741 1658 795 1693 ad
834 1657 1043 1692 consulem
1082 1657 1249 1693 deducti
1288 1663 1328 1692 et
1366 1657 1504 1694 litterae
1547 1658 1666 1694 datae.

214 1727 242 1766 4
257 1726 422 1771 Consul,
448 1727 586 1763 litteris
603 1727 774 1775 Philippi
799 1732 919 1774 atque
938 1726 1177 1763 Hannibalis
1202 1727 1400 1775 perlectis,
1427 1728 1670 1776 consignata

257 1797 392 1832 omnia
418 1798 472 1832 ad
496 1802 681 1833 senatum
706 1798 848 1833 itinere
873 1798 1046 1834 terrestri
1064 1797 1181 1841 misit,
1210 1797 1379 1834 navibus
1397 1798 1542 1834 devehi
1559 1798 1667 1846 lega-

215 1868 241 1905 ἴ)
256 1873 319 1902 tos
341 1867 467 1903 iussit.
517 1868 650 1913 Quum
675 1868 824 1904 eodem
850 1867 932 1903 fere
951 1868 1017 1903 die
1035 1868 1173 1903 litterae
1191 1868 1393 1915 legatique
1411 1869 1585 1904 Romam
1602 1880 1668 1903 ve-

256 1937 422 1980 nissent,
441 1942 493 1981 et,
512 1938 822 1985 percontatione
840 1938 960 1981 facta,
979 1938 1088 1974 dicta
1106 1949 1195 1974 cum
1213 1937 1368 1984 scriptis
1383 1943 1666 1986 congruerent,

256 2007 384 2054 primo
408 2008 540 2054 gravis
565 2019 659 2043 cura
681 2013 815 2056 patres
839 2008 1016 2051 incessit,
1046 2012 1272 2051 cernentes,
1304 2013 1456 2055 quanta
1478 2008 1540 2043 vix
1567 2008 1667 2044 tole-

215 2078 240 2116 (j
255 2077 434 2113 rantibus
452 2077 646 2113 Punicum
671 2077 816 2113 bellum
836 2077 1095 2114 Macedonici
1119 2077 1210 2113 belli
1236 2077 1363 2113 moles
1385 2078 1574 2121 instaret;
1604 2077 1667 2114 cui

256 2153 392 2182 tamen
416 2147 523 2182 adeo
548 2159 632 2183 non
657 2148 965 2190 succubuerunt,
992 2153 1035 2183 ut
1052 2148 1254 2195 extemplo
1272 2147 1502 2195 agitaretur,
1528 2159 1667 2195 quem·

256 2217 480 2252 admodum
512 2217 614 2253 ultro
646 2217 861 2254 inferendo
894 2218 1001 2253 bello
1029 2222 1255 2253 averterent
1278 2218 1329 2253 ab
1353 2216 1468 2253 Italia
1493 2217 1665 2253 hostem.

216 2284 434 2334 TCaptivis
475 2286 517 2322 in
558 2287 715 2323 vincula
756 2288 880 2323 condi
919 2288 1036 2324 iussis
1074 2287 1369 2334 comitibusque
1410 2298 1549 2322 eorum
1591 2287 1665 2322 sub

256 2356 372 2392 hasta
402 2356 588 2401 venditis,
622 2357 677 2392 ad
708 2369 832 2393 naves
857 2358 995 2405 viginti
1018 2358 1208 2405 quinque,
1242 2356 1384 2404 quibus
1409 2356 1452 2392 P.
1480 2355 1665 2392 Valerius

255 2425 422 2463 Flaccus
446 2426 659 2474 praefectus
683 2432 866 2475 praeerat,
892 2427 1030 2475 viginti
1054 2427 1223 2473 quinque
1246 2426 1377 2474 parari
1401 2425 1499 2461 alias
1525 2426 1665 2461 decer-

215 2495 240 2535 8
255 2501 367 2532 nunt.
416 2495 490 2532 His
514 2496 756 2544 comparatis
779 2496 1046 2544 deductisque
1064 2501 1104 2532 et
1120 2495 1270 2531 additis
1288 2495 1464 2542 quinque
1482 2494 1662 2538 navibus,

256 2577 344 2612 quae
385 2566 632 2601 advexerant
673 2565 854 2613 captivos
893 2565 1063 2613 legatos,
1106 2565 1267 2613 triginta
1308 2576 1432 2600 naves
1464 2564 1515 2600 ab
1548 2562 1664 2600 Ostia

215 2633 476 2673 9Tarentum
515 2634 721 2682 profectae,
760 2635 970 2682 iussusque
1009 2634 1052 2670 P.
1094 2633 1291 2678 Valerius,
1334 2633 1520 2670 militibus
1562 2633 1664 2668 Var-
