1789 2955
537 108 641 139 Liber
666 107 791 139 XXIV.
833 107 888 149 (A.
917 108 979 138 Ch.
1007 106 1102 150 214.)
1445 109 1528 150 209

116 247 199 278 tum
231 252 321 277 esse
353 240 488 275 dicere
521 240 572 275 ab
604 239 847 287 imperatore
880 251 968 284 suo,
1008 240 1221 287 clavesque
1252 246 1459 289 portarum
1491 247 1530 276 et

115 311 344 348 custodiam
361 310 463 346 arcis
480 310 532 345 ab
551 321 601 345 eo
619 310 842 358 accepisse,
862 322 951 357 quae
967 322 1044 346 nec
1062 321 1135 346 suo
1154 321 1230 346 nec
1247 310 1529 347 Hennensium

117 382 280 418 arbitrio
298 381 477 424 haberet,
497 381 571 416 sed
589 380 687 424 eius,
707 381 774 428 qui
792 380 1071 416 commisisset.
1115 381 1308 417 Praesidio
1328 381 1531 417 decedere
1546 378 1570 417 9

115 452 226 500 apud
248 452 459 487 Romanos
489 451 635 499 capital
663 462 766 495 esse,
793 456 833 486 et
856 462 958 486 nece
981 451 1196 487 liberorum
1221 451 1342 487 etiam
1368 462 1531 487 suorum

115 534 206 558 eam
237 522 400 557 noxiam
432 526 622 570 parentes
655 521 850 558 sanxisse.
914 519 1135 557 Consulem
1159 521 1394 558 Marcellum
1422 521 1532 556 haud

115 594 255 641 procul
280 604 388 637 esse;
417 592 473 627 ad
497 603 588 627 eum
613 591 816 627 mitterent
838 591 1008 639 legatos,
1036 593 1147 628 cuius
1173 593 1266 628 iuris
1289 596 1411 639 atque
1428 591 1532 626 arbi-

118 664 178 699 trii
195 676 259 699 res
276 669 396 700 esset.
444 663 496 698 Se
514 674 609 698 vero
627 674 778 710 negare
795 662 849 697 illi
869 663 1075 706 missuros,
1095 663 1327 710 testarique,
1353 663 1385 698 si
1403 662 1532 697 verbis
1552 658 1604 698 10

116 734 212 770 nihil
252 738 432 782 agerent,
474 733 694 770 vindictam
732 733 908 780 aliquam
939 733 1134 768 libertatis
1166 745 1247 769 suae
1280 733 1530 780 quaesituros.

115 803 221 840 Tum
253 804 452 840 Pinarius:
497 809 538 839 at
569 804 635 848 illi,
676 804 708 840 si
741 804 794 839 ad
829 803 1037 839 consulem
1069 809 1330 851 gravarentur
1361 803 1531 845 mittere,
1552 800 1599 838 11

115 874 189 910 sibi
215 874 356 910 saltem
379 875 526 910 darent
549 874 687 922 populi
712 873 939 917 concilium,
965 879 1007 909 ut
1030 874 1207 917 sciretur,
1235 880 1364 910 utrum
1382 885 1533 922 pauco—

115 956 202 980 rum
235 957 284 980 ea
306 945 562 981 denuntiatio
586 957 638 980 an
660 943 855 980 universae
877 943 1047 980 civitatis
1069 949 1190 980 esset.
1254 944 1470 980 Consensa
1492 943 1533 979 in

114 1020 321 1063 posterum
353 1015 463 1051 diem
495 1015 647 1051 contio.

231 1085 454 1133 Postquam
486 1086 537 1121 ab
571 1097 621 1121 eo
656 1085 860 1132 colloquio
892 1086 935 1121 in
967 1098 1101 1122 arcem
1125 1097 1216 1122 sese
1237 1086 1403 1134 recepit,
1437 1097 1534 1122 con·
1598 1078 1659 1123 38

116 1156 270 1192 vocatis
287 1156 381 1200 suis,
405 1154 568 1192 «Credo
587 1168 665 1204 ego
679 1167 751 1192 vos
765 1156 942 1199 audisse,
961 1156 1130 1192 milites»
1147 1157 1289 1204 inquit,
1314 1157 1534 1204 «quemad-

117 1227 285 1263 modum
311 1226 499 1275 praesidia
517 1227 704 1262 Romana
735 1228 785 1262 ab
811 1227 951 1263 Siculis
980 1227 1252 1263 circumventa
1275 1232 1315 1262 et
1338 1238 1534 1274 oppressa

117 1297 197 1334 sint
218 1309 290 1345 per
312 1297 388 1333 hos
412 1297 514 1334 dies.
563 1296 666 1332 Eam
682 1309 755 1333 vos
774 1297 958 1333 fraudem
978 1298 1101 1333 deum
1118 1298 1249 1345 primo
1269 1297 1533 1345 benignitate,
1550 1294 1575 1333 2

116 1368 212 1404 dein
239 1373 371 1404 vestra
396 1367 472 1415 ipsi
500 1367 655 1412 virtute,
683 1368 771 1404 dies
795 1373 1021 1415 noctesque
1044 1369 1268 1416 perstando
1294 1379 1342 1404 ac
1365 1367 1535 1416 pervigi-

115 1438 241 1475 lando
258 1438 300 1474 in
317 1438 450 1482 armis,
468 1426 641 1474 vitastis.»
679 1437 846 1474 Utinam
863 1438 1059 1486 reliquum
1076 1443 1235 1487 tempus
1248 1449 1324 1474 nec
1337 1438 1534 1486 patiendo

114 1508 285 1545 infanda
316 1520 393 1545 nec
415 1507 607 1544 faciendo
630 1509 786 1545 traduci
809 1514 961 1557 posset.
1025 1508 1124 1545 Haec
1147 1509 1307 1545 occulta
1328 1509 1369 1544 in
1392 1508 1535 1544 fraude
1551 1506 1576 1545 3

116 1580 250 1616 cautio
283 1585 357 1623 est,
390 1590 471 1627 qua
503 1579 562 1615 usi
584 1579 719 1615 adhuc
742 1590 897 1622 sumus;
932 1579 994 1614 cui
1017 1580 1212 1626 quoniam
1234 1591 1375 1627 parum
1397 1590 1536 1615 succe-

116 1650 188 1694 dit,
227 1655 366 1698 aperte
403 1661 452 1685 ac
491 1649 703 1697 propalam
742 1649 874 1685 claves
913 1655 1120 1696 portarum
1152 1655 1391 1698 reposcunt;
1436 1662 1536 1697 quas

116 1720 232 1757 simul
264 1720 561 1762 tradiderimus,
602 1718 998 1767 Carthaginiensium
1031 1721 1233 1768 extemplo
1266 1719 1417 1756 Henna
1449 1721 1534 1764 erit,

117 1790 346 1838 foediusque
364 1791 426 1826 hic
443 1790 744 1833 trucidabimur,
765 1801 886 1837 quam
903 1789 1144 1837 Murgantiae
1163 1791 1395 1838 praesidium
1413 1790 1534 1826 inter-

116 1860 265 1897 fectum
297 1866 371 1898 est.
433 1859 607 1897 Noctem
639 1872 762 1896 unam
795 1872 900 1908 aegre
933 1861 988 1895 ad
1021 1861 1336 1896 consultandum
1370 1858 1578 1908 sumpsi‚4

116 1943 198 1980 qua
225 1943 298 1968 vos
326 1931 516 1968 certiores
544 1931 710 1979 periculi
737 1930 925 1967 instantis
954 1930 1143 1968 facerem.
1203 1930 1303 1967 Orta
1326 1931 1413 1967 luce
1439 1942 1536 1967 con-

116 2002 271 2038 tionem
299 2002 470 2038 habituri
495 2007 588 2038 sunt
611 2003 666 2038 ad
691 2001 987 2037 criminandum
1010 2014 1075 2037 me
1100 2002 1471 2049 concitandumque
1496 2001 1536 2037 in

116 2084 189 2108 vos
213 2072 422 2122 populum.
470 2071 613 2120 Itaque
637 2072 813 2109 crastino
838 2072 905 2107 die
929 2077 999 2107 aut
1015 2078 1148 2108 vestro
1167 2077 1237 2108 aut
1253 2071 1536 2108 Hennensium
1552 2069 1578 2109 5

117 2143 315 2191 sanguine
337 2142 487 2178 Henna
519 2142 792 2179 inundabitur.
856 2141 941 2178 Nec
974 2143 1246 2191 praeoccupati
1279 2154 1395 2190 spem
1417 2142 1536 2177 ullam

115 2224 192 2249 nec
217 2218 467 2261 occupantes
493 2214 658 2261 periculi
681 2213 897 2260 quicquam
924 2212 1146 2254 habebitis;
1173 2213 1240 2261 qui
1263 2213 1372 2261 prior
1396 2212 1536 2249 strinx-

117 2284 191 2320 erit
218 2283 377 2328 serrum,
407 2283 492 2320 eius
517 2284 683 2320 victoria
708 2283 793 2319 erit.
847 2283 996 2320 Intenti
1020 2296 1118 2332 ergo
1144 2295 1287 2320 omnes
1311 2283 1536 2329 armatique
1552 2282 1576 2320 6

115 2354 275 2402 signum
300 2354 599 2402 exspectabitis.
648 2354 738 2402 Ego
766 2354 808 2390 in
834 2355 1028 2391 contione
1053 2366 1123 2390 ero
1142 2360 1182 2390 et
1199 2360 1371 2402 tempus,
1397 2354 1536 2400 quoad

119 2424 258 2460 omnia
282 2424 474 2460 instructa
499 2425 591 2469 sint,
617 2425 827 2472 loquendo
845 2425 1166 2472 altercandoque
1184 2425 1352 2460 traham.
1403 2424 1537 2468 Quum
1554 2422 1575 2461 7

111 2500 210 2543 toga
237 2494 395 2542 signum
429 2495 602 2539 dedero,
636 2501 719 2531 tum
747 2495 843 2531 mihi
866 2496 1047 2543 undique
1073 2495 1249 2531 clamore
1273 2494 1432 2530 sublato
1460 2499 1538 2529 tur-

115 2565 209 2601 bam
240 2565 419 2601 invadite
451 2577 498 2601 ac
532 2566 695 2602 sternite
728 2566 866 2602 omnia
899 2565 1025 2609 ferro;
1060 2571 1101 2601 et
1133 2570 1285 2607 cavete,
1319 2563 1534 2611 quisquam

115 2636 300 2683 supersit,
335 2635 445 2672 cuius
478 2642 547 2671 aut
577 2637 634 2671 vis
667 2641 736 2671 aut
768 2636 875 2672 fraus
909 2636 1037 2671 timeri
1070 2635 1211 2683 possit.
1275 2633 1375 2677 Vos,
1414 2632 1579 2671 Ceres&

188 2700 286 2727 Livius
307 2709 342 2727 ex
363 2709 421 2727 rec.
441 2701 592 2734 Madvigii.
631 2701 679 2727 111.
1204 2701 1245 2734 14
