<?xml version="1.0" encoding="UTF-8"?>
<!DOCTYPE html PUBLIC "-//W3C//DTD XHTML 1.0 Transitional//EN"
    "http://www.w3.org/TR/xhtml1/DTD/xhtml1-transitional.dtd">
<html xmlns="http://www.w3.org/1999/xhtml" xml:lang="en" lang="en">
 <head>
  <title>
</title>
<meta http-equiv="Content-Type" content="text/html;charset=utf-8" />
  <meta name='ocr-system' content='tesseract 3.04.00' />
  <meta name='ocr-capabilities' content='ocr_page ocr_carea ocr_par ocr_line ocrx_word'/>
</head>
<body>
  <div class='ocr_page' id='page_1' title='image "./historiarumroman02livyuoft_0076.png"; bbox 0 0 1768 2943; ppageno 0'>
   <div class='ocr_carea' id='block_1_1' title="bbox 249 107 1234 152">
    <p class='ocr_par' dir='ltr' id='par_1_1' title="bbox 249 107 1234 152">
     <span class='ocr_line' id='line_1_1' title="bbox 249 107 1234 152; baseline 0.008 -20"><span class='ocrx_word' id='word_1_1' title='bbox 249 108 303 148; x_wconf 79' lang='grc'>36</span> <span class='ocrx_word' id='word_1_2' title='bbox 671 107 775 138; x_wconf 70' lang='lat' dir='ltr'>Liber</span> <span class='ocrx_word' id='word_1_3' title='bbox 801 108 892 138; x_wconf 90' lang='lat' dir='ltr'>XXI.</span> <span class='ocrx_word' id='word_1_4' title='bbox 943 107 998 151; x_wconf 82' lang='lat' dir='ltr'>(A.</span> <span class='ocrx_word' id='word_1_5' title='bbox 1027 119 1058 139; x_wconf 94' lang='lat' dir='ltr'>u.</span> <span class='ocrx_word' id='word_1_6' title='bbox 1084 119 1113 140; x_wconf 86' lang='lat' dir='ltr'>e.</span> <span class='ocrx_word' id='word_1_7' title='bbox 1140 108 1234 152; x_wconf 82' lang='grc'>536.)</span> 
     </span>
    </p>
   </div>
   <div class='ocr_carea' id='block_1_2' title="bbox 122 237 1675 2676">
    <p class='ocr_par' dir='ltr' id='par_1_2' title="bbox 122 237 1675 2676">
     <span class='ocr_line' id='line_1_2' title="bbox 249 237 1663 290; baseline 0.004 -17"><span class='ocrx_word' id='word_1_8' title='bbox 249 237 378 274; x_wconf 91' lang='lat' dir='ltr'>verbis</span> <span class='ocrx_word' id='word_1_9' title='bbox 403 237 686 274; x_wconf 88' lang='lat' dir='ltr'>adhortandos</span> <span class='ocrx_word' id='word_1_10' title='bbox 710 239 853 275; x_wconf 89' lang='lat' dir='ltr'>milites</span> <span class='ocrx_word' id='word_1_11' title='bbox 876 245 999 284; x_wconf 87' lang='lat' dir='ltr'>ratus,</span> <span class='ocrx_word' id='word_1_12' title='bbox 1033 240 1283 278; x_wconf 88' lang='lat' dir='ltr'>circumdato</span> <span class='ocrx_word' id='word_1_13' title='bbox 1309 242 1362 277; x_wconf 92' lang='lat' dir='ltr'>ad</span> <span class='ocrx_word' id='word_1_14' title='bbox 1391 243 1663 290; x_wconf 76' lang='lat' dir='ltr'>spectaculum</span> 
     </span>
     <span class='ocr_line' id='line_1_3' title="bbox 249 307 1664 360; baseline 0.004 -16"><span class='ocrx_word' id='word_1_15' title='bbox 249 307 437 352; x_wconf 81' lang='lat' dir='ltr'>exercitu,</span> <span class='ocrx_word' id='word_1_16' title='bbox 467 308 648 356; x_wconf 88' lang='lat' dir='ltr'>captivos</span> <span class='ocrx_word' id='word_1_17' title='bbox 665 314 885 345; x_wconf 89' lang='lat' dir='ltr'>montanos</span> <span class='ocrx_word' id='word_1_18' title='bbox 903 309 1059 347; x_wconf 88' lang='lat' dir='ltr'>vinctos</span> <span class='ocrx_word' id='word_1_19' title='bbox 1077 310 1117 347; x_wconf 91' lang='lat' dir='ltr'>in</span> <span class='ocrx_word' id='word_1_20' title='bbox 1134 311 1272 347; x_wconf 90' lang='lat' dir='ltr'>medio</span> <span class='ocrx_word' id='word_1_21' title='bbox 1291 312 1439 356; x_wconf 87' lang='lat' dir='ltr'>statuit,</span> <span class='ocrx_word' id='word_1_22' title='bbox 1465 312 1664 360; x_wconf 85' lang='lat' dir='ltr'>armisque</span> 
     </span>
     <span class='ocr_line' id='line_1_4' title="bbox 249 377 1665 430; baseline 0.004 -17"><span class='ocrx_word' id='word_1_23' title='bbox 249 377 413 415; x_wconf 85' lang='lat' dir='ltr'>Gallicis</span> <span class='ocrx_word' id='word_1_24' title='bbox 446 383 540 415; x_wconf 91' lang='lat' dir='ltr'>ante</span> <span class='ocrx_word' id='word_1_25' title='bbox 572 378 700 426; x_wconf 90' lang='lat' dir='ltr'>pedes</span> <span class='ocrx_word' id='word_1_26' title='bbox 733 390 872 414; x_wconf 85' lang='lat' dir='ltr'>eorum</span> <span class='ocrx_word' id='word_1_27' title='bbox 898 379 1099 427; x_wconf 89' lang='lat' dir='ltr'>proiectis,</span> <span class='ocrx_word' id='word_1_28' title='bbox 1134 381 1382 430; x_wconf 87' lang='lat' dir='ltr'>interrogare</span> <span class='ocrx_word' id='word_1_29' title='bbox 1406 381 1665 430; x_wconf 82' lang='lat' dir='ltr'>interpretem</span> 
     </span>
     <span class='ocr_line' id='line_1_5' title="bbox 248 447 1667 499; baseline 0.004 -16"><span class='ocrx_word' id='word_1_30' title='bbox 248 448 373 492; x_wconf 86' lang='lat' dir='ltr'>iussit,</span> <span class='ocrx_word' id='word_1_31' title='bbox 407 448 557 497; x_wconf 90' lang='lat' dir='ltr'>ecquis,</span> <span class='ocrx_word' id='word_1_32' title='bbox 592 448 623 484; x_wconf 90' lang='lat' dir='ltr'>si</span> <span class='ocrx_word' id='word_1_33' title='bbox 656 447 821 484; x_wconf 87' lang='lat' dir='ltr'>vinculis</span> <span class='ocrx_word' id='word_1_34' title='bbox 854 449 1050 486; x_wconf 87' lang='lat' dir='ltr'>levaretur</span> <span class='ocrx_word' id='word_1_35' title='bbox 1082 463 1274 499; x_wconf 89' lang='lat' dir='ltr'>armaque</span> <span class='ocrx_word' id='word_1_36' title='bbox 1308 457 1347 487; x_wconf 90' lang='lat' dir='ltr'>et</span> <span class='ocrx_word' id='word_1_37' title='bbox 1370 461 1517 499; x_wconf 86' lang='lat' dir='ltr'>equum</span> <span class='ocrx_word' id='word_1_38' title='bbox 1541 451 1667 488; x_wconf 90' lang='lat' dir='ltr'>victor</span> 
     </span>
     <span class='ocr_line' id='line_1_6' title="bbox 208 517 1667 568; baseline 0.001 -12"><span class='ocrx_word' id='word_1_39' title='bbox 208 518 233 557; x_wconf 72' lang='lat'><strong>2</strong></span> <span class='ocrx_word' id='word_1_40' title='bbox 249 518 462 568; x_wconf 88' lang='lat' dir='ltr'>acciperet,</span> <span class='ocrx_word' id='word_1_41' title='bbox 493 520 702 554; x_wconf 88' lang='lat' dir='ltr'>decertare</span> <span class='ocrx_word' id='word_1_42' title='bbox 727 517 833 554; x_wconf 79' lang='lat' dir='ltr'>ferro</span> <span class='ocrx_word' id='word_1_43' title='bbox 858 519 988 556; x_wconf 88' lang='lat' dir='ltr'>vellet.</span> <span class='ocrx_word' id='word_1_44' title='bbox 1038 520 1172 566; x_wconf 86' lang='lat' dir='ltr'>Quum</span> <span class='ocrx_word' id='word_1_45' title='bbox 1197 522 1250 557; x_wconf 90' lang='lat' dir='ltr'>ad</span> <span class='ocrx_word' id='word_1_46' title='bbox 1276 533 1397 557; x_wconf 88' lang='lat' dir='ltr'>unum</span> <span class='ocrx_word' id='word_1_47' title='bbox 1424 534 1566 559; x_wconf 88' lang='lat' dir='ltr'>omnes</span> <span class='ocrx_word' id='word_1_48' title='bbox 1591 522 1667 558; x_wconf 83' lang='lat' dir='ltr'>fer·</span> 
     </span>
     <span class='ocr_line' id='line_1_7' title="bbox 248 591 1666 639; baseline 0.002 -15"><span class='ocrx_word' id='word_1_49' title='bbox 248 601 333 625; x_wconf 88' lang='lat' dir='ltr'>rum</span> <span class='ocrx_word' id='word_1_50' title='bbox 362 601 620 637; x_wconf 84' lang='lat' dir='ltr'>pugnamque</span> <span class='ocrx_word' id='word_1_51' title='bbox 644 594 862 636; x_wconf 86' lang='lat' dir='ltr'>poscerent</span> <span class='ocrx_word' id='word_1_52' title='bbox 885 596 925 626; x_wconf 90' lang='lat' dir='ltr'>et</span> <span class='ocrx_word' id='word_1_53' title='bbox 949 591 1109 627; x_wconf 89' lang='lat' dir='ltr'>deiecta</span> <span class='ocrx_word' id='word_1_54' title='bbox 1126 591 1167 626; x_wconf 87' lang='lat' dir='ltr'>in</span> <span class='ocrx_word' id='word_1_55' title='bbox 1185 591 1227 626; x_wconf 91' lang='lat' dir='ltr'>id</span> <span class='ocrx_word' id='word_1_56' title='bbox 1246 603 1333 628; x_wconf 93' lang='lat' dir='ltr'>sors</span> <span class='ocrx_word' id='word_1_57' title='bbox 1351 596 1471 635; x_wconf 88' lang='lat' dir='ltr'>esset,</span> <span class='ocrx_word' id='word_1_58' title='bbox 1500 603 1543 627; x_wconf 93' lang='lat' dir='ltr'>se</span> <span class='ocrx_word' id='word_1_59' title='bbox 1561 592 1666 639; x_wconf 86' lang='lat' dir='ltr'>quis-</span> 
     </span>
     <span class='ocr_line' id='line_1_8' title="bbox 207 658 1669 710; baseline 0.001 -15"><span class='ocrx_word' id='word_1_60' title='bbox 207 658 232 695; x_wconf 77' lang='lat'>;‘&#39;›</span> <span class='ocrx_word' id='word_1_61' title='bbox 248 671 325 707; x_wconf 88' lang='lat' dir='ltr'>que</span> <span class='ocrx_word' id='word_1_62' title='bbox 351 671 442 695; x_wconf 90' lang='lat' dir='ltr'>eum</span> <span class='ocrx_word' id='word_1_63' title='bbox 468 659 649 707; x_wconf 86' lang='lat' dir='ltr'>optabat,</span> <span class='ocrx_word' id='word_1_64' title='bbox 679 671 798 707; x_wconf 87' lang='lat' dir='ltr'>quem</span> <span class='ocrx_word' id='word_1_65' title='bbox 824 659 984 696; x_wconf 81' lang='lat' dir='ltr'>fortuna</span> <span class='ocrx_word' id='word_1_66' title='bbox 1006 661 1047 697; x_wconf 88' lang='lat' dir='ltr'>in</span> <span class='ocrx_word' id='word_1_67' title='bbox 1064 661 1107 697; x_wconf 93' lang='lat' dir='ltr'>id</span> <span class='ocrx_word' id='word_1_68' title='bbox 1126 666 1330 698; x_wconf 88' lang='lat' dir='ltr'>certamen</span> <span class='ocrx_word' id='word_1_69' title='bbox 1347 661 1513 710; x_wconf 85' lang='lat' dir='ltr'>legeret,</span> <span class='ocrx_word' id='word_1_70' title='bbox 1542 666 1595 705; x_wconf 89' lang='lat' dir='ltr'>et,</span> <span class='ocrx_word' id='word_1_71' title='bbox 1625 666 1669 697; x_wconf 84' lang='lat' dir='ltr'>ut</span> 
     </span>
     <span class='ocr_line' id='line_1_9' title="bbox 249 729 1667 780; baseline 0.001 -14"><span class='ocrx_word' id='word_1_72' title='bbox 249 729 440 777; x_wconf 89' lang='lat' dir='ltr'>cuiusque</span> <span class='ocrx_word' id='word_1_73' title='bbox 466 741 553 765; x_wconf 89' lang='lat' dir='ltr'>sors</span> <span class='ocrx_word' id='word_1_74' title='bbox 577 729 794 772; x_wconf 82' lang='lat' dir='ltr'>exciderat,</span> <span class='ocrx_word' id='word_1_75' title='bbox 829 731 974 775; x_wconf 84' lang='lat' dir='ltr'>alacer,</span> <span class='ocrx_word' id='word_1_76' title='bbox 1008 731 1111 767; x_wconf 88' lang='lat' dir='ltr'>inter</span> <span class='ocrx_word' id='word_1_77' title='bbox 1134 732 1382 779; x_wconf 85' lang='lat' dir='ltr'>gratulantes</span> <span class='ocrx_word' id='word_1_78' title='bbox 1415 732 1567 780; x_wconf 84' lang='lat' dir='ltr'>gaudio</span> <span class='ocrx_word' id='word_1_79' title='bbox 1601 744 1667 768; x_wconf 82' lang='lat' dir='ltr'>ex-</span> 
     </span>
     <span class='ocr_line' id='line_1_10' title="bbox 206 799 1667 850; baseline 0.001 -13"><span class='ocrx_word' id='word_1_80' title='bbox 206 800 414 844; x_wconf 79' lang='lat' dir='ltr'>4sultans,</span> <span class='ocrx_word' id='word_1_81' title='bbox 443 812 533 836; x_wconf 92' lang='lat' dir='ltr'>cum</span> <span class='ocrx_word' id='word_1_82' title='bbox 564 799 623 836; x_wconf 92' lang='lat' dir='ltr'>sui</span> <span class='ocrx_word' id='word_1_83' title='bbox 651 799 773 836; x_wconf 90' lang='lat' dir='ltr'>moris</span> <span class='ocrx_word' id='word_1_84' title='bbox 801 800 984 848; x_wconf 84' lang='lat' dir='ltr'>tripudiis</span> <span class='ocrx_word' id='word_1_85' title='bbox 1014 813 1125 837; x_wconf 88' lang='lat' dir='ltr'>arma</span> <span class='ocrx_word' id='word_1_86' title='bbox 1148 801 1293 849; x_wconf 90' lang='lat' dir='ltr'>raptim</span> <span class='ocrx_word' id='word_1_87' title='bbox 1323 802 1523 850; x_wconf 86' lang='lat' dir='ltr'>capiebat.</span> <span class='ocrx_word' id='word_1_88' title='bbox 1587 802 1667 838; x_wconf 91' lang='lat' dir='ltr'>Ubi</span> 
     </span>
     <span class='ocr_line' id='line_1_11' title="bbox 248 869 1667 914; baseline 0.002 -8"><span class='ocrx_word' id='word_1_89' title='bbox 248 882 343 906; x_wconf 90' lang='lat' dir='ltr'>vero</span> <span class='ocrx_word' id='word_1_90' title='bbox 367 869 619 914; x_wconf 86' lang='lat' dir='ltr'>dimicarent,</span> <span class='ocrx_word' id='word_1_91' title='bbox 643 869 676 906; x_wconf 90' lang='lat' dir='ltr'>is</span> <span class='ocrx_word' id='word_1_92' title='bbox 695 869 855 907; x_wconf 81' lang='lat' dir='ltr'>habitus</span> <span class='ocrx_word' id='word_1_93' title='bbox 873 871 1097 907; x_wconf 89' lang='lat' dir='ltr'>animorum</span> <span class='ocrx_word' id='word_1_94' title='bbox 1116 884 1202 907; x_wconf 88' lang='lat' dir='ltr'>non</span> <span class='ocrx_word' id='word_1_95' title='bbox 1219 871 1322 907; x_wconf 87' lang='lat' dir='ltr'>inter</span> <span class='ocrx_word' id='word_1_96' title='bbox 1340 871 1521 908; x_wconf 86' lang='lat' dir='ltr'>eiusdem</span> <span class='ocrx_word' id='word_1_97' title='bbox 1539 873 1667 909; x_wconf 90' lang='lat' dir='ltr'>modo</span> 
     </span>
     <span class='ocr_line' id='line_1_12' title="bbox 250 940 1669 991; baseline 0.001 -14"><span class='ocrx_word' id='word_1_98' title='bbox 250 940 505 977; x_wconf 91' lang='lat' dir='ltr'>condicionis</span> <span class='ocrx_word' id='word_1_99' title='bbox 530 940 716 976; x_wconf 89' lang='lat' dir='ltr'>homines</span> <span class='ocrx_word' id='word_1_100' title='bbox 741 946 838 984; x_wconf 89' lang='lat' dir='ltr'>erat,</span> <span class='ocrx_word' id='word_1_101' title='bbox 865 941 940 976; x_wconf 91' lang='lat' dir='ltr'>sed</span> <span class='ocrx_word' id='word_1_102' title='bbox 958 941 1079 977; x_wconf 88' lang='lat' dir='ltr'>etiam</span> <span class='ocrx_word' id='word_1_103' title='bbox 1098 942 1201 977; x_wconf 88' lang='lat' dir='ltr'>inter</span> <span class='ocrx_word' id='word_1_104' title='bbox 1218 947 1450 990; x_wconf 87' lang='lat' dir='ltr'>spectantes</span> <span class='ocrx_word' id='word_1_105' title='bbox 1467 943 1601 991; x_wconf 87' lang='lat' dir='ltr'>vulgo,</span> <span class='ocrx_word' id='word_1_106' title='bbox 1627 949 1669 979; x_wconf 90' lang='lat' dir='ltr'>ut</span> 
     </span>
     <span class='ocr_line' id='line_1_13' title="bbox 249 1010 1669 1058; baseline 0 -10"><span class='ocrx_word' id='word_1_107' title='bbox 249 1023 333 1048; x_wconf 90' lang='lat' dir='ltr'>non</span> <span class='ocrx_word' id='word_1_108' title='bbox 372 1010 615 1047; x_wconf 91' lang='lat' dir='ltr'>vincentium</span> <span class='ocrx_word' id='word_1_109' title='bbox 648 1010 777 1058; x_wconf 87' lang='lat' dir='ltr'>magis</span> <span class='ocrx_word' id='word_1_110' title='bbox 811 1022 930 1058; x_wconf 88' lang='lat' dir='ltr'>quam</span> <span class='ocrx_word' id='word_1_111' title='bbox 963 1011 1069 1047; x_wconf 87' lang='lat' dir='ltr'>bene</span> <span class='ocrx_word' id='word_1_112' title='bbox 1102 1011 1358 1048; x_wconf 88' lang='lat' dir='ltr'>morientium</span> <span class='ocrx_word' id='word_1_113' title='bbox 1393 1011 1555 1048; x_wconf 85' lang='lat' dir='ltr'>fortuna</span> <span class='ocrx_word' id='word_1_114' title='bbox 1586 1013 1669 1048; x_wconf 85' lang='lat' dir='ltr'>lau-</span> 
     </span>
     <span class='ocr_line' id='line_1_14' title="bbox 122 1077 1669 1130; baseline 0.001 -13"><span class='ocrx_word' id='word_1_115' title='bbox 122 1077 187 1122; x_wconf 83' lang='lat'>43</span> <span class='ocrx_word' id='word_1_116' title='bbox 251 1082 425 1118; x_wconf 90' lang='lat' dir='ltr'>daretur.</span> <span class='ocrx_word' id='word_1_117' title='bbox 490 1081 623 1127; x_wconf 86' lang='lat' dir='ltr'>Quum</span> <span class='ocrx_word' id='word_1_118' title='bbox 657 1081 711 1117; x_wconf 87' lang='lat' dir='ltr'>sic</span> <span class='ocrx_word' id='word_1_119' title='bbox 746 1081 900 1128; x_wconf 85' lang='lat' dir='ltr'>aliquot</span> <span class='ocrx_word' id='word_1_120' title='bbox 932 1081 1123 1129; x_wconf 91' lang='lat' dir='ltr'>spectatis</span> <span class='ocrx_word' id='word_1_121' title='bbox 1154 1082 1318 1130; x_wconf 89' lang='lat' dir='ltr'>paribus</span> <span class='ocrx_word' id='word_1_122' title='bbox 1351 1082 1520 1119; x_wconf 90' lang='lat' dir='ltr'>affectos</span> <span class='ocrx_word' id='word_1_123' title='bbox 1554 1082 1669 1119; x_wconf 92' lang='lat' dir='ltr'>dimi-</span> 
     </span>
     <span class='ocr_line' id='line_1_15' title="bbox 249 1150 1666 1200; baseline 0.001 -12"><span class='ocrx_word' id='word_1_124' title='bbox 249 1152 378 1196; x_wconf 87' lang='lat' dir='ltr'>sisset,</span> <span class='ocrx_word' id='word_1_125' title='bbox 417 1150 610 1188; x_wconf 88' lang='lat' dir='ltr'>contione</span> <span class='ocrx_word' id='word_1_126' title='bbox 642 1150 740 1187; x_wconf 89' lang='lat' dir='ltr'>inde</span> <span class='ocrx_word' id='word_1_127' title='bbox 772 1152 974 1188; x_wconf 87' lang='lat' dir='ltr'>advocata</span> <span class='ocrx_word' id='word_1_128' title='bbox 1005 1152 1061 1188; x_wconf 88' lang='lat' dir='ltr'>ita</span> <span class='ocrx_word' id='word_1_129' title='bbox 1093 1152 1205 1200; x_wconf 88' lang='lat' dir='ltr'>apud</span> <span class='ocrx_word' id='word_1_130' title='bbox 1238 1164 1310 1189; x_wconf 88' lang='lat' dir='ltr'>eos</span> <span class='ocrx_word' id='word_1_131' title='bbox 1342 1153 1499 1189; x_wconf 88' lang='lat' dir='ltr'>locutus</span> <span class='ocrx_word' id='word_1_132' title='bbox 1532 1152 1666 1189; x_wconf 91' lang='lat' dir='ltr'>fertur.</span> 
     </span>
     <span class='ocr_line' id='line_1_16' title="bbox 208 1221 1670 1271; baseline -0.001 -11"><span class='ocrx_word' id='word_1_133' title='bbox 208 1222 234 1260; x_wconf 67' lang='lat'>‘2</span> <span class='ocrx_word' id='word_1_134' title='bbox 372 1222 450 1266; x_wconf 77' lang='lat' dir='ltr'>«Si,</span> <span class='ocrx_word' id='word_1_135' title='bbox 482 1234 601 1270; x_wconf 88' lang='lat' dir='ltr'>quem</span> <span class='ocrx_word' id='word_1_136' title='bbox 631 1221 809 1258; x_wconf 86' lang='lat' dir='ltr'>animum</span> <span class='ocrx_word' id='word_1_137' title='bbox 834 1221 874 1258; x_wconf 91' lang='lat' dir='ltr'>in</span> <span class='ocrx_word' id='word_1_138' title='bbox 899 1222 1042 1259; x_wconf 89' lang='lat' dir='ltr'>alienae</span> <span class='ocrx_word' id='word_1_139' title='bbox 1069 1223 1187 1259; x_wconf 87' lang='lat' dir='ltr'>sortis</span> <span class='ocrx_word' id='word_1_140' title='bbox 1213 1223 1398 1271; x_wconf 84' lang='lat' dir='ltr'>exemplo</span> <span class='ocrx_word' id='word_1_141' title='bbox 1423 1223 1546 1271; x_wconf 92' lang='lat' dir='ltr'>paulo</span> <span class='ocrx_word' id='word_1_142' title='bbox 1575 1228 1670 1259; x_wconf 87' lang='lat' dir='ltr'>ante</span> 
     </span>
     <span class='ocr_line' id='line_1_17' title="bbox 248 1292 1670 1336; baseline -0.001 -6"><span class='ocrx_word' id='word_1_143' title='bbox 248 1293 456 1336; x_wconf 88' lang='lat' dir='ltr'>habuistis,</span> <span class='ocrx_word' id='word_1_144' title='bbox 482 1293 658 1328; x_wconf 91' lang='lat' dir='ltr'>eundem</span> <span class='ocrx_word' id='word_1_145' title='bbox 686 1304 781 1328; x_wconf 84' lang='lat' dir='ltr'>mox</span> <span class='ocrx_word' id='word_1_146' title='bbox 809 1292 851 1328; x_wconf 91' lang='lat' dir='ltr'>in</span> <span class='ocrx_word' id='word_1_147' title='bbox 879 1292 1119 1328; x_wconf 84' lang='lat' dir='ltr'>aestimanda</span> <span class='ocrx_word' id='word_1_148' title='bbox 1143 1292 1305 1329; x_wconf 90' lang='lat' dir='ltr'>fortuna</span> <span class='ocrx_word' id='word_1_149' title='bbox 1329 1298 1461 1329; x_wconf 86' lang='lat' dir='ltr'>vestra</span> <span class='ocrx_word' id='word_1_150' title='bbox 1485 1293 1670 1330; x_wconf 90' lang='lat' dir='ltr'>habueri-</span> 
     </span>
     <span class='ocr_line' id='line_1_18' title="bbox 249 1362 1671 1411; baseline 0 -11"><span class='ocrx_word' id='word_1_151' title='bbox 249 1365 310 1408; x_wconf 87' lang='lat' dir='ltr'>tis,</span> <span class='ocrx_word' id='word_1_152' title='bbox 341 1363 520 1407; x_wconf 91' lang='lat' dir='ltr'>vicimus‚</span> <span class='ocrx_word' id='word_1_153' title='bbox 548 1362 711 1405; x_wconf 85' lang='lat' dir='ltr'>milites;</span> <span class='ocrx_word' id='word_1_154' title='bbox 741 1374 875 1410; x_wconf 90' lang='lat' dir='ltr'>neque</span> <span class='ocrx_word' id='word_1_155' title='bbox 893 1362 999 1398; x_wconf 89' lang='lat' dir='ltr'>enim</span> <span class='ocrx_word' id='word_1_156' title='bbox 1018 1363 1293 1411; x_wconf 87' lang='lat' dir='ltr'>spectaculum</span> <span class='ocrx_word' id='word_1_157' title='bbox 1311 1364 1438 1400; x_wconf 92' lang='lat' dir='ltr'>modo</span> <span class='ocrx_word' id='word_1_158' title='bbox 1456 1363 1566 1408; x_wconf 91' lang='lat' dir='ltr'>illud,</span> <span class='ocrx_word' id='word_1_159' title='bbox 1596 1365 1671 1400; x_wconf 90' lang='lat' dir='ltr'>sed</span> 
     </span>
     <span class='ocr_line' id='line_1_19' title="bbox 209 1432 1671 1482; baseline 0.001 -11"><span class='ocrx_word' id='word_1_160' title='bbox 209 1432 234 1471; x_wconf 73' lang='lat'>3</span> <span class='ocrx_word' id='word_1_161' title='bbox 250 1434 437 1482; x_wconf 90' lang='lat' dir='ltr'>quaedam</span> <span class='ocrx_word' id='word_1_162' title='bbox 462 1433 582 1470; x_wconf 91' lang='lat' dir='ltr'>veluti</span> <span class='ocrx_word' id='word_1_163' title='bbox 606 1433 742 1481; x_wconf 84' lang='lat' dir='ltr'>imago</span> <span class='ocrx_word' id='word_1_164' title='bbox 767 1437 908 1469; x_wconf 88' lang='lat' dir='ltr'>vestrae</span> <span class='ocrx_word' id='word_1_165' title='bbox 934 1432 1190 1469; x_wconf 89' lang='lat' dir='ltr'>condicionis</span> <span class='ocrx_word' id='word_1_166' title='bbox 1215 1438 1312 1470; x_wconf 86' lang='lat' dir='ltr'>erat.</span> <span class='ocrx_word' id='word_1_167' title='bbox 1363 1435 1420 1471; x_wconf 93' lang='lat' dir='ltr'>Ac</span> <span class='ocrx_word' id='word_1_168' title='bbox 1437 1434 1592 1479; x_wconf 90' lang='lat' dir='ltr'>nescio,</span> <span class='ocrx_word' id='word_1_169' title='bbox 1618 1447 1671 1472; x_wconf 90' lang='lat' dir='ltr'>an</span> 
     </span>
     <span class='ocr_line' id='line_1_20' title="bbox 249 1502 1671 1553; baseline 0.001 -13"><span class='ocrx_word' id='word_1_170' title='bbox 249 1504 404 1541; x_wconf 85' lang='lat' dir='ltr'>maiora</span> <span class='ocrx_word' id='word_1_171' title='bbox 436 1504 594 1541; x_wconf 91' lang='lat' dir='ltr'>vincula</span> <span class='ocrx_word' id='word_1_172' title='bbox 625 1503 882 1551; x_wconf 87' lang='lat' dir='ltr'>maioresque</span> <span class='ocrx_word' id='word_1_173' title='bbox 913 1502 1182 1539; x_wconf 81' lang='lat' dir='ltr'>necessitates</span> <span class='ocrx_word' id='word_1_174' title='bbox 1214 1504 1329 1540; x_wconf 90' lang='lat' dir='ltr'>vobis</span> <span class='ocrx_word' id='word_1_175' title='bbox 1359 1517 1479 1552; x_wconf 87' lang='lat' dir='ltr'>quam</span> <span class='ocrx_word' id='word_1_176' title='bbox 1504 1505 1671 1553; x_wconf 91' lang='lat' dir='ltr'>captivis</span> 
     </span>
     <span class='ocr_line' id='line_1_21' title="bbox 208 1571 1672 1622; baseline 0 -11"><span class='ocrx_word' id='word_1_177' title='bbox 208 1573 388 1612; x_wconf 83' lang='lat' dir='ltr'>4vestris</span> <span class='ocrx_word' id='word_1_178' title='bbox 427 1574 589 1611; x_wconf 83' lang='lat' dir='ltr'>fortuna</span> <span class='ocrx_word' id='word_1_179' title='bbox 627 1571 952 1610; x_wconf 87' lang='lat' dir='ltr'>circumdederit.</span> <span class='ocrx_word' id='word_1_180' title='bbox 1030 1572 1183 1609; x_wconf 88' lang='lat' dir='ltr'>Dextra</span> <span class='ocrx_word' id='word_1_181' title='bbox 1215 1574 1395 1622; x_wconf 86' lang='lat' dir='ltr'>laevaque</span> <span class='ocrx_word' id='word_1_182' title='bbox 1429 1575 1512 1611; x_wconf 93' lang='lat' dir='ltr'>duo</span> <span class='ocrx_word' id='word_1_183' title='bbox 1545 1576 1672 1611; x_wconf 86' lang='lat' dir='ltr'>maria</span> 
     </span>
     <span class='ocr_line' id='line_1_22' title="bbox 250 1642 1670 1691; baseline 0.001 -10"><span class='ocrx_word' id='word_1_184' title='bbox 250 1645 455 1686; x_wconf 87' lang='lat' dir='ltr'>claudunt,</span> <span class='ocrx_word' id='word_1_185' title='bbox 494 1645 645 1681; x_wconf 91' lang='lat' dir='ltr'>nullam</span> <span class='ocrx_word' id='word_1_186' title='bbox 677 1656 729 1680; x_wconf 90' lang='lat' dir='ltr'>ne</span> <span class='ocrx_word' id='word_1_187' title='bbox 762 1644 818 1679; x_wconf 89' lang='lat' dir='ltr'>ad</span> <span class='ocrx_word' id='word_1_188' title='bbox 850 1642 1042 1691; x_wconf 80' lang='lat' dir='ltr'>effugium</span> <span class='ocrx_word' id='word_1_189' title='bbox 1075 1643 1241 1691; x_wconf 89' lang='lat' dir='ltr'>quidem</span> <span class='ocrx_word' id='word_1_190' title='bbox 1271 1657 1419 1681; x_wconf 90' lang='lat' dir='ltr'>navem</span> <span class='ocrx_word' id='word_1_191' title='bbox 1450 1646 1670 1688; x_wconf 81' lang='lat' dir='ltr'>habentes;</span> 
     </span>
     <span class='ocr_line' id='line_1_23' title="bbox 249 1711 1666 1764; baseline 0 -12"><span class='ocrx_word' id='word_1_192' title='bbox 249 1715 353 1753; x_wconf 86' lang='lat' dir='ltr'>circa</span> <span class='ocrx_word' id='word_1_193' title='bbox 386 1716 522 1752; x_wconf 89' lang='lat' dir='ltr'>Padus</span> <span class='ocrx_word' id='word_1_194' title='bbox 563 1714 705 1758; x_wconf 87' lang='lat' dir='ltr'>amnis,</span> <span class='ocrx_word' id='word_1_195' title='bbox 746 1713 875 1750; x_wconf 88' lang='lat' dir='ltr'>maior</span> <span class='ocrx_word' id='word_1_196' title='bbox 907 1711 1078 1764; x_wconf 87' lang='lat' dir='ltr'>[Padus]</span> <span class='ocrx_word' id='word_1_197' title='bbox 1119 1725 1166 1750; x_wconf 88' lang='lat' dir='ltr'>ac</span> <span class='ocrx_word' id='word_1_198' title='bbox 1198 1714 1414 1752; x_wconf 87' lang='lat' dir='ltr'>violentior</span> <span class='ocrx_word' id='word_1_199' title='bbox 1445 1716 1666 1759; x_wconf 85' lang='lat' dir='ltr'>Rhodano,</span> 
     </span>
     <span class='ocr_line' id='line_1_24' title="bbox 249 1783 1667 1835; baseline 0.001 -13"><span class='ocrx_word' id='word_1_200' title='bbox 249 1787 299 1822; x_wconf 93' lang='lat' dir='ltr'>ab</span> <span class='ocrx_word' id='word_1_201' title='bbox 327 1792 441 1835; x_wconf 87' lang='lat' dir='ltr'>tergo</span> <span class='ocrx_word' id='word_1_202' title='bbox 467 1786 591 1834; x_wconf 87' lang='lat' dir='ltr'>Alpes</span> <span class='ocrx_word' id='word_1_203' title='bbox 618 1790 776 1833; x_wconf 87' lang='lat' dir='ltr'>urgent,</span> <span class='ocrx_word' id='word_1_204' title='bbox 801 1783 864 1820; x_wconf 86' lang='lat' dir='ltr'>vix</span> <span class='ocrx_word' id='word_1_205' title='bbox 887 1783 1053 1832; x_wconf 87' lang='lat' dir='ltr'>integris</span> <span class='ocrx_word' id='word_1_206' title='bbox 1077 1784 1192 1821; x_wconf 91' lang='lat' dir='ltr'>vobis</span> <span class='ocrx_word' id='word_1_207' title='bbox 1216 1797 1263 1821; x_wconf 93' lang='lat' dir='ltr'>ac</span> <span class='ocrx_word' id='word_1_208' title='bbox 1289 1785 1515 1834; x_wconf 85' lang='lat' dir='ltr'>vigentibus</span> <span class='ocrx_word' id='word_1_209' title='bbox 1539 1792 1667 1823; x_wconf 88' lang='lat' dir='ltr'>trans-</span> 
     </span>
     <span class='ocr_line' id='line_1_25' title="bbox 207 1853 1668 1905; baseline -0.002 -10"><span class='ocrx_word' id='word_1_210' title='bbox 207 1855 324 1895; x_wconf 78' lang='lat' dir='ltr'>5itae.</span> <span class='ocrx_word' id='word_1_211' title='bbox 388 1855 465 1893; x_wconf 91' lang='lat' dir='ltr'>Hic</span> <span class='ocrx_word' id='word_1_212' title='bbox 483 1855 728 1892; x_wconf 87' lang='lat' dir='ltr'>vincendum</span> <span class='ocrx_word' id='word_1_213' title='bbox 745 1860 814 1890; x_wconf 86' lang='lat' dir='ltr'>aut</span> <span class='ocrx_word' id='word_1_214' title='bbox 830 1853 1100 1897; x_wconf 91' lang='lat' dir='ltr'>moriendum,</span> <span class='ocrx_word' id='word_1_215' title='bbox 1129 1854 1286 1897; x_wconf 88' lang='lat' dir='ltr'>milites,</span> <span class='ocrx_word' id='word_1_216' title='bbox 1314 1861 1387 1897; x_wconf 87' lang='lat' dir='ltr'>est,</span> <span class='ocrx_word' id='word_1_217' title='bbox 1414 1856 1481 1892; x_wconf 90' lang='lat' dir='ltr'>ubi</span> <span class='ocrx_word' id='word_1_218' title='bbox 1498 1856 1668 1905; x_wconf 90' lang='lat' dir='ltr'>primum</span> 
     </span>
     <span class='ocr_line' id='line_1_26' title="bbox 249 1923 1673 1976; baseline 0 -13"><span class='ocrx_word' id='word_1_219' title='bbox 249 1927 356 1963; x_wconf 90' lang='lat' dir='ltr'>hosti</span> <span class='ocrx_word' id='word_1_220' title='bbox 384 1925 623 1963; x_wconf 86' lang='lat' dir='ltr'>occurristis.</span> <span class='ocrx_word' id='word_1_221' title='bbox 688 1924 739 1960; x_wconf 88' lang='lat' dir='ltr'>Et</span> <span class='ocrx_word' id='word_1_222' title='bbox 763 1925 910 1961; x_wconf 86' lang='lat' dir='ltr'>eadem</span> <span class='ocrx_word' id='word_1_223' title='bbox 935 1923 1110 1967; x_wconf 89' lang='lat' dir='ltr'>fortuna,</span> <span class='ocrx_word' id='word_1_224' title='bbox 1145 1936 1233 1972; x_wconf 87' lang='lat' dir='ltr'>quae</span> <span class='ocrx_word' id='word_1_225' title='bbox 1257 1925 1542 1963; x_wconf 86' lang='lat' dir='ltr'>necessitatem</span> <span class='ocrx_word' id='word_1_226' title='bbox 1572 1940 1673 1976; x_wconf 85' lang='lat' dir='ltr'>pug-</span> 
     </span>
     <span class='ocr_line' id='line_1_27' title="bbox 249 1994 1668 2045; baseline 0 -12"><span class='ocrx_word' id='word_1_227' title='bbox 249 1997 376 2033; x_wconf 88' lang='lat' dir='ltr'>nandi</span> <span class='ocrx_word' id='word_1_228' title='bbox 400 1996 604 2045; x_wconf 89' lang='lat' dir='ltr'>imposuit,</span> <span class='ocrx_word' id='word_1_229' title='bbox 637 1995 802 2044; x_wconf 87' lang='lat' dir='ltr'>praemia</span> <span class='ocrx_word' id='word_1_230' title='bbox 828 1994 942 2031; x_wconf 88' lang='lat' dir='ltr'>vobis</span> <span class='ocrx_word' id='word_1_231' title='bbox 968 2006 1017 2030; x_wconf 89' lang='lat' dir='ltr'>ea</span> <span class='ocrx_word' id='word_1_232' title='bbox 1040 1994 1257 2032; x_wconf 90' lang='lat' dir='ltr'>victoribus</span> <span class='ocrx_word' id='word_1_233' title='bbox 1282 1997 1488 2045; x_wconf 92' lang='lat' dir='ltr'>proponit,</span> <span class='ocrx_word' id='word_1_234' title='bbox 1523 1998 1668 2045; x_wconf 91' lang='lat' dir='ltr'>quibus</span> 
     </span>
     <span class='ocr_line' id='line_1_28' title="bbox 250 2064 1669 2115; baseline 0 -12"><span class='ocrx_word' id='word_1_235' title='bbox 250 2067 447 2115; x_wconf 88' lang='lat' dir='ltr'>ampliora</span> <span class='ocrx_word' id='word_1_236' title='bbox 489 2065 674 2103; x_wconf 84' lang='lat' dir='ltr'>homines</span> <span class='ocrx_word' id='word_1_237' title='bbox 717 2077 769 2101; x_wconf 89' lang='lat' dir='ltr'>ne</span> <span class='ocrx_word' id='word_1_238' title='bbox 809 2065 860 2100; x_wconf 89' lang='lat' dir='ltr'>ab</span> <span class='ocrx_word' id='word_1_239' title='bbox 900 2064 962 2100; x_wconf 90' lang='lat' dir='ltr'>dis</span> <span class='ocrx_word' id='word_1_240' title='bbox 1003 2064 1167 2112; x_wconf 89' lang='lat' dir='ltr'>quidem</span> <span class='ocrx_word' id='word_1_241' title='bbox 1200 2065 1492 2103; x_wconf 89' lang='lat' dir='ltr'>immortalibus</span> <span class='ocrx_word' id='word_1_242' title='bbox 1526 2073 1669 2115; x_wconf 88' lang='lat' dir='ltr'>optare</span> 
     </span>
     <span class='ocr_line' id='line_1_29' title="bbox 210 2134 1673 2184; baseline -0.001 -10"><span class='ocrx_word' id='word_1_243' title='bbox 210 2137 397 2175; x_wconf 83' lang='lat' dir='ltr'>sssolent.</span> <span class='ocrx_word' id='word_1_244' title='bbox 459 2136 500 2173; x_wconf 91' lang='lat' dir='ltr'>Si</span> <span class='ocrx_word' id='word_1_245' title='bbox 525 2136 698 2173; x_wconf 91' lang='lat' dir='ltr'>Siciliam</span> <span class='ocrx_word' id='word_1_246' title='bbox 731 2139 886 2171; x_wconf 89' lang='lat' dir='ltr'>tantum</span> <span class='ocrx_word' id='word_1_247' title='bbox 920 2146 967 2171; x_wconf 88' lang='lat' dir='ltr'>ac</span> <span class='ocrx_word' id='word_1_248' title='bbox 996 2134 1224 2171; x_wconf 83' lang='lat' dir='ltr'>Sardiniam</span> <span class='ocrx_word' id='word_1_249' title='bbox 1256 2137 1491 2184; x_wconf 89' lang='lat' dir='ltr'>parentibus</span> <span class='ocrx_word' id='word_1_250' title='bbox 1524 2137 1673 2174; x_wconf 88' lang='lat' dir='ltr'>nostris</span> 
     </span>
     <span class='ocr_line' id='line_1_30' title="bbox 253 2205 1674 2256; baseline 0 -12"><span class='ocrx_word' id='word_1_251' title='bbox 253 2212 412 2256; x_wconf 87' lang='lat' dir='ltr'>ereptas</span> <span class='ocrx_word' id='word_1_252' title='bbox 436 2212 576 2244; x_wconf 89' lang='lat' dir='ltr'>nostra</span> <span class='ocrx_word' id='word_1_253' title='bbox 598 2206 740 2241; x_wconf 89' lang='lat' dir='ltr'>virtute</span> <span class='ocrx_word' id='word_1_254' title='bbox 758 2205 1029 2252; x_wconf 85' lang='lat' dir='ltr'>recuperaturi</span> <span class='ocrx_word' id='word_1_255' title='bbox 1048 2217 1244 2250; x_wconf 89' lang='lat' dir='ltr'>essemus,</span> <span class='ocrx_word' id='word_1_256' title='bbox 1271 2207 1367 2242; x_wconf 87' lang='lat' dir='ltr'>satis</span> <span class='ocrx_word' id='word_1_257' title='bbox 1386 2212 1523 2244; x_wconf 83' lang='lat' dir='ltr'>tamen</span> <span class='ocrx_word' id='word_1_258' title='bbox 1540 2208 1674 2255; x_wconf 89' lang='lat' dir='ltr'>ampla</span> 
     </span>
     <span class='ocr_line' id='line_1_31' title="bbox 253 2274 1674 2326; baseline 0.001 -13"><span class='ocrx_word' id='word_1_259' title='bbox 253 2277 382 2326; x_wconf 90' lang='lat' dir='ltr'>pretia</span> <span class='ocrx_word' id='word_1_260' title='bbox 409 2282 564 2319; x_wconf 89' lang='lat' dir='ltr'>essent;</span> <span class='ocrx_word' id='word_1_261' title='bbox 601 2275 793 2323; x_wconf 88' lang='lat' dir='ltr'>quicquid</span> <span class='ocrx_word' id='word_1_262' title='bbox 820 2274 995 2311; x_wconf 90' lang='lat' dir='ltr'>Romani</span> <span class='ocrx_word' id='word_1_263' title='bbox 1021 2280 1082 2311; x_wconf 90' lang='lat' dir='ltr'>tot</span> <span class='ocrx_word' id='word_1_264' title='bbox 1106 2276 1314 2324; x_wconf 88' lang='lat' dir='ltr'>triumphis</span> <span class='ocrx_word' id='word_1_265' title='bbox 1338 2282 1495 2324; x_wconf 89' lang='lat' dir='ltr'>partum</span> <span class='ocrx_word' id='word_1_266' title='bbox 1523 2289 1674 2326; x_wconf 86' lang='lat' dir='ltr'>conge-</span> 
     </span>
     <span class='ocr_line' id='line_1_32' title="bbox 255 2345 1675 2395; baseline 0 -11"><span class='ocrx_word' id='word_1_267' title='bbox 255 2353 440 2395; x_wconf 86' lang='lat' dir='ltr'>stumque</span> <span class='ocrx_word' id='word_1_268' title='bbox 467 2346 693 2395; x_wconf 83' lang='lat' dir='ltr'>possident,</span> <span class='ocrx_word' id='word_1_269' title='bbox 727 2345 769 2380; x_wconf 91' lang='lat' dir='ltr'>id</span> <span class='ocrx_word' id='word_1_270' title='bbox 798 2356 919 2382; x_wconf 89' lang='lat' dir='ltr'>omne</span> <span class='ocrx_word' id='word_1_271' title='bbox 948 2351 1122 2382; x_wconf 89' lang='lat' dir='ltr'>vestrum</span> <span class='ocrx_word' id='word_1_272' title='bbox 1141 2358 1231 2383; x_wconf 91' lang='lat' dir='ltr'>cum</span> <span class='ocrx_word' id='word_1_273' title='bbox 1248 2346 1345 2395; x_wconf 90' lang='lat' dir='ltr'>ipsis</span> <span class='ocrx_word' id='word_1_274' title='bbox 1369 2347 1545 2384; x_wconf 90' lang='lat' dir='ltr'>dominis</span> <span class='ocrx_word' id='word_1_275' title='bbox 1570 2347 1675 2384; x_wconf 86' lang='lat' dir='ltr'>futu-</span> 
     </span>
     <span class='ocr_line' id='line_1_33' title="bbox 215 2415 1674 2465; baseline -0.001 -9"><span class='ocrx_word' id='word_1_276' title='bbox 215 2417 341 2457; x_wconf 83' lang='lat' dir='ltr'>7rum</span> <span class='ocrx_word' id='word_1_277' title='bbox 375 2422 454 2462; x_wconf 89' lang='lat' dir='ltr'>est;</span> <span class='ocrx_word' id='word_1_278' title='bbox 499 2417 541 2454; x_wconf 90' lang='lat' dir='ltr'>in</span> <span class='ocrx_word' id='word_1_279' title='bbox 573 2415 677 2452; x_wconf 90' lang='lat' dir='ltr'>hanc</span> <span class='ocrx_word' id='word_1_280' title='bbox 711 2420 791 2450; x_wconf 84' lang='lat' dir='ltr'>tam</span> <span class='ocrx_word' id='word_1_281' title='bbox 826 2415 1003 2464; x_wconf 90' lang='lat' dir='ltr'>opimam</span> <span class='ocrx_word' id='word_1_282' title='bbox 1036 2417 1280 2460; x_wconf 88' lang='lat' dir='ltr'>mercedem,</span> <span class='ocrx_word' id='word_1_283' title='bbox 1321 2417 1429 2465; x_wconf 88' lang='lat' dir='ltr'>agite</span> <span class='ocrx_word' id='word_1_284' title='bbox 1461 2418 1571 2461; x_wconf 91' lang='lat' dir='ltr'>dum,</span> <span class='ocrx_word' id='word_1_285' title='bbox 1612 2418 1674 2454; x_wconf 90' lang='lat' dir='ltr'>dis</span> 
     </span>
     <span class='ocr_line' id='line_1_34' title="bbox 214 2485 1674 2533; baseline -0.001 -8"><span class='ocrx_word' id='word_1_286' title='bbox 214 2488 238 2527; x_wconf 59' lang='lat'>53</span> <span class='ocrx_word' id='word_1_287' title='bbox 254 2489 359 2525; x_wconf 91' lang='lat' dir='ltr'>bene</span> <span class='ocrx_word' id='word_1_288' title='bbox 384 2488 611 2525; x_wconf 86' lang='lat' dir='ltr'>iuvantibus</span> <span class='ocrx_word' id='word_1_289' title='bbox 635 2497 745 2522; x_wconf 87' lang='lat' dir='ltr'>arma</span> <span class='ocrx_word' id='word_1_290' title='bbox 770 2485 914 2533; x_wconf 87' lang='lat' dir='ltr'>capite.</span> <span class='ocrx_word' id='word_1_291' title='bbox 963 2486 1067 2523; x_wconf 87' lang='lat' dir='ltr'>Satis</span> <span class='ocrx_word' id='word_1_292' title='bbox 1092 2487 1225 2523; x_wconf 87' lang='lat' dir='ltr'>adhuc</span> <span class='ocrx_word' id='word_1_293' title='bbox 1248 2487 1290 2523; x_wconf 93' lang='lat' dir='ltr'>in</span> <span class='ocrx_word' id='word_1_294' title='bbox 1314 2487 1434 2524; x_wconf 85' lang='lat' dir='ltr'>vastis</span> <span class='ocrx_word' id='word_1_295' title='bbox 1457 2487 1674 2524; x_wconf 87' lang='lat' dir='ltr'>Lusitaniae</span> 
     </span>
     <span class='ocr_line' id='line_1_35' title="bbox 257 2550 1675 2606; baseline -0.001 -11"><span class='ocrx_word' id='word_1_296' title='bbox 257 2550 563 2606; x_wconf 77' lang='lat' dir='ltr'>Celtiberiaeque</span> <span class='ocrx_word' id='word_1_297' title='bbox 580 2555 785 2592; x_wconf 91' lang='lat' dir='ltr'>montibus</span> <span class='ocrx_word' id='word_1_298' title='bbox 802 2568 953 2603; x_wconf 90' lang='lat' dir='ltr'>pecora</span> <span class='ocrx_word' id='word_1_299' title='bbox 967 2557 1248 2593; x_wconf 89' lang='lat' dir='ltr'>consectando</span> <span class='ocrx_word' id='word_1_300' title='bbox 1263 2557 1413 2593; x_wconf 87' lang='lat' dir='ltr'>nullum</span> <span class='ocrx_word' id='word_1_301' title='bbox 1427 2558 1675 2594; x_wconf 88' lang='lat' dir='ltr'>emolumen-</span> 
     </span>
     <span class='ocr_line' id='line_1_36' title="bbox 218 2624 1674 2676; baseline -0.001 -12"><span class='ocrx_word' id='word_1_302' title='bbox 218 2628 340 2667; x_wconf 86' lang='lat' dir='ltr'>9tum</span> <span class='ocrx_word' id='word_1_303' title='bbox 374 2634 435 2666; x_wconf 89' lang='lat' dir='ltr'>tot</span> <span class='ocrx_word' id='word_1_304' title='bbox 466 2630 647 2666; x_wconf 89' lang='lat' dir='ltr'>laborum</span> <span class='ocrx_word' id='word_1_305' title='bbox 679 2624 1028 2673; x_wconf 84' lang='lat' dir='ltr'>periculorumque</span> <span class='ocrx_word' id='word_1_306' title='bbox 1061 2631 1281 2663; x_wconf 88' lang='lat' dir='ltr'>vestrorum</span> <span class='ocrx_word' id='word_1_307' title='bbox 1309 2627 1483 2671; x_wconf 84' lang='lat' dir='ltr'>vidistis;</span> <span class='ocrx_word' id='word_1_308' title='bbox 1516 2633 1674 2676; x_wconf 85' lang='lat' dir='ltr'>tempus</span> 
     </span>
    </p>
   </div>
  </div>
 </body>
</html>
