1789 2955
212 92 294 129 230
618 87 734 122 Liber
759 86 883 121 XXX.
922 87 983 129 (A.
1010 98 1044 120 u.
1074 97 1103 120 c.
1130 86 1225 129 551.)

211 215 461 261 decernebat,
492 214 620 252 altera
644 214 912 252 Hannibalem
940 213 990 251 ad
1017 212 1206 250 tuendam
1231 213 1280 250 ab
1307 213 1508 250 exitiabili
1538 212 1647 250 bello

211 287 383 338 patriam
415 286 646 333 revocabat,
692 286 814 323 tertia
844 285 1037 323 Romanae
1083 286 1123 322 in
1168 284 1346 322 adversis
1391 285 1510 322 rebus
1551 297 1645 321 con-

170 359 191 394 7
211 359 368 396 stantiae
400 361 504 404 erat,
535 356 802 407 reparandum
830 356 1049 394 exercitum
1068 355 1370 406 Syphacemque
1393 355 1648 401 hortandum,

212 443 261 467 ne
293 430 397 467 bello
422 429 647 476 absisteret,
679 429 879 467 censebat.
927 428 1027 465 Haec
1055 428 1265 474 sententia,
1297 428 1393 477 quia
1412 426 1646 464 Hasdrubal

212 515 386 552 praesens
417 501 684 550 Barcinaeque
716 513 852 538 omnes
883 499 1070 536 factionis
1109 499 1261 537 bellum
1291 498 1503 544 malebant,
1536 498 1647 536 vicit.

175 573 320 610 SInde
353 572 526 610 dilectus
557 573 598 609 in
629 572 729 609 urbe
761 572 947 621 agrisque
979 571 1119 609 haberi
1150 574 1315 620 coeptus,
1348 574 1387 607 et
1419 571 1468 607 ad
1495 568 1648 619 Sypha-

215 659 298 683 cem
329 645 452 693 legati
483 644 607 689 missi,
641 657 792 681 summa
823 657 897 693 ope
944 647 981 681 et
1012 643 1141 692 ipsum
1179 645 1433 691 reparantem
1480 641 1645 687 bellum,

215 729 336 767 quum
367 729 469 753 uxor
500 729 579 753 non
611 715 701 765 iam,
734 718 779 752 ut
811 719 914 761 ante,
946 714 1168 760 blanditiis,
1207 714 1305 750 satis
1335 713 1566 763 potentibus
1598 713 1648 751 ad

175 790 198 826 9
217 788 393 826 animum
410 787 590 834 amantis,
622 787 690 824 sed
713 787 900 836 precibus
929 791 967 824 et
993 785 1270 823 misericordia
1294 786 1496 832 valuisset,
1527 785 1650 834 plena

217 860 472 898 lacrimarum
503 860 731 905 obtestans,
762 873 810 896 ne
848 863 1002 909 patrem
1035 871 1149 895 suum
1180 858 1432 908 patriamque
1463 857 1652 906 proderet

217 932 438 981 iisdemque
469 931 636 969 flammis
662 930 959 979 Carthaginem,
992 930 1138 979 quibus
1165 933 1295 967 castra
1327 928 1655 976 conflagrassent,

150 1004 200 1042 10
219 1004 372 1042 absumi
404 1004 563 1041 sineret.
626 1001 745 1052 Spem
777 1015 936 1051 quoque
969 1004 1193 1051 opportune
1226 1002 1401 1039 oblatam
1435 1000 1653 1037 afferebant

224 1076 363 1124 legati:
412 1078 602 1124 quattuor
648 1074 776 1111 millia
817 1073 1112 1111 Celtiberorum
1159 1074 1264 1111 circa
1311 1073 1449 1110 urbem
1496 1073 1655 1109 nomine

222 1146 391 1193 Obbam,
425 1147 474 1184 ab
508 1145 849 1196 conquisitoribus
880 1145 962 1182 suis
994 1145 1191 1182 conducta
1232 1145 1271 1181 in
1303 1144 1512 1195 Hispania,
1545 1157 1655 1192 egre·

219 1220 295 1269 giae
328 1219 570 1267 iuventutis,
616 1218 694 1255 sibi
727 1217 965 1263 occurrisse3
1014 1220 1052 1254 et
1083 1216 1377 1254 Hasdrubalem
1422 1216 1656 1266 propediem

152 1291 196 1327 11
220 1290 339 1328 affore
387 1303 474 1326 cum
520 1303 640 1327 manu
682 1289 994 1338 haudquaquam
1042 1289 1340 1326 contemnenda.
1401 1288 1534 1337 Igitur
1579 1301 1657 1324 non

221 1362 396 1411 benigne
427 1362 544 1399 modo
577 1361 722 1410 legatis
753 1360 973 1410 respondit,
1013 1360 1081 1398 sed
1117 1361 1293 1398 ostendit
1324 1361 1441 1398 etiam
1473 1360 1654 1397 multitu-

222 1434 354 1471 dinem
387 1433 606 1482 agrestium
638 1433 914 1479 Numidarum,
960 1433 1106 1482 quibus
1137 1445 1208 1481 per
1241 1432 1399 1470 eosdem
1432 1433 1517 1470 dies
1549 1444 1658 1468 arma

225 1519 427 1556 equosque
460 1505 650 1551 dedisset,
682 1508 721 1542 et
759 1518 912 1542 omnem
953 1505 1201 1541 iuventutem
1232 1503 1404 1541 affirmat
1450 1517 1498 1540 ex
1529 1516 1653 1552 regno

155 1577 206 1615 12
226 1579 468 1615 exciturum:
501 1577 602 1614 scire
634 1576 831 1623 incendio,
864 1589 941 1613 non
972 1576 1115 1625 proelio
1139 1575 1291 1613 cladem
1316 1579 1535 1625 acceptan13
1571 1588 1659 1612 eum

152 1646 327 1686 13bello
375 1646 604 1686 inferiorem
651 1662 753 1695 esse,
807 1648 875 1697 qui
931 1647 1052 1685 armis
1096 1647 1296 1685 vincatur.
1370 1648 1469 1684 Haec
1515 1646 1660 1696 legatis

223 1731 428 1768 responsa,
459 1724 498 1756 et
527 1723 619 1770 post
664 1720 751 1757 dies
782 1733 930 1769 paucos
977 1732 1113 1757 rursus
1145 1719 1376 1756 Hasdrubal
1423 1722 1463 1756 et
1494 1717 1659 1767 Syphax

226 1790 362 1840 copias
408 1792 638 1829 iunxerunt.
699 1792 740 1829 Is
785 1792 912 1828 omnis
959 1790 1158 1829 exercitus
1204 1792 1278 1827 fuit
1323 1791 1493 1839 triginta
1538 1790 1660 1826 ferme

224 1861 398 1899 millium
439 1868 694 1901 armatorum.

343 1932 586 1984 Scipionem,
617 1936 728 1974 velut
759 1935 837 1973 iam
869 1934 1084 1982 debellato,
1117 1934 1223 1984 quod
1256 1934 1305 1971 ad
1325 1933 1545 1983 Syphacem
1565 1933 1659 1970 Car-

225 2005 582 2056 thaginiensesque
600 2008 802 2054 attineret,
834 2007 965 2045 Uticae
984 2007 1265 2057 oppugnandae
1286 2006 1484 2043 intentum
1503 2004 1661 2054 iamque

226 2077 433 2115 machinas
466 2078 742 2117 admoventem
775 2079 896 2116 muris
930 2079 1076 2116 avertit
1105 2079 1210 2116 fama
1240 2077 1507 2126 redintegrati
1538 2075 1661 2122 belli;

184 2153 207 2188 2
225 2149 473 2199 modicisque
503 2151 706 2200 praesidiis
739 2151 787 2187 ad
819 2151 993 2201 speciem
1018 2151 1134 2189 modo
1162 2150 1382 2188 obsidionis
1412 2152 1520 2186 terra
1545 2147 1664 2185 mari-

229 2235 305 2272 que
336 2222 504 2269 relictis,
534 2223 620 2272 ipse
653 2235 740 2259 cum
771 2223 916 2260 robore
949 2223 1146 2260 exercitus
1180 2223 1238 2259 ire
1270 2222 1320 2259 ad
1352 2222 1484 2259 hostes
1513 2219 1657 2270 pergit.

186 2293 365 2331 3Primo
399 2294 440 2330 in
471 2294 626 2331 tumulo
659 2297 848 2343 quattuor
880 2295 1010 2331 millia
1050 2295 1172 2331 ferme
1204 2293 1381 2331 distante
1427 2293 1475 2330 ab
1519 2291 1663 2329 castris

228 2366 354 2416 regiis
387 2366 587 2412 consedit,
634 2369 794 2415 postero
841 2365 906 2403 die
955 2379 1042 2403 cum
1089 2366 1273 2415 equitatu
1320 2366 1360 2402 in
1391 2364 1559 2412 Magnos
1591 2363 1665 2410 (ita

228 2438 390 2488 vocant)
424 2451 595 2488 campos,
612 2437 812 2474 subiectos
838 2438 874 2474 ei
898 2438 1066 2483 tumulo,
1100 2438 1312 2486 degressus
1337 2434 1588 2474 succedendo
1614 2433 1666 2472 ad

230 2511 420 2548 stationes
454 2510 629 2548 hostium
655 2508 966 2558 lacessendoque
984 2509 1142 2546 levibus
1169 2508 1323 2559 proeliis
1348 2507 1454 2544 diem
1480 2507 1664 2556 absump-

182 2582 207 2616 4
229 2581 290 2619 sit.
354 2581 407 2617 Et
438 2594 509 2630 per
542 2581 755 2630 insequens
788 2580 957 2617 biduum
987 2580 1247 2617 tumultuosis
1274 2579 1368 2616 hine
1401 2583 1520 2629 atque
1552 2579 1664 2615 illinc

233 2652 538 2690 excursionibus
570 2652 611 2689 in
642 2652 769 2689 vicem
816 2651 920 2688 nihil
966 2651 1076 2688 dictu
1120 2651 1217 2688 satis
1262 2650 1426 2699 dignum
1464 2651 1664 2695 fecerunt3
