1789 2955
247 103 326 140 118
635 99 751 134 Liber
772 97 940 133 XXVII.
990 99 1050 142 (A.
1078 110 1111 132 u.
1138 109 1167 132 c.
1193 90 1302 142 547.)-

247 227 287 264 in
319 227 521 264 cohortem
552 225 775 264 Romanam
806 226 987 272 immisit;
1036 226 1114 272 ibi,
1159 229 1204 262 ut
1235 229 1349 276 patre
1380 228 1611 266 Hamilcare
1642 233 1681 267 et

244 297 477 335 Hannibale
508 298 632 335 fratre
664 297 829 347 dignum
861 302 956 345 erat,
987 310 1169 347 pugnans
1201 298 1355 336 cecidit.

204 369 227 406 5
360 369 574 418 Nunquam
606 383 651 407 eo
683 370 791 407 bello
822 383 900 408 una
931 370 1015 408 acie
1040 372 1196 406 tantum
1222 369 1396 408 hostium
1430 372 1682 409 interfectum

247 445 317 488 est,
347 441 586 491 redditaque
618 455 731 491 aequa
755 441 954 479 Cannensi
986 440 1120 478 clades
1150 441 1213 478 vel
1246 441 1358 479 ducis
1389 443 1456 480 vel
1488 444 1683 482 exercitus

205 514 227 549 6
246 513 414 550 interitu
443 513 668 551 videbatur.
730 513 1038 563 Quinquaginta
1079 526 1148 550 sex
1180 513 1307 551 millia
1337 514 1509 552 hostium
1542 516 1683 562 occisa,

248 588 363 635 capta
395 585 573 634 quinque
590 585 720 622 millia
737 588 777 622 et
793 585 1099 635 quadringenti;
1131 598 1275 634 magna
1301 586 1438 635 praeda
1461 587 1543 635 alia
1560 600 1683 636 quum

212 658 232 692 7
251 656 380 694 omnis
413 656 586 705 generis,
617 659 700 693 tum
734 657 821 694 auri
853 658 972 695 etiam
1005 657 1255 706 argentique;
1288 658 1434 696 civium
1467 659 1585 696 etiam
1604 658 1683 695 Ro-

247 741 464 775 manorum,
512 728 580 778 qui
612 729 719 778 capti
765 729 872 779 apud
917 729 1052 766 hostes
1084 731 1216 774 erant,
1263 742 1384 779 supra
1429 730 1510 768 tria
1555 730 1684 768 millia

246 800 424 849 capitum
455 803 627 850 recepta.
687 800 738 837 Id
758 801 893 838 solatii
925 801 1001 837 fuit-
1031 813 1103 850 pro
1135 801 1292 838 amissis
1325 815 1370 840 eo
1401 802 1545 851 proelio
1577 802 1684 839 mili-

244 872 364 910 tibus.
412 871 514 909 Nam
545 871 852 921 haudquaquam
876 872 1084 909 incruenta
1107 871 1278 910 victoria
1309 873 1407 919 fuit3
1441 876 1530 912 octo
1561 875 1683 912 ferme

205 943 377 980 Smillia
392 943 667 981 Romanorum
684 944 963 993 sociorumque
980 944 1130 989 occisa,
1163 944 1344 993 adeoque
1361 946 1481 982 etiam
1512 946 1685 984 victores

245 1015 452 1064 sanguinis
484 1015 685 1065 caedisque
717 1020 877 1066 ceperat
895 1016 1068 1062 satietas,
1100 1020 1143 1052 ut
1160 1019 1318 1066 postero
1336 1016 1413 1063 die,
1445 1030 1567 1067 quum
1585 1021 1685 1056 esset

244 1087 474 1124 nuntiatum
505 1086 624 1124 Livio
655 1088 829 1135 consuli,
862 1086 1003 1125 Gallos
1044 1088 1271 1138 Cisalpinos
1303 1089 1567 1139 Liguresque,
1616 1090 1687 1139 qui

246 1162 314 1197 aut
344 1158 488 1209 proelio
534 1172 613 1196 non
645 1159 852 1197 affuissent
897 1163 965 1198 aut
1013 1161 1120 1197 inter
1153 1159 1299 1197 caedem
1332 1160 1576 1209 effugissent,
1606 1175 1685 1199 uno

247 1231 404 1280 agmine
437 1230 548 1268 abire
579 1232 663 1269 sine
695 1235 803 1269 certo
836 1231 953 1281 duce,
1001 1232 1087 1269 sine
1133 1231 1280 1281 signis,
1313 1232 1398 1270 sine
1429 1232 1570 1271 ordine
1601 1233 1686 1271 ullo

203 1304 225 1338 9
246 1306 315 1340 aut
345 1303 532 1352 imperi03
565 1316 690 1353 posse,
721 1305 754 1341 si
777 1317 856 1341 una
884 1304 1061 1353 equitum
1090 1304 1154 1342 ala
1171 1304 1364 1351 mittatur,
1396 1317 1532 1342 omnes
1551 1304 1688 1343 deleri.

249 1373 382 1424 „Quin
413 1375 639 1425 supersint“
674 1375 805 1424 inquit
855 1375 1007 1425 „aliqui
1047 1376 1180 1413 nuntii
1212 1379 1251 1413 et-
1280 1376 1455 1414 hostium
1489 1375 1614 1414 cladis
1647 1380 1684 1413 et

244 1450 391 1485 nostrae
422 1447 622 1485 virtutis.“

96 1514 152 1563 50
353 1518 461 1557 Nero
494 1532 538 1556 ea
554 1521 680 1566 nocte,
699 1532 786 1568 quae
814 1522 950 1556 secuta
976 1522 1036 1556 est
1053 1519 1472 1569 pugnam,prof'eetus
1489 1519 1685 1564 citatiore,

247 1604 366 1640 quam
397 1590 490 1627 inde
521 1594 704 1637 venerat,
752 1590 931 1639 agmine,
964 1590 1029 1628 die
1060 1593 1173 1628 sexto
1207 1591 1256 1627 ad
1288 1590 1433 1629 stativa
1465 1604 1536 1628 sua
1568 1593 1687 1641 atque

206 1663 228 1698 2
247 1661 299 1699 ad
329 1662 484 1699 hostem
513 1663 711 1713 pervenit.
759 1662 846 1699 Iter
878 1662 962 1699 eius
994 1663 1223 1711 frequentia
1253 1663 1417 1712 minore,
1451 1663 1545 1712 quia
1571 1674 1687 1699 nemo

247 1738 509 1784 praecesserat
524 1734 701 1780 nuntius,
732 1734 880 1771 laetitia
909 1747 1002 1771 vero
1026 1737 1164 1781 tantas
1181 1734 1249 1771 vix
1280 1737 1325 1771 ut
1353 1736 1554 1783 compotes
1579 1746 1687 1770 men-

208 1807 349 1843 3tium
380 1819 462 1856 prae
494 1806 642 1855 gaudio
676 1809 819 1852 essent,
850 1806 1094 1843 celebratum
1127 1809 1196 1843 est.
1258 1805 1359 1843 Nam
1376 1805 1515 1842 Romae
1546 1807 1688 1842 neuter

248 1878 370 1915 animi
401 1877 565 1916 habitus
597 1879 694 1916 satis
726 1877 809 1915 dici
842 1878 1101 1927 enarrarique
1136 1880 1287 1927 potest,
1321 1890 1392 1914 nec
1424 1889 1502 1926 quo
1535 1876 1689 1914 incerta

250 1951 546 2000 exspectatione
578 1954 742 1987 eventus
773 1950 914 1988 civitas
944 1950 1087 1996 fuerat,
1119 1962 1191 1986 nec
1223 1962 1301 1998 quo
1331 1948 1512 1987 victoriae
1542 1948 1687 1985 famam

207 2021 232 2057 4
252 2022 418 2071 accepit.
477 2021 693 2071 Nunquam
738 2035 810 2072 per
851 2035 985 2059 omnes
1017 2021 1122 2067 dies,
1162 2034 1209 2057 ex
1240 2033 1318 2069 quo
1351 2019 1566 2057 Claudium
1597 2032 1688 2057 con·

251 2093 377 2130 sulem
393 2093 616 2143 profectum
634 2094 739 2131 fama
771 2093 919 2139 attulit,
951 2093 1000 2130 ab
1033 2096 1120 2130 orto
1152 2093 1235 2130 sole
1268 2091 1319 2130 ad
1343 2091 1593 2129 occidentem
1620 2094 1689 2128 aut

250 2168 411 2202 senator
456 2165 669 2215 quisquam
700 2179 723 2202 a
753 2165 866 2203 curia
905 2167 1023 2214 atque
1071 2165 1118 2201 ab
1165 2164 1467 2213 magistratibus
1499 2163 1690 2200 abscessit

208 2236 230 2272 5
250 2239 319 2274 aut
336 2237 509 2287 populus
540 2250 561 2274 e
593 2237 698 2283 foro3
733 2240 936 2282 matronae,
971 2237 1067 2285 quia
1097 2236 1199 2273 nihil
1232 2236 1273 2273 in
1300 2235 1399 2285 ipsis
1416 2235 1502 2284 opis
1519 2237 1614 2281 erat,
1647 2234 1689 2271 in

252 2322 390 2358 preces
423 2308 792 2358 obtestationesque
823 2322 960 2355 versae,
991 2322 1062 2358 per
1094 2307 1225 2345 omnia
1257 2307 1426 2344 delubra
1455 2319 1567 2354 vagae
1598 2318 1689 2355 sup-

208 2380 384 2430 6pliciis
415 2381 601 2430 votisque
647 2381 817 2429 fatigare
864 2379 971 2417 deos.
1039 2379 1138 2417 Tam
1183 2378 1367 2416 sollicitae
1414 2391 1459 2415 ac
1491 2390 1690 2427 suspensae

253 2452 409 2490 civitati
439 2452 545 2490 fama
577 2453 730 2490 incerta
760 2452 889 2501 primo
921 2450 1092 2497 accidit,
1132 2451 1230 2488 duos
1260 2449 1504 2488 Narnienses
1536 2449 1690 2498 equites

256 2524 296 2560 in
329 2528 470 2570 castra,
501 2537 588 2573 quae
620 2525 663 2562 in
694 2523 878 2562 faucibus
895 2523 1075 2560 Umbriae
1099 2522 1288 2572 opposita
1304 2525 1429 2567 erant,
1460 2520 1615 2558 venisse
1642 2533 1690 2557 ex

210 2596 393 2645 Tproelio
426 2596 657 2633 nuntiantes
704 2608 824 2633 caesos
869 2593 1018 2633 hostes.
1080 2593 1132 2631 Et
1178 2594 1306 2643 primo
1352 2593 1478 2642 magis
1524 2591 1690 2630 auribus

257 2680 376 2716 quam
422 2667 564 2705 animis
610 2667 651 2704 id
698 2669 903 2717 acceptum
935 2669 1041 2712 erat,
1072 2668 1115 2702 ut
1148 2666 1274 2703 maius
1305 2664 1528 2713 laetiusque,
1573 2676 1692 2713 quam
