1789 2955
278 98 358 135 130
642 93 759 128 Liber
784 90 975 126 XXVIH.
1030 92 1090 134 (A.
1116 103 1151 125 u.
1178 102 1208 125 c.
1233 92 1330 135 547.)

232 223 254 258 6
273 226 399 261 turos.
488 220 592 258 Laeti
622 233 758 269 regem
788 220 888 258 socii
919 218 1145 256 audierunt.
1192 218 1391 255 Reddidit
1421 219 1514 257 inde
1546 219 1710 258 Achaeis

274 293 461 331 Heraeam
494 296 533 330 et
548 291 810 341 Triphyliam,
840 291 1083 341 Alipheram
1103 293 1236 328 autem
1253 290 1569 341 Megalopolitis,
1602 294 1710 342 quod

231 366 251 400 7
273 378 433 402 suorum
464 365 588 402 fuisse
619 363 757 401 finium
789 364 886 402 satis
916 363 1154 413 probabant,
1186 362 1374 400 restituit.
1420 363 1522 400 Inde
1539 364 1709 402 navibus

275 437 451 485 acceptis
469 437 517 474 ab
534 436 700 474 Achaeis
730 435 862 484 (erant
892 438 1024 472 autem
1054 438 1138 471 tres
1162 434 1436 484 quadriremes
1468 439 1508 472 et
1538 436 1709 474 biremes

230 512 253 543 ἐπ’
272 508 459 557 totidem)
491 507 730 555 Anticyram
760 507 932 544 traiecit.
979 506 1082 544 Inde
1104 506 1464 555 quinqueremibus
1489 511 1638 556 septem
1670 511 1712 545 et

273 580 414 618 lembis
445 580 591 629 viginti
622 579 812 628 amplius,
844 592 954 627 quos,
986 581 1032 615 ut
1062 577 1299 626 adiungeret
1315 576 1710 627 Carthaginiensium

275 653 407 699 classi,
454 653 616 689 miserat
646 652 687 688 in
719 650 972 688 Corinthium
1018 649 1168 695 sinum,
1199 649 1402 698 profectus
1432 651 1483 687 ad
1514 650 1711 699 Erythras

272 723 519 770 AEtolorum,
565 738 653 774 quae
698 737 823 773 prope
868 721 1087 771 Eupalium
1133 724 1243 770 sunt,
1291 722 1558 759 escensionem
1603 722 1711 761 fecit.

231 802 252 832 ,ἢ
272 795 393 832 Haud
424 795 566 832 fefellit
598 792 774 838 AEtolos3
819 806 909 831 nam
941 793 1148 830 hominum
1180 792 1287 842 quod
1319 797 1388 830 aut
1426 793 1467 830 in
1499 795 1607 843 agris
1640 800 1709 832 aut

273 868 313 903 in
345 865 583 916 propinquis
630 864 805 902 castellis
844 864 1071 902 Potidaniae
1109 867 1228 913 atque
1259 864 1492 914 Apolloniae
1535 867 1623 914 fuit,
1669 868 1710 904 iu

204 943 253 980 10
272 939 396 976 silvas
438 942 671 986 montesque
715 936 884 986 refugit;
930 949 1086 986 pecora,
1133 949 1220 986 quae
1267 937 1370 974 inter
1413 938 1710 976 festinationem

273 1011 384 1059 abigi
415 1010 667 1059 nequierant,
713 1011 807 1045 sunt
838 1008 995 1058 direpta
1041 1010 1081 1045 et
1112 1008 1153 1045 in
1184 1022 1305 1046 naves
1336 1009 1551 1059 compulsa.
1612 1009 1711 1048 Cum
1781 1036 1785 1039 -

271 1083 323 1120 iis
355 1087 566 1131 ceteraque
597 1081 734 1131 praeda
750 1080 880 1127 Nicia,
912 1083 1083 1129 praetore
1101 1080 1356 1128 Achaeorum,
1389 1081 1555 1130 AEgium
1578 1083 1711 1129 misso,

273 1167 394 1204 quum
413 1153 651 1192 Corinthum
683 1152 863 1202 petisset,
894 1151 1098 1201 pedestres
1132 1152 1225 1190 inde
1255 1153 1391 1202 copias
1421 1166 1492 1202 per
1507 1154 1709 1191 Boeotiam

205 1230 252 1265 11
272 1231 382 1264 terra
414 1226 506 1263 duci
536 1224 676 1271 iussit3
706 1224 791 1273 ipse
830 1224 878 1261 ab
911 1223 1125 1261 Cenchreis
1162 1228 1311 1273 praeter
1349 1228 1498 1262 terram
1529 1225 1709 1264 Atticam

272 1311 392 1348 super
424 1297 593 1335 Sunium
625 1296 820 1344 navigans
854 1296 959 1333 inter
1004 1296 1154 1333 medias
1194 1309 1320 1345 prope
1358 1296 1532 1335 hostium
1564 1299 1711 1336 classes

203 1373 251 1410 1⁶2
273 1369 505 1408 Chalcidem
536 1368 732 1418 pervenit.
793 1367 914 1414 Inde,
946 1367 1174 1405 collaudata
1205 1367 1283 1405 fide
1315 1382 1360 1405 ac
1390 1369 1558 1417 virtute,
1603 1372 1712 1420 quod

271 1455 400 1492 neque
431 1442 554 1478 timor
598 1454 671 1477 nec
717 1454 806 1490 spes
837 1439 1014 1477 flexisset
1058 1453 1193 1477 eorum
1240 1440 1405 1487 animos,
1435 1441 1711 1492 hortatusque,

272 1516 313 1551 in
344 1517 548 1564 posterum
565 1516 611 1549 ut
641 1513 780 1549 eadem
812 1512 1040 1549 constantia
1055 1517 1337 1561 permanerent
1367 1513 1409 1550 in
1440 1514 1641 1560 societate,
1673 1515 1707 1551 si

205 1589 254 1625 13
273 1600 382 1624 suam
401 1599 520 1635 quam
538 1583 797 1621 Oritanorum
813 1586 934 1632 atque
952 1582 1221 1633 Opuntiorum
1238 1585 1439 1622 fortunam
1458 1585 1638 1633 mallent,
1658 1586 1707 1623 ab

272 1657 465 1695 Chalcide
476 1655 624 1693 Oreum
640 1655 816 1705 navigat,
832 1655 1140 1705 principumque
1158 1656 1218 1703 iis,
1237 1657 1307 1705 qui
1321 1657 1460 1705 fugere
1478 1661 1594 1707 capta
1610 1658 1708 1694 urbe

273 1744 391 1780 quam
409 1743 449 1767 se
472 1729 666 1766 Romanis
689 1728 849 1765 tradere
873 1729 1108 1775 maluerant,
1133 1741 1285 1765 summa
1308 1741 1441 1765 rerum
1466 1732 1506 1766 et
1529 1729 1710 1766 custodia

275 1802 387 1840 urbis
418 1801 622 1851 permissa,
653 1801 737 1850 ipse
769 1799 1072 1837 Demetriadem
1102 1801 1151 1838 ab
1183 1800 1358 1846 Euboea,
1398 1800 1503 1838 unde
1534 1801 1708 1850 primum

200 1877 251 1912 14
271 1875 321 1912 ad
354 1887 468 1924 opem
499 1872 701 1910 ferendam
734 1872 854 1909 sociis
884 1873 1087 1922 profectus
1120 1876 1215 1919 erat,
1246 1873 1415 1909 traiecit.
1449 1871 1708 1910 Cassandreae

270 1947 414 1985 deinde
445 1948 603 1983 centum
634 1944 795 1982 navium
826 1945 1037 1993 longarum
1069 1944 1216 1981 carinis
1247 1944 1389 1994 positis
1421 1947 1705 1994 contractaque

270 2019 321 2057 ad
353 2018 537 2055 effectum
570 2017 654 2054 eius
688 2017 819 2066 operis
850 2016 1106 2053 multitudine
1130 2016 1334 2053 fabrorum
1356 2016 1575 2063 navalium,
1607 2017 1704 2066 quia

269 2105 332 2128 res
365 2091 404 2127 in
437 2089 595 2127 Graecia
611 2088 853 2138 tranquillas
871 2094 909 2125 et
935 2088 1133 2137 profectio
1150 2088 1286 2125 Attali
1316 2088 1466 2125 fecerat
1489 2092 1529 2125 et
1551 2088 1591 2126 in
1608 2091 1705 2125 tem-

272 2176 370 2213 pore
402 2160 680 2199 laborantibus
712 2161 830 2198 soc-iis
861 2161 986 2198 latum
1018 2160 1067 2197 ab
1100 2173 1140 2197 se
1172 2159 1377 2206 auxilium,
1401 2163 1509 2197 retro
1550 2160 1590 2196 in
1621 2173 1706 2209 reg-

270 2249 363 2272 num
396 2234 601 2278 concessit,
632 2236 676 2269 ut
707 2233 912 2270 Dardanis
944 2233 1095 2269 bellum
1126 2231 1301 2268 inferret.

386 2306 578 2343 Extremo
617 2304 767 2341 aestatis
813 2305 917 2350 eius,
963 2318 1042 2354 qua
1072 2304 1156 2340 haec
1201 2304 1242 2340 in
1274 2303 1431 2341 Graecia
1461 2307 1572 2352 gesta
1603 2308 1705 2350 sunt,

269 2392 389 2429 quum
408 2378 456 2425 Q.
476 2376 627 2414 Fabius
652 2376 822 2412 Maximi
847 2376 956 2412 filius
982 2376 1138 2424 legatus
1165 2375 1212 2412 ab
1230 2375 1287 2412 M.
1304 2375 1421 2412 Livio
1448 2375 1607 2412 consule
1625 2376 1704 2413 Ro-

268 2465 371 2488 mam
389 2450 440 2486 ad
457 2452 638 2486 senatum
655 2449 798 2486 missus
815 2448 1051 2494 nuntiasset,
1069 2447 1269 2485 consulem
1296 2448 1392 2484 satis
1409 2447 1590 2496 praesidii
1609 2447 1704 2485 Gal-

267 2523 330 2559 liae
361 2521 581 2571 provinciae
614 2520 774 2558 credere
804 2519 850 2556 L.
883 2519 1072 2556 Porcium
1114 2532 1201 2556 cum
1234 2519 1316 2555 suis
1349 2519 1575 2568 legionibus
1608 2533 1703 2566 esse,

225 2599 246 2631 2?
268 2594 458 2631 decedere
483 2607 521 2630 se
547 2593 642 2630 inde
667 2606 710 2629 ac
737 2591 881 2629 deduci
901 2591 1118 2628 exercitum
1137 2590 1383 2627 consularem
1409 2604 1536 2639 posse,
1569 2594 1702 2640 patres

264 2680 343 2703 non
360 2666 414 2703 M.
431 2665 593 2703 Livium
616 2668 770 2701 tantum
801 2662 931 2699 redire
949 2662 999 2699 ad
1025 2662 1174 2707 urbem,
1207 2662 1277 2699 sed
1310 2662 1506 2711 collegam
1539 2675 1698 2712 quoque
