1789 2955
253 116 338 156 240
681 114 785 145 Liber
811 115 918 146 XXV.
955 114 1008 157 (A.
1032 126 1063 146 u.
1086 126 1114 146 e.
1136 115 1230 158 542.)

211 243 238 282 4
370 245 566 281 Romanis
597 245 769 288 interim,
803 245 905 282 sicut
932 247 1100 282 aliarum
1127 258 1270 291 rerum,
1308 248 1410 284 arcis
1440 247 1672 284 Tarentinae

253 315 521 363 praesidiique,
556 316 669 362 quod
693 315 747 350 ibi
772 315 1040 360 obsideretur,
1076 329 1170 353 cura
1194 323 1267 353 est.
1335 316 1380 353 C.
1409 318 1594 354 Servilius
1618 319 1672 354 le-

251 392 382 433 gatus,
417 397 465 421 ex
494 386 733 421 auctoritate
763 391 920 433 patrum
949 399 973 422 a
999 387 1042 422 P.
1074 386 1265 423 Cornelio
1294 393 1465 435 praetore
1493 388 1534 424 in
1558 389 1673 424 Etru-

253 456 350 491 riam
375 456 430 491 ad
455 455 697 491 frumentum
723 457 995 492 coemendum
1024 457 1180 501 missus,
1212 469 1302 494 cum
1328 458 1483 505 aliquot
1506 459 1673 495 navibus

253 526 408 562 onustis
434 526 489 571 ind
504 531 663 573 portum
687 526 953 563 Tarentinum
976 528 1079 563 inter
1105 528 1280 563 hostium
1305 528 1512 564 custodias
1536 540 1676 576 perve-

211 593 322 633 5nit.
386 595 508 632 Cuius
541 597 733 640 adventu,
768 597 833 644 qui
867 603 962 633 ante
994 598 1035 633 in
1065 598 1209 646 exigua
1233 610 1305 646 spe
1331 598 1463 633 vocati
1487 609 1596 646 saepe
1621 598 1675 634 ad

254 666 534 702 transitionem
561 666 612 701 ab
641 666 824 704 hostibus
855 680 926 716 per
954 668 1160 716 colloquia
1184 674 1310 712 erant,
1340 668 1442 704 ultro
1468 668 1522 703 ad
1549 673 1675 704 trans·

254 737 434 772 eundum
457 736 596 772 hostes
621 738 823 773 vocabant
847 738 1216 786 sollicitabantque.
1275 738 1327 774 Et
1350 744 1436 774 erat
1461 739 1556 775 satis
1581 739 1675 775 vali-

254 807 350 842 dum
375 806 618 854 praesidium,
643 809 837 844 traductis
862 809 916 843 ad
941 820 1076 844 arcem
1093 808 1261 845 Tarenti
1293 810 1485 845 tuendam
1504 822 1527 844 a
1544 807 1676 845 Aleta-

213 874 238 913 6
250 881 367 923 ponto
384 877 586 914 militibus.
640 878 782 925 Itaque
800 878 1073 927 Metapontini
1091 879 1295 927 extemplo
1314 885 1436 922 metu,
1463 891 1543 926 quo
1564 885 1675 916 tene—

255 948 411 991 bantur,
445 947 600 982 liberati
632 948 687 983 ad
720 947 992 984 Hannibalem
1025 949 1229 985 defecere.

215 1014 237 1054 7
373 1017 465 1053 Hoc
489 1018 598 1053 idem
624 1019 771 1054 eadem
796 1031 867 1055 ora
891 1020 1011 1055 maris
1036 1025 1076 1055 et
1099 1020 1267 1055 Thurini
1295 1019 1489 1056 fecerunt.
1550 1019 1677 1055 Movit

256 1100 328 1124 eos
360 1099 445 1123 non
479 1087 792 1125 Tarentinorum
825 1090 954 1138 magis
990 1089 1169 1126 defectio
1203 1089 1675 1138 Metapontinorumque,

256 1159 413 1206 quibus,
446 1158 631 1194 indidem
659 1171 707 1194 ex
737 1160 891 1195 Achaia
920 1160 1095 1204 oriundi,
1125 1160 1246 1195 etiam
1277 1160 1524 1208 cognatione
1554 1161 1677 1197 iuncti

256 1236 383 1273 erant,
418 1241 539 1277 quam
563 1229 622 1264 ira
645 1230 687 1265 in
716 1230 926 1267 Romanos
952 1236 1118 1279 propter
1142 1230 1310 1266 obsides
1335 1242 1464 1278 nuper
1491 1231 1678 1268 interfec-

216 1296 332 1337 Stos.
381 1300 533 1336 Eorum
563 1300 679 1336 amici
708 1301 954 1349 cognatique
986 1302 1136 1337 litteras
1166 1313 1213 1337 ac
1239 1301 1403 1337 nuntios
1427 1302 1482 1336 ad
1508 1301 1678 1338 Hanno-

255 1384 349 1407 nem
374 1370 692 1418 Magonemque,
725 1371 791 1418 qui
821 1371 862 1407 in
890 1372 1120 1419 propinquo
1145 1372 1186 1407 in
1214 1370 1375 1408 Bruttiis
1400 1376 1526 1414 erant,
1559 1371 1677 1407 mise-

256 1447 359 1485 runt,
393 1441 425 1477 si
459 1441 675 1477 exercitum
709 1443 763 1477 ad
796 1442 946 1478 moenia
971 1442 1262 1485 admovissent,
1299 1454 1342 1477 se
1366 1442 1407 1477 in
1435 1448 1680 1489 potestatem

217 1505 242 1546 9
258 1523 398 1548 eorum
421 1512 560 1547 urbem
584 1512 802 1548 tradituros
822 1524 925 1548 esse.
975 1511 1030 1548 M.
1052 1512 1208 1548 Atinius
1228 1512 1387 1548 Thuriis
1405 1523 1495 1547 cum
1513 1513 1678 1549 modico

257 1582 447 1630 praesidio
470 1587 652 1630 praeerat,
679 1594 800 1629 quem
825 1582 941 1618 facile
969 1582 1056 1618 elici
1075 1583 1129 1617 ad
1147 1588 1353 1619 certamen
1371 1587 1522 1618 temere
1538 1583 1680 1619 ineun-

258 1653 354 1688 dum
387 1652 578 1688 rebantur
610 1664 747 1700 posse,
782 1664 867 1689 non
899 1657 978 1688 tam
1012 1652 1193 1696 militum,
1228 1664 1331 1700 quos
1356 1664 1584 1700 perpaucos
1609 1654 1678 1689 ha-

260 1724 395 1767 bebat,
434 1722 583 1759 fiducia
621 1734 744 1771 quam
775 1724 990 1759 iuventutis
1025 1723 1235 1766 Thurinae;
1279 1734 1371 1758 eam
1403 1735 1451 1758 ex
1483 1724 1681 1760 industria

192 1786 245 1827 lO
258 1794 552 1830 centuriaverat
589 1799 894 1842 armaveratque
934 1795 989 1830 ad
1029 1794 1128 1830 tales
1169 1805 1300 1829 casus.
1365 1792 1512 1830 Divisis
1553 1794 1680 1842 copiis

258 1864 361 1899 inter
389 1875 432 1900 se
461 1864 587 1900 duces
615 1864 730 1900 Poeni
758 1877 880 1912 quum
909 1876 1052 1913 agrum
1081 1864 1304 1900 Thurinum
1333 1864 1503 1912 ingressi
1531 1871 1703 1908 essent„

259 1933 412 1970 Hanno
440 1945 530 1970 cum
554 1934 738 1982 peditum
763 1936 924 1982 agmine
948 1934 1104 1971 infestis
1128 1934 1252 1982 signis
1275 1934 1332 1969 ire
1357 1934 1412 1969 ad
1437 1935 1574 1970 urbem
1592 1946 1681 1982 per-

258 2004 328 2052 git,
348 2003 472 2051 Mago
492 2015 582 2040 cum
600 2004 780 2051 equitatu
797 2010 926 2041 tectus
940 2005 1108 2041 collibus
1121 2010 1216 2053 apte
1231 2005 1286 2039 ad
1297 2005 1497 2051 tegendas
1512 2005 1680 2041 insidias

193 2067 242 2107 11
261 2073 460 2122 oppositis
489 2073 679 2110 subsistit.
729 2075 900 2119 Atinius,
931 2075 1113 2123 peditum
1142 2080 1299 2110 tantum
1330 2074 1493 2122 agmine
1519 2085 1589 2122 per
1615 2086 1681 2110 ex-

258 2144 485 2192 ploratores
501 2150 724 2192 comperto,
743 2144 784 2180 in
798 2146 928 2181 aciem
941 2145 1082 2193 copias
1095 2146 1244 2186 educit,
1261 2150 1301 2181 et
1314 2144 1466 2180 fraudis
1480 2144 1680 2180 intestinae

194 2208 247 2248 12
262 2220 302 2250 et
334 2214 509 2250 hostium
540 2214 777 2250 insidiarum
812 2216 988 2264 ignarus.
1052 2216 1246 2252 Pedestre
1274 2216 1458 2263 proelium
1489 2214 1560 2250 fuit
1592 2226 1680 2263 per-

262 2296 401 2332 segne,
435 2284 574 2332 paucis
607 2285 647 2320 in
680 2285 808 2333 prima
838 2286 924 2322 acie
949 2286 1224 2334 pugnantibus
1249 2285 1457 2328 Romanis,
1491 2285 1680 2320 Thurinis

263 2355 590 2402 exspectantibus
615 2356 744 2404 magis
768 2368 889 2404 quam
914 2356 1197 2392 adiuvantibus
1222 2361 1428 2398 eventum;
1456 2360 1496 2390 et
1513 2354 1680 2391 Cartha-

262 2425 505 2473 giniensium
537 2425 646 2462 acies
679 2427 732 2462 de
765 2427 962 2463 industria
995 2427 1144 2475 pedem
1177 2426 1390 2470 referebat,
1425 2430 1467 2461 ut
1489 2425 1544 2461 ad
1568 2432 1681 2473 terga

263 2495 376 2532 collis
419 2496 470 2531 ab
514 2497 648 2543 equite
693 2508 766 2532 suo
806 2497 949 2533 insessi
990 2497 1147 2532 hostem
1180 2497 1386 2532 incautum
1419 2496 1678 2544 pertraheret.

197 2564 249 2603 13
264 2565 358 2610 Quo
391 2566 457 2600 ubi
491 2572 552 2602 est
582 2573 759 2611 ventum,
793 2567 922 2603 coorti
956 2579 1046 2603 cum
1079 2567 1255 2603 clamore
1289 2567 1442 2614 equites
1469 2578 1597 2614 prope
1621 2566 1681 2602 in—

265 2636 474 2672 conditam
506 2637 778 2673 Thurinorum
817 2638 974 2674 turbam
1013 2649 1089 2674 nec
1129 2637 1225 2674 satis
1263 2637 1346 2673 fido
1379 2637 1530 2681 animo,
1571 2636 1680 2673 unde
