1768 2943
262 118 316 158 66
687 115 790 146 Liber
815 115 925 146 XXII.
959 113 1014 157 (A.
1041 125 1073 146 u.
1100 125 1129 146 c.
1156 114 1251 157 537.)

219 246 319 285 4Ibi
343 259 415 295 per
438 246 526 283 dies
550 246 703 294 aliquot
727 246 871 283 stativa
895 246 1044 290 habita,
1077 247 1333 296 refectusque
1360 246 1473 284 miles
1500 248 1676 286 hibernis

260 317 468 353 itineribus
486 329 534 354 ac
550 317 715 366 palustri
733 317 795 353 via
812 317 1035 365 proelioque
1060 318 1189 366 magis
1207 318 1260 354 ad
1285 323 1473 354 eventum
1492 320 1676 355 secundo

220 385 382 436 5quam
414 387 489 423 levi
521 393 589 423 aut
621 387 726 424 facili
760 387 941 424 affectus.
989 387 1069 424 Ubi
1093 388 1188 424 satis
1212 388 1356 436 quietis
1374 388 1515 424 datum
1538 390 1677 438 praeda

261 470 309 494 ac
341 457 671 506 populationibus
703 457 832 506 magis
865 469 986 505 quam
1019 458 1102 494 otio
1136 463 1205 494 aut
1227 458 1364 506 requie
1388 459 1674 507 gaudentibus.

260 528 467 576 profectus
506 527 791 564 Praetutianum
824 527 1148 576 Hadrianumque
1188 540 1340 577 agrum,
1381 528 1541 566 Marsos
1580 530 1677 566 inde

260 598 593 646 Marrucinosque
627 603 667 634 et
693 597 886 646 Pelignos
916 599 1102 635 devastat
1126 599 1312 646 circaque
1329 599 1462 647 Arpos
1487 605 1526 635 et
1549 599 1677 637 Luce-

220 666 358 706 firiam
387 668 612 717 proximam
629 668 782 717 Apuliae
810 669 1033 717 regionem.
1087 668 1161 706 Cn.
1187 669 1372 705 Servilius
1400 670 1556 714 consul,
1586 670 1677 706 levi-

260 739 334 775 bus
367 738 515 787 proeliis
549 750 639 775 cum
664 737 791 775 Gallis
824 739 939 775 factis
972 745 1012 775 et
1043 751 1125 775 uno
1154 739 1309 788 oppido
1333 739 1501 787 ignobili
1527 753 1677 790 expug-

259 814 371 854 nato,
405 815 621 858 postquam
654 810 707 845 de
739 810 906 858 collegae
938 810 1216 857 exercitusque
1249 810 1362 846 caede
1394 810 1558 855 audivit,
1597 811 1677 849 iam

258 879 460 916 moenibus
491 880 630 929 patriae
661 885 860 924 metuens,
894 892 945 916 ne
974 880 1136 916 abesset
1158 879 1199 915 in
1225 879 1455 916 discrimine
1483 887 1675 926 extremo,

259 951 314 986 ad
346 951 486 986 urbem
518 951 591 987 iter
622 950 811 987 intendit.

220 1018 242 1059 7
379 1021 430 1067 Q.
455 1021 603 1058 Fabius
627 1020 826 1057 Maximus
859 1020 1034 1056 dictator
1065 1020 1220 1064 iterum,
1254 1032 1335 1068 quo
1369 1021 1436 1057 die
1468 1023 1677 1072 magistra-

259 1098 342 1127 tum
358 1091 458 1135 iniit,
476 1096 623 1128 vocato
643 1096 799 1135 senam,
826 1091 876 1126 ab
895 1091 958 1126 dis
976 1102 1104 1135 orsus,
1130 1102 1253 1138 quum
1278 1091 1511 1128 edocuisset
1527 1098 1675 1141 patres,

258 1162 347 1210 plus
379 1161 627 1210 negligentia
654 1161 973 1198 caerimoniarum
1004 1160 1347 1209 auspiciorumque
1379 1174 1493 1208 quam
1518 1164 1677 1200 temeri-

258 1237 341 1268 tate
359 1237 481 1280 atque
497 1232 656 1268 inscitia
673 1237 885 1281 peccatum
899 1230 1188 1267 aC.Flaminio
1203 1232 1370 1268 consule
1383 1244 1486 1278 esse,
1506 1246 1677 1282 quaeque

221 1300 418 1352 Spiacula
449 1303 516 1339 irae
540 1303 663 1339 deum
688 1307 837 1346 essent,
863 1302 975 1350 ipsos
999 1302 1101 1338 deos
1126 1303 1404 1339 consulendos
1422 1315 1524 1347 esse,
1549 1304 1677 1352 pervi-

258 1373 323 1418 cit,
356 1378 411 1417 ut,
445 1374 558 1421 quod
585 1385 670 1409 non
698 1373 823 1409 ferme
848 1372 1089 1416 decernitur,
1114 1372 1189 1409 nisi
1214 1385 1337 1420 quum
1360 1378 1473 1410 taetra
1489 1374 1677 1423 prodigia

257 1443 442 1480 nuntiata
474 1434 579 1486 sunt,
613 1443 830 1480 decemviri
873 1443 995 1479 libros
1028 1442 1242 1491 Sibyllinos
1281 1443 1394 1479 adire
1432 1443 1675 1482 iuberentur.

219 1512 352 1560 9Qui,
385 1514 577 1562 inspectis
606 1514 792 1564 fatalibus
816 1513 938 1557 libris,
972 1513 1206 1549 rettulerunt
1231 1513 1423 1561 patribus,
1453 1516 1567 1562 quod
1591 1516 1677 1552 eius

256 1585 349 1620 belli
382 1596 504 1621 causa
536 1590 672 1620 votum
695 1584 814 1620 Marti
848 1584 964 1628 foret,
997 1583 1041 1620 id
1063 1596 1149 1620 non
1172 1584 1245 1620 rite
1269 1583 1418 1620 sactum
1441 1585 1494 1621 de
1517 1585 1676 1634 integro

193 1652 246 1693 10
259 1660 380 1703 atque
398 1654 568 1703 amplius
594 1654 829 1691 faciundum
854 1667 957 1699 esse,
992 1660 1032 1690 et
1053 1654 1137 1691 Iovi
1162 1655 1282 1690 ludos
1304 1667 1477 1703 magnos
1502 1660 1542 1691 et
1566 1656 1676 1692 aedes

257 1725 409 1762 Veneri
441 1724 624 1774 Erycinae
657 1737 704 1762 ac
736 1725 863 1761 Menti
891 1725 1100 1761 vovendas
1133 1737 1236 1769 esse,
1271 1730 1311 1761 et
1339 1726 1676 1774 supplicationem

256 1795 625 1843 lectisterniumque
657 1796 906 1840 habendum,
935 1801 975 1832 et
997 1808 1064 1831 ver
1082 1807 1240 1832 sacrum
1264 1797 1507 1836 vovendum.
1537 1796 1569 1833 si
1593 1797 1676 1833 bel-

257 1866 380 1902 latum
412 1877 606 1914 prospere
631 1871 738 1902 esset
761 1878 905 1913 resque
930 1866 1089 1914 publica
1114 1865 1154 1902 in
1179 1866 1341 1908 eodem,
1375 1878 1456 1913 quo
1481 1872 1575 1903 ante
1593 1867 1675 1903 bel-

192 1934 338 1974 lllum
370 1936 523 1979 fuisset,
556 1940 661 1972 statu
693 1936 995 1984 permansisset.
1058 1936 1244 1980 Senatus,
1278 1936 1472 1983 quoniam
1504 1937 1674 1974 Fabium

256 2006 349 2042 belli
377 2018 471 2042 cura
496 2010 742 2055 occupatura
767 2012 886 2050 esset,
913 2006 969 2042 M.
988 2007 1192 2042 AEmilium
1217 2011 1429 2055 praetorem
1448 2020 1496 2043 ex
1514 2007 1673 2056 collegii

255 2075 492 2125 pontificum
520 2076 733 2120 sententia,
768 2076 904 2113 omnia
928 2089 978 2113 ea
1002 2081 1044 2113 ut
1065 2082 1221 2113 mature
1244 2077 1354 2121 fiant,
1388 2089 1526 2114 curare
1548 2078 1672 2115 iubet.

151 2142 194 2187 10
256 2146 331 2183 His
348 2152 512 2183 senatus
535 2146 728 2183 consultis
753 2146 954 2195 perfectis,
979 2147 1024 2183 L.
1045 2147 1257 2184 Cornelius
1274 2147 1468 2184 Lentulus
1490 2148 1673 2197 pontifex

256 2217 465 2260 maximus,
510 2217 748 2253 consulente
788 2217 1001 2265 collegium
1045 2224 1229 2266 praetore,
1278 2218 1458 2255 omnium
1502 2218 1672 2267 primum

258 2287 451 2336 populum
484 2287 780 2323 consulendum
813 2288 866 2323 de
890 2300 983 2324 vere
1011 2300 1127 2325 sacro
1161 2293 1319 2331 censet;
1353 2288 1505 2325 iniussu
1532 2288 1670 2337 populi

218 2356 390 2396 ‘lvoveri
423 2370 508 2393 non
540 2369 676 2405 posse.
731 2359 913 2406 Rogatus
945 2358 985 2394 in
1019 2359 1103 2395 haec
1128 2360 1250 2395 verba
1272 2359 1463 2408 populus:
1504 2359 1670 2395 «Velitis

255 2427 480 2464 iubeatisne
514 2428 598 2464 haec
623 2428 678 2464 sic
703 2427 812 2464 fieri?
845 2428 885 2463 Si
908 2441 971 2465 res
995 2429 1154 2477 publica
1178 2430 1316 2478 populi
1342 2429 1516 2466 Romani
1541 2429 1670 2475 Quiri·

255 2498 352 2533 tium
370 2499 425 2534 ad
442 2497 759 2546 quinquennium
777 2499 1015 2547 proximum,
1039 2499 1143 2536 sicut
1164 2499 1279 2536 velim
1305 2512 1568 2548 voveamque,
1593 2500 1670 2536 sal-

256 2581 303 2603 va
337 2573 493 2604 servata
525 2569 598 2605 erit
629 2569 738 2605 hisce
771 2569 927 2614 duellis,
961 2571 1074 2618 quod
1098 2571 1274 2606 duellum
1298 2571 1450 2618 populo
1479 2571 1668 2607 Romano

256 2651 345 2674 cum
371 2638 694 2688 Carthaginiensi
727 2644 800 2683 est,
834 2642 1004 2688 quaeque
1037 2641 1171 2677 duella
1203 2652 1293 2677 cum
1321 2640 1446 2677 Gallis
1472 2645 1576 2682 sunt.
1601 2640 1668 2688 qui
