1789 2955
254 86 334 125 232
670 83 786 119 Liber
812 83 937 119 XXX.
985 85 1046 129 (A.
1073 96 1107 119 u.
1135 95 1163 119 c.
1189 85 1282 129 551.)

253 208 523 248 Hannibalem
554 211 770 250 mittendos
801 215 979 249 censent:
1027 211 1188 262 quippe,
1220 212 1346 251 ‚classi
1376 216 1421 250 ut
1452 213 1684 251 felicissime

209 282 235 319 8
254 285 445 331 gerantur
459 295 533 330 res,
544 285 658 332 parte
675 282 813 333 aliqua
831 283 957 321 levari
969 281 1099 320 Uticae
1117 282 1386 329 obsidionem;
1401 283 1683 334 Carthaginem

257 352 385 402 ipsam
403 354 473 403 qui
489 356 661 399 tueatur,
680 367 808 404 neque
826 355 1109 404 imperatorem
1137 355 1258 393 alium
1278 368 1397 405 quam
1414 355 1685 394 Hannibalem

211 425 234 462 9
252 437 380 473 neque
412 425 630 463 exercitum
664 426 787 463 alium
812 439 932 476 quam
958 426 1200 464 Hannibalis
1227 440 1444 477 superesse.
1488 427 1684 466 Deductae

253 508 348 544 ergo
380 499 540 546 postero
571 496 634 535 die
664 510 796 545 naves,
827 497 946 535 simul
986 500 1025 535 et
1056 497 1179 546 legati
1217 499 1257 536 in
1289 498 1453 537 Italiam
1493 500 1682 549 profecti3

253 568 479 618 raptimque
518 568 650 606 omnia
693 569 925 608 stimulante
964 569 1124 607 fortuna
1166 569 1403 618 agebantur,
1441 573 1481 608 et
1522 571 1564 607 in
1606 584 1685 620 quo

256 639 426 689 quisque
458 644 660 690 cessasset,
693 641 812 690 prodi
847 641 895 678 ab
929 654 968 678 se
1001 641 1173 678 salutem
1204 641 1379 679 omnium
1410 641 1586 679 rebatur.

182 711 233 748 10
365 709 502 762 Scipio
533 725 695 761 gravem
727 713 805 750 iam
837 713 978 763 spoliis
1009 712 1223 750 multarum
1254 713 1415 750 urbium
1461 714 1681 752 exercitum

256 783 430 831 trahens,
447 784 616 834 captivis
643 785 804 834 aliaque
822 785 958 834 praeda
974 784 1015 821 in
1032 788 1168 823 vetera
1193 788 1322 821 castra
1345 784 1396 821 ad
1412 784 1574 823 Uticam
1593 786 1683 823 mis-

253 856 319 902 sis,
336 856 414 893 iam
445 856 487 894 in
513 855 796 904 Carthaginem
823 856 1001 893 intentus
1026 859 1194 906 occupat
1224 856 1409 894 relictum
1435 856 1530 906 fuga
1554 860 1682 894 custo-

183 926 230 963 11
250 927 343 965 dum
360 927 525 977 Tyneta.
573 928 703 966 Abest
720 929 768 966 ab
788 928 1035 976 Cartha-gine
1061 927 1291 977 quindecim
1308 928 1438 966 millia
1455 928 1577 965 ferme
1594 941 1683 977 pas-

183 999 232 1036 12
249 1012 363 1038 suum
387 1000 495 1037 locus
520 1013 642 1050 quum
669 1001 868 1049 operibus,
900 1003 985 1036 tum
1009 1002 1149 1049 suapte
1174 1003 1318 1037 natura
1334 1003 1456 1044 tutus,
1489 1004 1527 1037 et
1553 1000 1622 1049 qui
1647 1003 1685 1037 et

248 1071 297 1108 ab
326 1071 568 1120 Carthagine
596 1072 772 1121 conspici
796 1075 834 1108 et
866 1072 1046 1122 praebere
1076 1072 1161 1120 ipse
1197 1076 1453 1121 prospectum
1485 1085 1607 1122 quum
1634 1071 1684 1109 ad

119 1137 171 1187 10
257 1143 396 1180 urbem
432 1148 516 1181 tum
554 1143 605 1181 ad.
642 1143 924 1181 circumfusum
951 1156 1059 1181 mare
1090 1143 1184 1180 urbi
1215 1144 1355 1193 possit.
1415 1143 1530 1190 Inde,
1563 1157 1686 1194 quum

250 1215 420 1252 maxime
436 1216 588 1254 vallum
614 1216 785 1253 Romani
814 1216 1002 1262 iacerent,
1026 1219 1238 1265 conspecta
1264 1216 1399 1254 classis
1422 1216 1597 1254 hostium
1626 1219 1685 1254 est

207 1287 230 1323 2
251 1285 413 1324 Uticam
431 1301 454 1324 a
471 1287 716 1337 Carthagine
733 1291 884 1338 petens.
929 1287 1064 1336 Igitur
1081 1288 1226 1324 omisso
1245 1301 1365 1337 opere
1381 1288 1685 1337 pronuntiatum

250 1358 339 1405 iter,
357 1359 550 1410 signaque
577 1359 725 1410 raptim
750 1360 848 1397 ferri
873 1363 965 1397 sunt
996 1362 1135 1409 coepta,
1169 1373 1218 1396 ne
1243 1373 1362 1397 naves
1395 1360 1436 1396 in
1463 1362 1612 1397 terram
1645 1363 1684 1396 et

253 1430 501 1468 obsidionem
516 1444 640 1469 versae
657 1444 701 1468 ac
719 1431 880 1468 minime
906 1431 1039 1468 navali
1055 1431 1198 1481 proelio
1226 1434 1329 1481 aptae
1348 1432 1683 1481 opprimerentur.

213 1501 333 1549 3Qui
365 1503 469 1540 enim
500 1504 741 1541 restit-issent
772 1504 872 1552 agili
919 1507 957 1541 et
1001 1503 1165 1541 nautico
1196 1504 1462 1541 instrumento
1510 1506 1613 1553 aptae
1645 1506 1684 1540 et

250 1578 410 1612 armatae
443 1575 561 1612 classi
591 1589 712 1613 naves
744 1579 943 1613 tormenta
982 1573 1266 1626 machinasque
1307 1578 1513 1625 portantes
1545 1578 1585 1612 et
1616 1578 1684 1613 aut

249 1646 290 1683 in
323 1648 598 1685 onerariarum
629 1661 743 1685 usum
774 1659 898 1685 versae
939 1650 1007 1684 aut
1044 1647 1100 1684 ita
1139 1648 1315 1698 appulsae
1347 1647 1489 1694 muris,
1535 1650 1579 1684 ut
1610 1659 1682 1696 pro

205 1719 227 1754 4
251 1731 396 1767 aggere
427 1733 470 1757 ac
498 1720 687 1769 pontibus
703 1719 883 1769 praebere
899 1718 1112 1756 adscensus
1137 1718 1332 1769 possent?
1371 1719 1515 1768 Itaque
1534 1716 1684 1768 Scipio,

250 1795 461 1841 postquam
493 1805 539 1830 eo
571 1795 731 1829 ventum
765 1794 845 1838 est,
886 1795 1025 1828 contra
1057 1804 1175 1840 quam
1222 1791 1263 1828 in
1302 1791 1436 1829 navali
1469 1790 1684 1828 certamine

249 1863 361 1910 solet,
393 1864 591 1910 rostratis,
624 1876 711 1913 quae
743 1862 932 1913 praesidio
965 1863 1052 1900 aliis
1084 1876 1168 1900 esse
1199 1865 1423 1912 potuerant,
1455 1862 1496 1898 in
1528 1864 1680 1912 postre-

205 1933 228 1971 5
249 1948 349 1971 mam
382 1935 507 1972 aciem
533 1935 707 1985 receptis
733 1948 858 1985 prope
882 1939 1045 1984 terram,
1078 1935 1351 1973 onerariarum
1377 1933 1681 1983 quadruplicem

251 2006 430 2044 ordinem
461 2020 533 2056 pro
558 2020 670 2044 muro
696 2006 884 2044 adversus
903 2007 1055 2044 hostem
1072 2007 1268 2057 opposuit,
1303 2019 1445 2055 easque
1477 2005 1597 2055 ipsas,
1629 2017 1678 2042 ne

251 2078 291 2115 in
321 2078 498 2116 tumultu
529 2092 674 2129 pugnae
699 2078 857 2116 turbari
884 2078 1045 2116 ordines
1071 2082 1243 2128 possent,
1274 2078 1391 2116 malis
1418 2077 1683 2126 antennisque

249 2149 297 2187 de
329 2164 428 2188 nave
461 2151 501 2188 in
534 2164 673 2188 navem
697 2151 876 2188 traiectis
904 2164 947 2187 ac
969 2150 1114 2189 validis
1138 2151 1301 2188 funibus
1331 2149 1441 2187 velut
1471 2162 1550 2186 uno
1578 2149 1682 2185 inter

210 2223 232 2258 6
250 2234 290 2258 se
320 2222 482 2259 vinculo
515 2222 687 2271 illigatis
720 2221 981 2271 comprendit,
1011 2222 1253 2271 tabulasque
1286 2220 1609 2271 superinstravit,
1639 2223 1683 2257 ut

247 2295 428 2343 pervium
459 2295 501 2331 in
531 2297 659 2332 totum
690 2294 850 2332 navium
882 2293 1061 2331 ordinem
1093 2298 1207 2339 esset,
1238 2297 1277 2331 et
1307 2293 1380 2331 sub
1422 2293 1519 2343 ipsis
1552 2292 1682 2342 ponti-

247 2365 321 2403 bus
355 2366 571 2404 intervalla
601 2366 716 2413 fecit,
757 2379 835 2415 qua
866 2378 1102 2414 procurrere
1148 2364 1427 2416 speculatoriae
1473 2376 1592 2401 naves
1640 2363 1682 2400 in

207 2438 398 2475 7hostem
444 2451 489 2475 ac
533 2441 620 2475 tuto
667 2437 793 2487 recipi
840 2441 1011 2486 possent.
1088 2436 1164 2474 His
1195 2437 1342 2487 raptim
1386 2449 1459 2485 pro
1504 2438 1683 2484 tempore

260 2509 478 2555 instructis,
503 2509 611 2546 mille
625 2510 748 2546 ferme
765 2507 911 2545 delecti
927 2512 1246 2558 propugnatores
1264 2507 1455 2545 onerariis
1472 2506 1681 2556 imponun-

247 2583 333 2627 tur;
364 2581 536 2618 telorum
569 2581 736 2619 maxime
769 2579 995 2626 missilium,
1034 2582 1078 2616 ut
1110 2579 1292 2628 quamvis
1323 2579 1442 2627 longo
1475 2578 1683 2616 certamini

205 2652 485 2698 8sufficerent,
515 2653 575 2690 vis
607 2652 746 2701 ingens
796 2651 1037 2700 congeritur.
1097 2649 1161 2688 Ita
1207 2650 1340 2701 parati
1386 2654 1506 2700 atque
1538 2648 1683 2687 intenti
