1768 2943
227 92 309 133 124
644 90 748 121 Liber
774 89 901 121 xxm.
939 89 994 130 (A.
1017 100 1047 120 u.
1069 100 1097 121 e.
1120 88 1214 132 538.)

182 220 210 260 4
342 221 402 256 Ea
426 233 479 256 ne
502 220 643 256 fierent
666 232 746 256 neu
771 221 920 268 legatio
945 221 1166 257 mitteretur
1191 222 1244 257 ad
1269 221 1451 264 Poenum,
1485 232 1642 258 summa

225 303 304 340 ope
337 291 487 327 Decius
515 290 690 338 Magius,
726 291 795 334 vir,
833 290 895 327 cui
923 291 978 327 ad
1007 303 1203 327 summam
1236 291 1516 327 auctoritatem
1542 290 1641 327 nihii

183 359 368 410 5praeter
391 373 532 397 sanam
558 360 702 396 civium
726 365 903 396 mentem
929 360 1070 405 defuit,
1098 361 1310 397 restiterat.
1358 359 1414 396 Ut
1429 372 1525 397 vero
1542 373 1643 409 prae-

225 431 370 467 sidium
398 431 499 466 mitti
529 431 579 466 ab
604 430 834 466 Hannibale
862 432 1026 475 audivit,
1055 430 1191 479 Pyrrhi
1217 430 1432 478 superbam
1457 431 1643 467 domina-

224 501 377 537 tionem
395 501 746 548 miserabilemque
764 500 1078 537 Tarentinorum
1097 501 1324 537 servitutem
1343 501 1528 549 exempla
1540 501 1645 537 refe·

224 584 329 614 rens,
361 572 504 619 primo,
530 583 582 606 ne
605 571 849 619 reciperetur
872 571 1114 619 praesidium,
1142 571 1276 619 palam
1301 570 1543 607 vociferatus
1568 576 1641 615 est,

183 638 392 682 6deinde‚
436 645 479 676 ut
516 646 724 689 receptum
763 647 832 677 aut
863 642 1074 678 eiiceretur
1105 646 1186 686 aut,
1226 641 1257 677 si
1290 641 1437 677 malum
1472 641 1643 686 facinus,

224 711 337 759 quod
362 723 385 746 a
412 711 689 748 vetustissimis
708 712 828 749 sociis
847 711 1245 759 consanguineisque
1264 711 1524 755 defecissent,
1551 711 1645 748 forti

225 793 273 817 ac
304 781 556 817 memorabili
589 781 769 818 facinore
797 793 968 830 purgare
993 781 1151 825 vellent,
1184 787 1228 817 ut
1251 781 1463 818 interfecto
1488 782 1643 819 Punico

185 848 414 900 7praesidio
447 851 702 888 restituerent
733 852 930 888 Romanis
963 863 1019 887 se.
1090 851 1191 888 Haec
1223 850 1314 901 (nec
1347 852 1452 888 enim
1487 852 1647 888 occulte

225 918 464 970 agebantur)
497 933 619 969 quum
651 923 777 958 relata
810 922 1031 958 Hannibali
1064 927 1213 966 essent,
1253 922 1383 970 primo
1416 923 1534 966 misit,
1576 922 1644 970 qui

225 996 417 1027 vocarent
435 991 616 1040 Magium
640 993 694 1028 ad
723 1005 813 1029 sese
837 992 878 1028 in
896 998 1046 1036 castra;
1073 993 1238 1037 deinde,
1265 1004 1387 1040 quum
1404 992 1437 1029 is
1455 992 1643 1029 ferociter

224 1067 417 1109 negasset
449 1074 492 1098 se
524 1062 682 1106 iturum,
724 1075 799 1099 nec
833 1062 941 1099 enim
974 1061 1194 1099 Hannibali
1226 1063 1288 1100 ius
1321 1075 1411 1100 esse
1442 1064 1484 1099 in
1517 1063 1644 1099 civem

226 1129 493 1179 Campanum,
513 1133 740 1169 concitatus
758 1133 816 1169 ira
832 1133 982 1169 Poenus
1001 1133 1294 1181 comprehendi
1312 1133 1519 1169 hominem
1535 1133 1644 1170 vinc-

185 1199 389 1248 8tumque
415 1203 559 1238 attrahi
585 1204 639 1238 ad
665 1215 755 1239 sese
779 1203 905 1239 iussit.
962 1203 1124 1239 Veritus
1150 1203 1314 1247 deinde,
1345 1216 1398 1240 ne
1422 1204 1519 1252 quid
1543 1204 1647 1240 inter

225 1271 302 1307 vim
329 1272 518 1308 tumultus
547 1279 668 1321 atque
695 1286 743 1310 ex
768 1274 1044 1310 concitatione
1069 1274 1296 1310 animorum
1320 1274 1536 1311 inconsulti
1562 1286 1646 1311 cer-

225 1342 384 1378 taminis
414 1348 606 1386 oreretur,
630 1343 731 1391 ipse,
756 1344 964 1392 praemisso
990 1344 1131 1380 nuntio
1157 1345 1209 1380 ad
1239 1344 1410 1380 Marium
1428 1344 1643 1389 Blossium,

224 1418 439 1459 praetorem
457 1412 725 1461 Campanum,
751 1420 917 1462 postero
944 1414 1011 1449 die
1035 1426 1078 1450 se
1097 1413 1248 1462 Capuae
1275 1414 1460 1458 futurum,
1487 1415 1645 1463 profici-

183 1479 209 1520 9
225 1482 346 1518 scitur
370 1494 392 1518 e
411 1484 550 1519 castris
569 1489 659 1519 cum
677 1485 842 1520 modico
861 1484 1065 1532 praesidio.
1114 1484 1278 1527 Marius,
1309 1485 1501 1522 contione
1519 1487 1645 1522 advo·

224 1558 328 1595 cata,
359 1553 495 1597 edicit,
523 1559 566 1590 ut
594 1554 826 1602 frequentes
855 1566 944 1590 cum
975 1555 1216 1603 coniugibus
1244 1551 1292 1591 ac
1321 1555 1453 1592 liberis
1482 1556 1644 1592 obviam

223 1622 327 1658 irent
350 1622 584 1661 Hannibali.
634 1626 696 1661 Ab
726 1625 920 1661 universis
949 1625 992 1661 id
1021 1637 1107 1661 non
1133 1625 1375 1662 obedienter
1398 1626 1540 1670 modo,
1571 1626 1645 1663 sed

224 1693 354 1736 enixe,
390 1693 527 1730 favore
560 1695 681 1730 etiam
715 1695 819 1743 vulgi
853 1701 893 1731 et
925 1695 1060 1732 studio
1091 1695 1248 1732 visendi
1276 1701 1337 1732 tot
1362 1696 1442 1732 iam
1469 1696 1645 1733 victoriis

157 1760 210 1801 lO
224 1763 373 1799 clarum
401 1763 700 1812 imperatorem,
732 1765 881 1802 factum
908 1771 981 1802 est.
1031 1765 1181 1803 Decius
1199 1765 1359 1814 Magius
1383 1778 1460 1802 nec
1484 1767 1645 1802 obviam

224 1845 410 1881 egressus
436 1839 496 1870 est
519 1847 608 1879 nec,
636 1847 717 1883 quo
742 1836 928 1872 timorem
952 1836 1127 1883 aliquem
1153 1848 1201 1871 ex
1226 1836 1477 1872 conscientia
1495 1836 1643 1885 signifi-

225 1915 316 1939 care
343 1909 496 1951 posset,
525 1905 680 1952 privato
706 1918 749 1942 se
773 1906 920 1949 tenuit;
948 1906 989 1942 in
1015 1905 1104 1942 foro
1131 1917 1221 1942 cum
1245 1905 1326 1941 filio
1351 1906 1644 1954 clientibusque

223 1974 362 2021 paucis
387 1974 518 2011 otiose
537 1975 810 2020 inambulavit,
841 1977 1070 2025 trepidante
1088 1981 1174 2012 tota
1193 1976 1352 2012 civitate
1369 1977 1424 2012 ad
1442 1977 1645 2026 excipien-

157 2043 204 2081 11
223 2044 319 2079 dum
333 2044 502 2080 Poenum
520 2045 826 2094 visendumque.
862 2046 1067 2083 Hannibal
1083 2046 1289 2094 ingressus
1307 2047 1446 2083 urbem
1460 2053 1645 2084 senatum

223 2114 426 2161 extemplo
462 2115 652 2162 postulat,
691 2117 1033 2165 precantibusque
1065 2117 1162 2152 inde
1195 2116 1435 2165 primoribus
1469 2116 1643 2166 Campa-

222 2195 379 2228 norum,
424 2197 476 2220 ne
516 2185 614 2232 quid
653 2197 704 2222 eo
738 2187 805 2222 die
838 2188 950 2224 seriae
983 2188 1039 2223 rei
1071 2192 1230 2235 gereret
1262 2187 1452 2235 diemque
1484 2193 1524 2224 et
1555 2189 1642 2237 ipse

157 2252 208 2293 12
223 2255 400 2290 adventu
446 2266 520 2291 suo
562 2255 707 2291 festum
748 2257 860 2294 laetus
893 2269 940 2294 ac
973 2258 1102 2294 libens
1136 2258 1368 2301 celebraret,
1410 2269 1642 2306 quanquam

166 2341 170 2344 ·
222 2336 404 2373 praeceps
436 2325 602 2373 ingenio
635 2326 676 2361 in
708 2326 806 2362 iram
840 2333 938 2370 erat,
973 2334 1123 2371 tamen,
1157 2340 1209 2364 ne
1242 2327 1339 2375 quid
1370 2328 1411 2363 in
1443 2328 1641 2377 principio

223 2401 403 2443 negaret,
438 2396 607 2432 visenda
639 2396 737 2432 urbe
770 2409 960 2445 magnam
993 2403 1149 2446 partem
1182 2397 1263 2433 diei
1296 2399 1560 2446 consumpsit.

131 2460 160 2503 8
341 2465 587 2502 Deversatus
620 2471 681 2502 est
713 2468 823 2514 apud
855 2467 1029 2504 Ninnios
1063 2467 1240 2511 Celeres,
1274 2467 1482 2504 Sthenium
1514 2469 1641 2505 Pacu-

182 2533 421 2582 Qviumque,
449 2536 609 2572 inclitos
633 2536 845 2572 nobilitate
871 2549 918 2573 ac
937 2537 1097 2574 divitiis.
1146 2537 1208 2573 Eo
1226 2537 1421 2575 Pacuvius
1439 2537 1639 2584 Calavius,

223 2605 274 2640 de
301 2617 381 2652 quo
408 2612 502 2642 ante
528 2607 679 2642 dictum
706 2612 779 2649 est,
809 2606 996 2655 princeps
1021 2607 1209 2644 factionis
1235 2608 1332 2651 eiuS,
1363 2620 1451 2656 quae
1469 2614 1642 2646 traxerat
