1789 2955
270 78 352 116 120
657 73 772 108 Liber
797 72 965 108 XXVII.
1014 75 1076 117 (A.
1103 86 1137 108 u.
1164 85 1193 109 c.
1219 75 1312 119 547.)

267 201 463 250 aequalem
482 200 642 238 turbam
658 201 848 250 habuere,
871 214 993 250 quum
1009 203 1200 238 matronae
1216 201 1464 251 amplissima
1479 206 1588 240 veste
1611 216 1701 241 cum

268 272 419 320 liberis,
450 271 617 322 perinde
648 286 694 310 ac
725 273 758 310 si
790 272 1033 311 debellatum
1051 273 1165 319 foret,
1199 273 1305 310 omni
1329 273 1472 311 solutae
1489 277 1597 312 metu
1613 274 1698 313 deis

194 343 245 381 10
266 344 559 382 immortalibus
605 347 738 393 grates
785 348 960 394 agerent.
1029 343 1187 381 Statum
1232 357 1391 394 quoque
1436 345 1610 383 civitatis
1656 360 1702 385 ea

266 415 436 452 victoria
468 416 603 463 movit,
633 419 678 453 ut
708 416 786 453 iam
828 416 920 454 inde
950 416 1057 453 haud
1089 429 1201 453 secus
1247 429 1366 465 quam
1412 416 1453 454 in
1498 430 1594 467 pace
1634 431 1699 456 res

266 487 373 524 inter
405 500 445 524 se
477 486 711 525 contrahere
742 488 973 535 vendendo,
1020 487 1208 534 emendO,
1248 491 1429 526 mutuum
1476 488 1606 526 dando
1638 503 1698 527 ar-

264 561 428 607 gentum
460 558 735 609 creditumque
767 559 956 598 solvendo
987 559 1193 597 auderent.

198 631 245 669 11
380 629 422 668 C.
456 630 649 669 Claudius
681 632 819 669 consul
851 644 971 681 quum
1003 631 1045 668 in
1077 633 1206 668 castra
1237 630 1415 678 redisset,
1446 634 1567 681 caput
1596 631 1702 669 Has-

266 701 465 749 drubalis,
512 703 620 752 quod
658 707 859 741 servatum
898 716 987 740 cum
1032 715 1128 740 cura
1173 703 1374 749 attulerat,
1420 703 1565 753 proiici
1611 706 1702 741 ante

263 773 438 811 hostium
455 775 660 822 stationes,
678 775 935 825 captivosque
961 772 1085 811 Afros
1101 774 1268 821 vinctos,
1299 778 1343 812 ut
1374 778 1499 821 erant,
1531 774 1701 821 ostendi,

265 844 364 883 duos
397 845 518 883 etiam
551 860 597 883 ex
627 846 676 884 iis
707 847 857 884 solutos
904 846 962 883 ire
994 846 1045 883 ad
1076 846 1347 884 Hannibalem
1387 850 1425 884 et
1457 859 1704 896 expromere,

193 918 245 954 12
266 930 354 967 quae
387 920 477 955 acta
509 921 651 966 essent,
675 918 803 956 iussit.
850 917 1069 964 Hannibal,
1098 921 1210 956 tanto
1242 918 1361 956 simul
1378 918 1540 968 publico
1556 918 1702 955 famili-

265 989 404 1039 arique
436 989 539 1027 ictus
572 990 696 1040 luctu,
731 1003 947 1039 agnoscere
985 1003 1025 1027 se
1056 989 1255 1027 fortunam
1288 989 1544 1039 Carthaginis
1574 989 1704 1027 fertur

193 1063 242 1100 13
267 1061 440 1108 dixisse3
472 1062 693 1112 castrisque
725 1062 817 1099 inde
848 1061 977 1109 motis,
1007 1064 1052 1098 ut
1083 1062 1215 1099 onmia
1246 1061 1410 1108 auxilia,
1443 1074 1531 1111 quae
1555 1060 1698 1099 diffusa

264 1133 387 1171 latius
417 1133 524 1170 tueri
556 1147 635 1171 non
665 1137 834 1184 poterat,
868 1133 908 1170 in
926 1135 1146 1170 extremum
1162 1133 1294 1171 Italiae
1312 1133 1503 1182 angulum
1520 1132 1702 1171 Bruttios

266 1205 539 1252 contraheret,
586 1208 625 1243 et
655 1205 979 1256 Metapontinos,
1025 1205 1229 1243 civitatem
1274 1206 1512 1252 universam,
1549 1205 1701 1243 excitos

265 1276 426 1314 sedibus
458 1277 552 1324 suis,
584 1280 623 1315 et
654 1276 907 1314 Lucanorum
940 1277 1010 1326 qui
1043 1290 1123 1315 suae
1156 1277 1328 1315 dicionis
1360 1280 1483 1324 erant,
1515 1276 1556 1314 in
1580 1276 1703 1314 Brut-

264 1348 364 1386 tium
397 1361 536 1398 agrum
567 1348 762 1388 traduxit.
