1789 2955
243 131 322 172 196
660 130 764 161 Liber
786 129 910 160 XXIV.
948 129 1004 171 (A.
1029 140 1059 160 u.
1079 140 1107 160 c.
1128 129 1222 172 540.)

239 261 406 298 Graecos
445 261 591 309 pudori
624 266 696 305 est,
737 273 785 296 ea
818 260 1092 304 deformabat;
1132 261 1268 309 itaque
1300 261 1421 298 fidem
1454 262 1655 310 potiorem

238 338 360 377 ratus,
403 344 524 380 quam
562 331 700 380 patriae
739 331 930 375 debebat,
974 331 1167 367 indicium
1199 332 1254 367 ad
1286 339 1477 380 praetores
1511 332 1654 368 defert.

199 401 320 448 4Qu1·
361 402 428 438 ubi
461 414 544 438 rem
578 401 687 437 haud
718 412 862 436 vanam
897 413 986 437 esse
1019 400 1136 437 certis
1168 400 1327 437 indiciis
1360 408 1654 450 compererunt,

240 471 433 509 consultis
467 471 692 508 senioribus
725 476 765 506 et
796 471 1034 507 auctoritate
1068 482 1207 507 eorum
1239 471 1428 519 praesidio
1462 472 1516 507 ad
1549 471 1656 508 fores

239 543 388 592 posito,
436 541 642 590 ingressos
685 541 834 577 curiam
878 541 1131 577 Themistum
1176 547 1298 588 atque
1341 542 1656 578 Adranodorum

199 611 545 656 5intersecerunt;
587 618 627 648 et
664 624 786 659 quum
826 612 1014 647 tumultus
1054 612 1105 647 ab
1144 622 1186 646 re
1225 611 1267 646 in
1306 611 1484 660 speciem
1517 612 1656 655 atroci,

240 694 403 719 causam
437 681 523 718 aliis
555 681 848 730 ignorantibus,
883 688 993 718 ortus
1018 687 1137 725 esset,
1172 681 1331 717 silentio
1357 682 1525 718 tandem
1548 681 1656 718 facto

201 752 420 791 Gindicem
452 752 494 788 in
527 752 676 788 curiam
708 752 1030 788 introduxerunt.
1094 751 1174 796 Qui
1206 763 1328 799 quum
1353 751 1497 789 ordine
1521 752 1658 788 omnia

241 823 492 859 edocuisset:
533 822 773 871 principium
813 822 1103 858 coniurationis
1144 821 1293 858 factum
1331 823 1382 858 ab
1423 821 1658 859 Harmoniae

201 892 223 932 7
241 893 411 930 Gelonis
436 893 524 930 filiae
547 893 708 941 nuptiis,
743 877 887 940 quibus
911 892 1125 928 Themisto
1149 892 1285 928 iuncta
1311 898 1437 936 esset;
1469 892 1658 928 Afrorum

240 963 598 1012 Hispanorumque
640 963 850 999 auxiliares
892 964 1108 1000 instructos
1153 963 1207 998 ad
1249 963 1404 999 caedem
1443 968 1658 1010 praetorum

240 1034 548 1082 principumque
571 1033 752 1078 aliorum,
778 1033 970 1081 bonaque
995 1045 1134 1070 eorum
1159 1033 1306 1081 praedae
1326 1032 1456 1068 futura
1472 1031 1659 1069 interfec—

202 1102 227 1143 8
242 1105 395 1141 toribus
418 1103 741 1153 pronuntiatum;
775 1104 855 1140 iam
880 1103 1221 1140 mercenariorum
1243 1115 1422 1146 manum,
1456 1107 1658 1138 assuetam

240 1175 417 1223 imperiis
436 1174 711 1218 Adranodori,
745 1180 928 1222 paratam
955 1174 1077 1210 fuisse
1102 1173 1156 1209 ad
1180 1173 1356 1209 Insulam
1381 1184 1514 1208 rursus
1540 1183 1660 1209 occu-

241 1246 435 1293 pandam,
456 1266 507 1270 —
524 1244 680 1292 singula
699 1244 864 1289 deinde,
885 1257 972 1292 quae
985 1257 1055 1293 per
1070 1256 1255 1293 quosque
1268 1248 1496 1292 agerentur,
1515 1248 1660 1278 totam-

242 1328 319 1363 que
351 1315 441 1351 viris
466 1315 666 1362 armisque
690 1315 925 1351 instructam
950 1314 1273 1351 coniurationem
1299 1320 1393 1350 ante
1419 1313 1559 1350 oculos
1587 1324 1660 1361 po—

242 1385 332 1421 suit.
409 1384 461 1420 Et
493 1385 649 1421 senatui
682 1385 846 1433 quidem
879 1390 960 1420 tam
993 1385 1076 1421 iure
1109 1384 1202 1421 caesi
1235 1396 1355 1432 quam
1388 1382 1661 1431 Hieronymus

200 1453 499 1499 9videbantur;
533 1460 627 1491 ante
661 1455 809 1492 curiam
843 1455 960 1492 variae
992 1461 1113 1504 atque
1146 1455 1308 1491 incertae
1332 1466 1463 1490 rerum
1487 1453 1660 1489 multitu-

242 1525 347 1562 dinis
381 1525 533 1563 clamor
564 1531 662 1562 erat.
727 1526 859 1571 Quam
893 1525 1079 1562 ferociter
1112 1525 1364 1561 minitantem
1395 1524 1435 1559 in
1463 1523 1659 1560 vestibulo

243 1596 360 1634 curiae
385 1608 558 1644 corpora
583 1596 883 1632 coniuratorum
909 1607 958 1632 eo
984 1601 1093 1631 metu
1118 1600 1457 1643 compresserunt,
1483 1599 1526 1630 ut
1543 1593 1661 1630 silen-

174 1665 228 1706 1O
242 1673 302 1703 tes
320 1667 519 1715 integram
537 1667 699 1715 plebem
716 1666 757 1702 in
775 1666 1012 1702 contionem
1029 1671 1305 1714 sequerentur.
1359 1664 1534 1712 Sopatro
1548 1675 1661 1699 man-

118 1735 180 1779 25
243 1739 382 1773 datum
408 1737 458 1773 ab
484 1742 628 1773 senatu
653 1742 692 1772 et
716 1749 739 1772 a
764 1736 944 1785 collegis,
971 1742 1014 1772 ut
1037 1737 1160 1772 verba
1186 1735 1349 1771 faceret.
1404 1733 1442 1770 Is
1469 1739 1662 1781 tanquam

244 1820 336 1845 reos
361 1813 513 1856 ageret,
539 1807 590 1843 ab
613 1813 708 1843 ante
733 1812 824 1843 acta
840 1806 920 1842 vita
938 1818 1066 1850 orsus,
1093 1817 1344 1854 quaecunque
1361 1810 1455 1853 post
1472 1802 1662 1840 Hieronis

244 1885 415 1915 mortem
449 1878 618 1915 sceleste
651 1882 772 1925 atque
805 1876 927 1925 impie
960 1876 1067 1913 facta
1090 1881 1239 1918 essent,
1274 1874 1592 1911 Adranodorum
1616 1884 1662 1909 ac

205 1948 497 1988 2Themistum
531 1947 660 1995 arguit
693 1947 850 1983 fecisse.
915 1945 1025 1991 Quid
1058 1946 1165 1981 enim
1191 1957 1263 1981 sua
1287 1949 1435 1993 sponte
1464 1942 1664 1990 Hierony-

246 2031 367 2063 mum,
393 2030 561 2067 puerum
585 2029 633 2053 ac
659 2017 822 2052 vixdum
846 2017 1151 2065 pubescentem,
1178 2015 1311 2051 facere
1336 2011 1543 2063 potuisse?
1582 2012 1664 2048 Tu-

246 2096 355 2126 tores
387 2101 436 2125 ac
466 2087 681 2136 magistros
706 2087 790 2123 eius
816 2087 888 2123 sub
915 2086 1048 2122 aliena
1072 2085 1224 2122 invidia
1252 2095 1460 2133 regnasse.
1524 2082 1664 2130 Itaque

248 2165 317 2196 aut
348 2164 443 2195 ante
467 2157 760 2205 Hieronymum
793 2162 861 2192 aut
893 2162 1001 2193 certe
1034 2163 1124 2193 cum
1150 2155 1403 2203 Hieronymo
1436 2153 1565 2202 perire
1593 2164 1665 2189 eos

209 2228 234 2268 3
249 2229 452 2266 debuisse.
502 2229 554 2264 At
570 2227 671 2271 illos,
699 2227 861 2263 debitos
879 2226 958 2262 iam
977 2226 1095 2262 morti
1113 2225 1435 2272 destinatosque,
1465 2223 1542 2259 alia
1559 2234 1666 2258 nova

250 2300 403 2336 scelera
441 2304 535 2347 post
576 2303 744 2334 mortem
784 2297 943 2345 tyranni
975 2296 1152 2340 molitos,
1194 2295 1328 2344 palam
1360 2293 1503 2342 primo,
1545 2304 1666 2340 quum

250 2369 396 2407 clausis
427 2368 724 2405 Adranodorus
747 2367 891 2404 Insulae
922 2366 1048 2415 portis
1074 2365 1341 2402 hereditatem
1365 2363 1477 2411 regni
1502 2362 1668 2398 creverit

209 2439 304 2484 4et‚
331 2451 419 2488 quae
443 2445 681 2487 procurator
705 2443 902 2481 tenuerat,
928 2448 1001 2485 pro
1021 2435 1191 2472 domino
1209 2433 1457 2483 possederit;
1484 2432 1667 2481 proditus

252 2510 404 2546 deinde
432 2509 484 2545 ab
513 2509 583 2552 eis,
617 2507 683 2555 qui
707 2507 749 2543 in
773 2507 908 2543 Insula
933 2512 1059 2550 erant,
1095 2506 1379 2542 circumsessus
1403 2503 1454 2539 ab
1483 2502 1668 2538 universa

253 2579 425 2624 civitate,
459 2591 547 2627 quae
572 2578 845 2614 Achradinam
878 2577 1061 2620 tenuerit,
1096 2574 1364 2623 nequicquam
1389 2573 1523 2621 palam
1548 2578 1669 2620 atque

213 2649 393 2698 baperte
426 2649 593 2698 petitum
618 2660 785 2697 regnum
811 2648 912 2684 clam
938 2653 978 2682 et
1003 2647 1100 2682 dolo
1125 2645 1314 2681 affectare
1341 2649 1510 2680 conatus
1536 2642 1596 2686 sit,
1631 2649 1670 2678 et
