1768 2943
504 82 608 113 Liber
634 82 726 112 xxr.
779 81 832 124 (A.
861 82 922 113 ch.
950 81 1045 124 218.)
1421 84 1474 124 47

62 212 292 256 certamine,
333 212 523 248 cedendo
561 211 709 248 sensim
743 211 840 248 citra
873 212 1021 248 flumen
1054 213 1298 260 pertrahere.
1377 212 1517 253 Haee5

61 282 255 318 mandata
278 281 482 326 Numidis;
518 282 660 319 ceteris
693 282 863 318 ducibus
887 283 1069 330 peditum
1094 283 1353 331 equitumque
1377 295 1476 332 prae-

61 357 234 400 ceptum,
258 357 301 388 ut
316 353 518 401 prandere
536 364 678 389 omnes
695 352 892 397 iuberent,
917 357 1095 389 armatos
1113 353 1265 389 deinde
1282 354 1476 390 instratis-

61 434 138 470 que
170 422 284 470 equis
316 422 474 471 signum
507 428 756 471 exspectare.

178 492 440 541 Sempronius
478 494 531 530 ad
569 494 779 530 tumultum
812 492 1077 529 Numidarum
1110 493 1278 541 primum
1313 494 1516 533 omnemss

59 562 294 610 equitatum,
325 563 438 600 ferox
467 576 516 600 ea
539 569 653 612 parte
682 563 833 606 virium,
866 563 1017 599 deinde
1042 575 1111 599 sex
1135 563 1256 599 millia
1279 563 1474 611 peditum,

57 637 266 681 postremo
293 645 436 670 omnes
460 634 613 683 copias,
645 646 668 670 a
692 633 897 670 destinato
921 634 1001 669 iam
1026 640 1120 669 ante
1145 633 1316 670 consilio
1336 634 1476 670 avidus

59 702 300 748 certaminis,
331 704 482 741 eduxit.
544 704 642 741 Erat
671 703 774 740 sorte
804 704 953 740 brumae
978 709 1136 753 tempus
1161 710 1200 740 et
1223 703 1363 740 nivalis
1387 703 1476 740 dies
1493 703 1514 743 7

57 772 98 808 in
121 772 220 810 locis
238 773 405 822 Alpibus
422 775 751 823 Appenninoque
774 775 1005 819 interiectis,
1031 774 1332 823 propinquitate
1356 774 1476 810 etiam

58 843 264 879 fluminum
303 856 352 881 ac
389 845 583 893 paludum
616 845 858 893 praegelidis.
934 845 1000 881 Ad
1031 845 1109 881 hoc
1142 845 1285 893 raptim
1319 845 1516 885 eductisS

57 913 287 950 hominibus
312 920 433 963 atque
456 916 583 964 equis,
614 927 698 952 non
722 921 843 964 capto
868 920 963 952 ante
988 915 1093 959 cibo,
1124 927 1208 953 non
1227 927 1307 963 ope
1326 916 1404 951 ulla
1422 916 1476 952 ad

57 985 279 1020 arcendum
317 985 440 1034 frigus
478 986 673 1030 adhibita,
719 986 816 1022 nihil
849 986 993 1023 caloris
1026 986 1167 1030 inerat,
1212 990 1252 1021 et
1284 985 1476 1033 quicquid

57 1065 163 1091 aurae
202 1055 376 1093 fluminis
414 1057 811 1105 appropinquabant,
851 1055 1020 1092 afflabat
1052 1056 1181 1092 acrior
1213 1055 1371 1104 frigoris
1403 1056 1474 1092 vis.

57 1123 112 1161 Ut
134 1137 228 1162 vero
252 1125 499 1175 refugientes
517 1126 715 1163 Numidas
737 1127 1000 1175 insequentes
1025 1139 1171 1174 aquam
1195 1126 1366 1174 ingressi
1385 1125 1516 1166 sunt9

58 1194 113 1244 (et
143 1201 230 1232 erat
259 1197 492 1244 pectoribus
524 1203 641 1234 tenus
674 1203 793 1234 aucta
825 1202 1025 1234 nocturno
1055 1194 1199 1246 imbri),
1233 1202 1316 1232 tum
1340 1197 1477 1244 utique

57 1266 231 1314 egressis
254 1266 384 1315 rigere
407 1267 595 1304 omnibus
619 1279 806 1316 corpora,
838 1272 880 1303 ut
896 1267 960 1303 vix
983 1279 1185 1303 armorum
1204 1267 1475 1303 tenendorum

55 1336 240 1384 potentia
272 1342 392 1382 esset,
425 1342 466 1374 et
496 1337 613 1374 simul
643 1337 881 1374 lassitudine
914 1343 966 1381 et,
1000 1337 1252 1386 procedente
1284 1337 1363 1373 iam
1394 1337 1474 1382 die,

57 1405 164 1442 fame
193 1407 314 1444 etiam
341 1408 530 1445 deficere.
593 1408 835 1445 Hannibalis
857 1407 1016 1444 interim
1039 1407 1166 1451 miles,
1197 1407 1357 1455 ignibus
1381 1413 1476 1443 ante
1538 1404 1601 1449 55

56 1477 230 1514 tentoria
247 1478 363 1516 factis
381 1479 556 1527 oleoque
573 1491 644 1527 per
661 1479 904 1527 manipulos,
929 1483 971 1514 ut
988 1478 1189 1514 mollirent
1206 1482 1326 1520 artus,
1352 1477 1476 1514 misso

57 1552 96 1583 et
119 1547 210 1585 cibo
233 1561 306 1597 per
329 1549 456 1586 otium
479 1554 614 1597 capto,
649 1549 715 1585 ubi
739 1555 1014 1597 transgressos
1038 1548 1187 1584 flumen
1211 1549 1351 1585 hostes
1375 1561 1476 1585 nun-

55 1617 196 1654 tiatum
228 1624 302 1664 est,
335 1620 469 1656 alacer
501 1620 645 1657 animis
675 1621 995 1668 corporibusque
1024 1631 1135 1654 arma
1160 1619 1267 1666 capit
1290 1623 1411 1666 atque
1434 1618 1476 1654 in

56 1688 185 1725 aciem
202 1690 401 1737 procedit.
440 1689 619 1727 Baliares
637 1691 745 1727 locat
762 1695 857 1726 ante
875 1690 991 1738 signa
1009 1702 1053 1724 ac
1070 1689 1197 1724 levem
1217 1693 1473 1733 armaturam,
1490 1688 1516 1728 2

56 1763 150 1795 octo
184 1758 310 1795 ferme
341 1760 463 1797 millia
495 1761 718 1804 hominum,
753 1760 848 1796 dein
881 1760 1106 1807 graviorem
1138 1758 1257 1794 armis
1281 1759 1474 1807 peditem,

55 1829 168 1876 quod
185 1829 337 1874 virium,
357 1831 469 1878 quod
486 1831 644 1868 roboris
662 1835 765 1874 erat3
790 1830 831 1866 in
850 1830 1039 1866 cornibus
1058 1828 1313 1865 circumfudit
1330 1829 1474 1865 decem

53 1899 176 1935 millia
207 1900 399 1948 equitum,
439 1906 479 1937 et
511 1902 562 1937 ab
596 1901 785 1938 cornibus
817 1900 857 1936 in
890 1905 1101 1947 utramque
1134 1904 1289 1947 partem
1323 1899 1475 1936 divisos

55 1969 296 2018 elephantos
320 1971 469 2007 statuit.
519 1970 672 2008 Consul
696 1971 823 2007 effuse
846 1975 1064 2018 sequentes
1089 1970 1258 2017 equites,
1284 1982 1405 2017 quum
1423 1970 1475 2005 ab
1491 1968 1516 2008 3

53 2039 332 2077 resistentibus
346 2041 480 2078 subito
489 2040 675 2078 Numidis
689 2041 840 2078 incauti
854 2040 1146 2089 exciperentur,
1163 2040 1281 2088 signo
1296 2039 1475 2088 receptui

54 2109 153 2146 dato
170 2115 384 2148 revocatos
402 2111 668 2150 circumdedit
683 2111 901 2160 peditibus.
940 2110 1231 2158 Duodeviginti
1248 2109 1369 2146 millia
1386 2110 1467 2146 Ro·
1486 2109 1513 2148 4

54 2192 175 2216 mana
208 2185 335 2226 erant,
369 2182 523 2218 socium
556 2182 732 2219 nominis
764 2181 898 2218 Latini
922 2181 1074 2230 viginti,
1108 2180 1255 2217 auxilia
1279 2185 1476 2228 praeterea

54 2236 406 2296 Cenomanorum;
440 2264 490 2288 ea
521 2253 612 2289 sola'
639 2252 680 2288 in
713 2252 794 2288 fide
827 2257 1032 2289 manserat
1055 2251 1212 2288 Gallica
1243 2262 1360 2298 gens.
1421 2249 1474 2286 Iis

55 2321 182 2369 copiis
207 2333 446 2359 concursum
474 2328 547 2359 est.
607 2322 795 2359 Proelium
819 2335 843 2358 a
866 2321 1090 2358 Baliaribus
1114 2326 1244 2358 ortum
1275 2326 1354 2365 est;
1389 2319 1515 2368 qui-5

54 2391 128 2428 bus
152 2403 273 2439 quum
291 2392 444 2430 maiore
460 2394 608 2430 robore
626 2392 809 2441 legiones
828 2392 1084 2436 obsisterent,
1116 2391 1283 2428 diducta
1301 2402 1474 2439 propere

53 2461 92 2498 in
133 2473 286 2499 cornua
323 2463 418 2500 levis
451 2468 651 2500 armatura
683 2468 756 2507 est,
796 2475 885 2511 quae
917 2474 980 2499 res
1013 2462 1158 2506 effecit,
1198 2468 1241 2498 ut
1272 2461 1473 2509 equitatus

53 2532 264 2570 Romanus
302 2533 505 2582 extemplo
537 2538 755 2582 urgeretur.
826 2532 930 2569 Nam
964 2545 1086 2581 quum
1119 2533 1180 2568 vix
1214 2532 1292 2568 iam
1326 2543 1398 2579 per
1429 2529 1512 2570 se6

54 2603 286 2640 resisterent
323 2604 466 2641 decem
504 2604 676 2640 millibus
716 2603 895 2651 equitum
934 2608 1121 2651 quattuor
1152 2602 1275 2638 millia
1307 2606 1347 2637 et
1379 2600 1473 2637 fessi
