1789 2955
232 65 310 100 144
590 59 707 93 Liber
731 57 921 93 XXVIII.
976 57 1038 101 (A.
1064 68 1099 90 u.
1127 67 1157 90 c,
1182 57 1278 102 548.)

226 188 387 234 referre,
417 190 553 224 utrum
586 187 625 223 in
658 199 793 236 pugna
839 189 877 222 et
908 185 949 222 in
981 185 1084 230 acie,
1128 184 1199 221 ubi
1229 184 1341 222 Mars
1373 185 1592 222 communis
1624 189 1663 223 et

158 260 375 297 12victum
421 272 526 308 saepe
573 259 744 307 erigeret
776 260 815 294 et
859 257 1058 306 affligeret
1086 256 1297 304 victorem,
1343 271 1393 294 an
1439 257 1662 306 postmodo,

226 335 397 368 cremata
430 335 468 368 et
500 330 634 366 diruta
664 330 774 375 urbe,
807 333 899 365 ante
931 342 1000 365 ora
1030 331 1237 377 captarum
1269 330 1485 378 coniugum
1516 329 1661 366 libero-

226 416 406 452 rumque,
438 403 540 439 inter
571 402 738 439 verbera
770 405 808 437 et
838 400 1014 446 vincula,
1047 400 1180 437 omnia
1202 400 1309 437 foeda
1340 404 1461 449 atque
1492 401 1661 449 indigna

157 475 207 511 13
227 475 334 524 passi
367 474 628 523 exspirarent.
689 473 821 522 Igitur
866 486 945 510 non
977 472 1163 509 militaris
1209 473 1325 509 modo
1357 477 1452 509 aetas
1484 475 1553 509 aut
1581 472 1661 509 viri

225 550 391 592 tantum,
423 546 493 582 sed
524 545 680 582 feminae
712 545 906 594 puerique
952 557 1072 594 supra
1110 544 1231 580 animi
1263 544 1523 593 corporisque
1554 544 1661 581 vires

226 619 383 664 adsunt,
415 617 687 667 pugnantibus
718 617 799 653 tela
830 617 1069 662 ministrant,
1101 629 1194 653 saxa
1227 616 1299 666 [in]
1331 629 1464 653 muros
1482 615 1660 652 munien-

157 690 206 726 14
224 690 332 727 tibus
363 693 519 738 gerunt.
593 688 685 726 Non
716 688 882 725 libertas
929 689 1057 726 solum
1089 687 1305 736 agebatur,
1351 701 1439 737 quae
1485 687 1663 724 virorum

226 762 390 799 fortium
421 764 577 797 tantum
609 764 771 810 pectora
803 760 927 807 acuit,
959 759 1027 796 sed
1072 759 1216 796 ultima
1257 760 1433 796 omnium
1465 759 1664 809 supplicia

228 838 267 871 et
298 834 401 871 foeda
434 847 538 870 mors
571 833 620 870 ob
653 833 787 870 oculos
819 835 915 869 erat.
975 831 1314 869 Accendebantur
1349 831 1471 868 animi
1511 835 1550 867 et
1581 844 1663 868 cer-

228 906 377 942 tamine
409 905 558 942 laboris
605 918 649 941 ac
689 905 859 954 periculi
905 907 1023 952 atque
1066 903 1152 953 ipso
1199 904 1304 940 inter
1350 917 1390 940 se
1437 907 1663 952 conspectu.

157 977 205 1013 15
226 977 370 1026 Itaque
402 980 514 1014 tanto
533 976 673 1013 ardore
692 981 891 1013 certamen
914 975 1056 1012 initum
1085 979 1153 1021 est,
1185 979 1230 1012 ut
1247 975 1420 1012 domitor
1452 975 1521 1011 ille
1538 975 1662 1012 totius

227 1049 439 1098 Hispaniae
473 1048 670 1085 exercitus
701 1047 751 1085 ab
783 1048 901 1084 unius
933 1047 1074 1096 oppidi
1103 1047 1310 1085 iuventute
1341 1060 1447 1097 saepe
1478 1047 1663 1097 repulsus

159 1122 206 1157 16
226 1135 248 1158 a
280 1121 403 1157 muris
434 1120 543 1157 haud
575 1120 672 1157 satis
704 1119 849 1156 decoro
897 1119 1041 1168 proelio
1087 1119 1322 1169 trepidaret.
1381 1119 1431 1156 Id
1462 1119 1533 1156 ubi
1563 1119 1665 1156 vidit

227 1191 378 1242 Scipio,
396 1193 558 1239 veritus,
574 1206 622 1229 ne
639 1192 752 1230 vanis
770 1195 830 1228 tot
846 1191 1057 1228 conatibus
1074 1204 1234 1228 suorum
1261 1195 1299 1228 et
1315 1191 1498 1228 hostibus
1517 1204 1662 1228 cresce-

225 1268 286 1302 ret
304 1264 458 1301 animus
477 1268 515 1301 et
531 1264 694 1313 segnior
711 1264 826 1300 miles
857 1263 982 1309 fieret,
1014 1262 1177 1299 sibimet
1208 1264 1430 1300 conandum
1449 1277 1492 1300 ac
1509 1266 1663 1312 partem

226 1336 396 1385 periculi
428 1336 710 1385 capessendam
749 1349 831 1372 esse
864 1339 994 1381 ratus,
1040 1335 1238 1385 increpita
1283 1336 1446 1384 ignavia
1477 1335 1663 1381 militum,

225 1409 322 1445 ferri
339 1408 465 1445 sca-las
484 1407 595 1444 iubet
612 1411 651 1443 et
677 1420 718 1444 se
745 1407 886 1456 ipsum,
919 1407 953 1443 si
980 1407 1103 1443 ceteri
1129 1410 1376 1453 cunctentur,
1408 1420 1660 1443 escensurum

154 1481 202 1516 17
222 1480 407 1517 minatur.
462 1480 549 1517 Iam
575 1480 755 1516 subierat
779 1479 887 1515 haud
912 1479 1106 1515 mediocri
1131 1478 1311 1527 periculo
1344 1479 1503 1524 moenia,
1536 1492 1659 1527 quum

225 1552 373 1589 clamor
404 1551 581 1600 undique
613 1552 662 1588 ab
694 1551 882 1587 sollicitis
913 1551 1042 1588 vicem
1074 1551 1328 1599 imperatoris
1353 1550 1554 1588 militibus
1571 1550 1660 1587 sub-

157 1624 207 1660 18
226 1624 341 1670 latus,
373 1624 571 1672 scalaeque
602 1623 741 1659 multis
759 1623 878 1659 simul
895 1623 1080 1672 partibus
1097 1622 1200 1671 erigi
1217 1627 1372 1672 coeptae3
1405 1626 1445 1659 et
1462 1636 1509 1659 ex
1534 1623 1661 1659 altera

223 1700 336 1745 parte
354 1695 506 1732 Laelius
539 1695 670 1731 instat.
716 1693 817 1731 Tum
849 1695 956 1731 victa
980 1694 1277 1743 oppidanorum
1307 1694 1381 1740 vis,
1415 1695 1660 1743 deiectisque

223 1767 590 1816 propugnatoribus
637 1770 883 1816 occupantur
929 1766 1052 1812 muri;
1099 1779 1172 1803 arx
1218 1766 1337 1803 etiam
1377 1767 1426 1804 ab
1459 1781 1503 1804 ea
1534 1770 1660 1816 parte,

223 1853 301 1888 qua
348 1839 677 1888 inexpugnabilis
723 1839 948 1886 videbatur,
996 1839 1100 1876 inter
1151 1839 1365 1875 tumultum
1425 1842 1542 1887 capta
1589 1841 1659 1874 est.

74 1908 131 1955 20
222 1911 457 1960 Transfugae
490 1911 606 1961 Afri7
655 1911 724 1960 qui
768 1914 852 1947 tum
898 1910 1002 1947 inter
1047 1910 1199 1947 auxilia
1239 1910 1422 1947 Romana
1453 1912 1587 1957 erant,
1620 1912 1659 1946 et

225 1983 439 2032 oppidanis
471 1984 512 2019 in
544 1997 589 2020 ea
620 1983 779 2029 tuenda⁷
810 1982 915 2019 unde
946 1982 1167 2031 periculum
1205 1982 1430 2028 videbatur,
1461 1982 1587 2019 versis
1619 1985 1657 2018 et

185 2057 206 2091 2
226 2055 419 2092 Romanis
451 2055 724 2102 subeuntibus,
757 2069 835 2104 qua
874 2054 987 2091 adire
1019 2058 1215 2104 poterant,
1249 2058 1543 2104 conspexerunt
1572 2053 1655 2091 edi-

221 2127 416 2164 tissimam
447 2126 557 2163 urbis
588 2130 754 2176 partem,
787 2127 881 2176 quia
926 2140 1024 2176 rupe
1057 2127 1222 2176 praealta
1252 2127 1482 2175 tegebatur,
1528 2138 1658 2174 neque

177 2200 337 2248 gopere
384 2199 468 2236 ullo
514 2200 707 2236 munitam
754 2202 792 2235 et
833 2199 881 2236 ab
915 2198 1192 2236 defensoribus
1237 2212 1412 2236 vacuam.
1486 2198 1657 2235 Levium

223 2284 435 2320 corporum
466 2271 646 2308 homines
679 2274 715 2307 et
747 2271 874 2307 multa
912 2271 1197 2309 exercitatione
1242 2271 1477 2321 pernicium,
1524 2270 1657 2308 clavos

222 2355 353 2379 secum
384 2343 534 2379 ferreos
566 2346 781 2391 portantes,
813 2356 891 2391 qua
921 2357 992 2392 per
1024 2344 1279 2393 inaequaliter
1304 2342 1520 2380 eminentia
1543 2342 1655 2392 rupis

178 2415 418 2463 4poterant‚
464 2415 671 2451 scandunt.
746 2413 883 2451 Sicubi
929 2415 1050 2452 nimis
1083 2416 1252 2452 arduum
1299 2419 1337 2452 et
1381 2415 1467 2452 leve
1513 2427 1653 2451 saxum

223 2487 468 2533 occurrebat⁷
501 2487 632 2524 clavos
662 2500 734 2536 per
765 2487 922 2524 modica
955 2488 1167 2524 intervalla
1190 2487 1358 2536 figentes
1391 2499 1512 2536 quum
1543 2486 1656 2523 velut

221 2558 368 2606 gradus
401 2558 601 2608 fecissent,
628 2559 748 2608 primi
767 2560 1021 2608 insequentes
1039 2560 1290 2596 extrahentes
1307 2572 1438 2605 manu,
1463 2558 1656 2608 postremi

176 2631 198 2665 5
217 2630 471 2668 sublevantes
490 2644 566 2678 eos,
600 2645 669 2681 qui
701 2645 783 2681 prae
809 2645 849 2669 se
866 2633 983 2679 irent,
1014 2632 1056 2668 in
1081 2645 1276 2668 summum
1308 2630 1493 2668 evadunt.
1555 2630 1655 2667 Inde
