1789 2955
565 113 669 143 Liber
696 113 820 144 xxiv.
861 112 915 154 (A.
944 113 1005 144 ch.
1033 113 1127 156 214.)
1469 115 1549 156 197

135 258 180 280 ne
207 243 405 281 beneficio
434 244 598 292 quidem
628 249 750 292 atque
774 245 930 281 honore
955 245 1131 293 potuerit
1153 245 1270 289 vinci,
1305 258 1427 294 quum
1449 246 1552 283 inter

134 315 369 352 liberatores
399 314 536 362 patriae
563 313 775 350 insidiator
801 313 888 362 ipse
917 314 1109 351 libertatis
1139 320 1296 352 creatus
1321 322 1429 354 esset
1452 330 1552 365 prae-

134 391 210 423 tor.
279 385 362 421 Sed
400 384 558 421 animos
591 384 648 421 eis
680 384 814 432 regios
847 385 978 433 regias
1011 385 1206 434 coniuges
1240 386 1397 431 fecisse,
1439 385 1591 426 alteriss

133 455 337 499 Hieronis,
371 454 484 491 alteri
517 454 687 491 Gelonis
720 454 820 490 filias
852 459 1012 503 nuptas.
1076 456 1157 491 Sub
1190 456 1295 494 hanc
1328 470 1469 495 vocem
1503 456 1590 496 ex7

134 526 322 563 omnibus
345 525 525 574 partibus
544 524 746 561 contionis
765 525 918 562 clamor
936 525 1070 569 oritur,
1097 526 1245 562 nullam
1264 540 1402 563 earum
1420 528 1550 565 vivere

134 597 287 633 debere
325 608 402 632 nec
440 607 684 643 quemquam
728 607 938 643 superesse
972 600 1231 643 tyrannorum
1265 598 1411 646 stirpis.
1490 599 1551 635 Ea
1566 596 1590 637 8

132 672 275 703 natura
302 664 567 702 multitudinis
596 670 675 702 est:
710 670 778 701 aut
807 665 925 702 servit
952 666 1149 702 humiliter
1177 672 1245 703 aut
1273 669 1446 716 superbe
1476 670 1550 705 do-

133 737 323 780 minatum
357 735 594 778 libertatem,
630 748 718 783 quae
750 736 886 771 media
910 741 982 780 est,
1018 748 1093 773 nec
1117 749 1263 773 exuere
1288 738 1450 775 modice
1473 751 1550 775 nec

133 808 283 844 habere
327 805 470 843 sciunt.
549 805 600 841 Et
641 818 725 842 non
769 805 893 842 ferme
934 807 1082 862 desunt
1113 807 1257 843 irarum
1290 808 1549 857 indulgentes
1565 808 1590 847 9

133 877 313 921 ministri,
339 876 406 925 qui
431 875 573 912 avidos
599 881 720 924 atque
744 877 1060 925 intemperantes
1085 878 1372 927 suppliciorum
1391 879 1549 917 animos

133 949 187 985 ad
213 947 452 996 sanguinem
477 952 516 983 et
540 947 674 983 caedes
697 947 870 992 irritent;
898 948 998 984 sicut
1021 953 1103 984 tum
1128 950 1331 997 extemplo
1357 956 1548 998 praetores
1567 949 1621 990 10

131 1019 390 1068 rogationem
414 1017 732 1066 promulgarunt,
764 1024 1014 1067 acceptaque
1038 1030 1155 1067 paene
1179 1018 1287 1067 prius
1312 1031 1434 1067 quarn
1458 1033 1550 1069 pro-

132 1089 310 1138 mulgata
334 1093 407 1132 est,
432 1092 475 1124 ut
499 1100 642 1124 omnes
666 1089 786 1137 regiae
805 1089 937 1138 stirpis
954 1089 1291 1134 interficerentur;
1316 1090 1507 1139 missique
1526 1104 1549 1127 a
1567 1090 1617 1130 11

132 1158 369 1209 praetoribus
386 1158 649 1195 Damaratam
668 1157 860 1196 Hieronis
885 1165 925 1196 et
941 1159 1207 1196 Harmoniam
1227 1160 1397 1197 Gelonis
1415 1161 1548 1205 filiam,

133 1230 328 1278 coniuges
360 1229 622 1265 Adranodori
656 1234 696 1265 et
727 1229 936 1274 Themisti,
971 1230 1271 1270 interfecerunt.

251 1299 439 1336 Heraclia
469 1305 554 1336 erat
581 1300 660 1336 filia
683 1299 888 1345 Hieronis,
919 1313 1019 1337 uxor
1042 1302 1198 1351 Zoippi,
1229 1302 1295 1351 qui
1320 1304 1476 1352 legatus
1500 1306 1549 1341 ab
1614 1299 1676 1345 26

131 1371 384 1419 Hieronymo
409 1371 464 1407 ad
487 1383 624 1420 regem
641 1371 906 1408 Ptolomaeum
930 1372 1076 1408 missus
1100 1373 1368 1411 voluntarium
1394 1376 1550 1412 consci-

132 1446 242 1478 verat
265 1441 459 1478 exsilium.
522 1441 583 1477 Ea
609 1454 730 1490 quum
753 1442 808 1478 ad
833 1454 876 1478 se
901 1454 1064 1491 quoque
1088 1443 1212 1480 veniri
1236 1444 1475 1492 praescisset,
1509 1446 1550 1482 in
1565 1443 1592 1483 2

133 1511 348 1548 sacrarium
372 1512 427 1547 ad
451 1517 622 1561 penates
646 1512 830 1561 confugit
854 1525 943 1549 cum
969 1514 1126 1550 duabus
1144 1513 1300 1551 filiabus
1318 1515 1548 1564 virginibus,

131 1581 317 1618 resolutis
350 1582 524 1619 crinibus
557 1583 854 1630 miserabilique
887 1583 965 1618 alio
991 1584 1143 1628 habitu,
1178 1589 1217 1620 et
1241 1586 1294 1620 ad
1318 1598 1367 1621 ea
1390 1586 1551 1622 addidit

132 1664 286 1701 preces,
310 1652 449 1689 nune*
461 1647 492 1702 l)
510 1665 581 1700 per
597 1653 834 1689 memoriam
852 1652 1044 1689 Hieronis
1061 1653 1184 1702 patris
1203 1654 1454 1704 Gelonisque
1473 1656 1550 1692 fra·
1565 1654 1592 1695 3

132 1723 213 1766 tris,
233 1735 284 1759 ne
302 1734 345 1759 se
362 1722 569 1758 innoxiam
586 1723 738 1758 invidia
751 1722 989 1772 Hieronymi
1008 1724 1259 1773 conflagrare
1275 1725 1471 1763 sinerent:
1492 1727 1550 1763 ni·
1564 1725 1593 1765 4

132 1793 186 1829 hil
209 1804 252 1829 se
277 1805 325 1829 ex
347 1804 475 1840 regno
500 1791 601 1829 illius
626 1798 769 1841 praeter
793 1794 973 1831 exsilium
991 1794 1061 1830 viri
1079 1795 1249 1839 habere;
1274 1809 1409 1844 neque
1427 1797 1550 1834 fortu-

131 1875 226 1900 nam
244 1875 358 1900 suam
376 1863 551 1899 eandem
569 1863 659 1899 vivo
677 1863 929 1912 Hieronymo
950 1865 1071 1901 fuisse
1089 1878 1211 1914 quam
1229 1867 1392 1911 sororis,
1416 1880 1550 1916 neque

131 1933 344 1971 interfecto
377 1945 428 1969 eo
463 1945 626 1970 causam
659 1934 835 1970 eandem
869 1946 972 1971 esse.
1039 1935 1162 1981 Quid,
1196 1938 1322 1984 quod,
1357 1938 1388 1974 si
1422 1936 1592 1977 Adra—5

131 2004 294 2041 nodoro
328 2003 497 2040 consilia
524 2004 832 2053 processissent,
864 2005 930 2041 illa
955 2017 1044 2042 cum
1069 2006 1153 2043 viro
1179 2006 1296 2043 fuerit
1318 2014 1548 2057 regnatura,

133 2073 207 2111 sibi
239 2086 329 2111 cum
361 2074 504 2110 ceteris
537 2073 820 2111 serviendum?
852 2075 892 2111 Si
925 2076 1013 2124 quis
1038 2076 1197 2126 Zoippo
1225 2078 1396 2122 nuntiet,
1429 2077 1589 2118 inter-6

132 2143 280 2181 fectum
305 2143 598 2192 Hieronymum
624 2156 670 2181 ac
695 2145 883 2183 liberatas
907 2147 1138 2196 Syracusas,
1165 2148 1227 2185 cui
1252 2149 1419 2185 dubium
1444 2162 1547 2194 esse,

131 2214 228 2263 quin
252 2214 455 2263 extemplo
482 2226 778 2253 conscensurus
804 2216 852 2253 sit
876 2230 1020 2254 navem
1047 2223 1169 2266 atque
1196 2218 1237 2255 in
1255 2220 1427 2268 patriam
1444 2222 1550 2257 redi-

131 2283 266 2322 turus?
299 2285 507 2332 Quantum
530 2298 623 2335 spes
648 2286 856 2323 hominum
882 2285 980 2324 falli!
1014 2288 1061 2324 In
1077 2288 1245 2325 liberata
1262 2290 1391 2338 patria
1409 2292 1547 2327 coniu-
1564 2289 1586 2328 7

130 2367 223 2403 gem
248 2354 333 2392 eius
357 2367 404 2392 ac
426 2356 574 2393 liberos
600 2357 652 2393 de
676 2357 755 2393 vita
780 2357 985 2402 dimicare,
1012 2358 1110 2406 quid
1135 2360 1347 2396 obstantes
1372 2361 1545 2398 libertati

131 2430 200 2460 aut
223 2424 405 2473 legibus?
438 2426 565 2472 Quod
588 2427 640 2463 ab
665 2440 709 2464 se
732 2428 920 2476 cuiquam
944 2429 1177 2477 periculum,
1205 2443 1229 2466 a
1247 2430 1334 2466 sola
1352 2442 1400 2466 ac
1417 2442 1546 2479 prope
1561 2429 1586 2471 8

131 2494 252 2530 vidua
276 2500 316 2531 et
339 2496 480 2544 puellis
502 2497 544 2533 in
569 2498 740 2534 orbitate
766 2499 1009 2547 degentibus
1034 2498 1151 2537 esse?
1183 2501 1235 2536 At
1259 2500 1365 2536 enim
1384 2501 1548 2548 periculi

131 2564 296 2613 quidem
335 2565 431 2602 nihil
472 2567 523 2603 ab
563 2579 607 2604 se
647 2567 788 2611 timeri,
828 2569 996 2606 invisam
1029 2574 1165 2606 tamen
1199 2570 1362 2618 stirpem
1395 2570 1547 2619 regiam

169 2653 197 2698 1)
222 2656 364 2688 Videtur
389 2658 518 2699 aliquid
544 2656 712 2691 excidisse
738 2666 771 2691 et
789 2661 862 2691 haec
881 2661 1044 2692 orationis
1064 2662 1168 2691 forma
1189 2662 1307 2692 fuisse:
1335 2662 1452 2693 Nunc
1472 2672 1547 2703 per

225 2714 341 2754 deos,
368 2726 477 2747 nunc
503 2727 577 2757 per
602 2718 852 2750 memoriam.
