<?xml version="1.0" encoding="UTF-8"?>
<!DOCTYPE html PUBLIC "-//W3C//DTD XHTML 1.0 Transitional//EN"
    "http://www.w3.org/TR/xhtml1/DTD/xhtml1-transitional.dtd">
<html xmlns="http://www.w3.org/1999/xhtml" xml:lang="en" lang="en">
 <head>
  <title>
</title>
<meta http-equiv="Content-Type" content="text/html;charset=utf-8" />
  <meta name='ocr-system' content='tesseract 3.04.00' />
  <meta name='ocr-capabilities' content='ocr_page ocr_carea ocr_par ocr_line ocrx_word'/>
</head>
<body>
  <div class='ocr_page' id='page_1' title='image "./historiarumroman02livyuoft_0093.png"; bbox 0 0 1768 2943; ppageno 0'>
   <div class='ocr_carea' id='block_1_1' title="bbox 527 76 1506 121">
    <p class='ocr_par' dir='ltr' id='par_1_1' title="bbox 527 76 1506 121">
     <span class='ocr_line' id='line_1_1' title="bbox 527 76 1506 121; baseline 0.004 -13"><span class='ocrx_word' id='word_1_1' title='bbox 527 78 631 109; x_wconf 73' lang='lat' dir='ltr'><strong>Liber</strong></span> <span class='ocrx_word' id='word_1_2' title='bbox 656 78 748 108; x_wconf 80' lang='lat' dir='ltr'>XXI.</span> <span class='ocrx_word' id='word_1_3' title='bbox 799 76 855 118; x_wconf 79' lang='lat' dir='ltr'><strong>(A.</strong></span> <span class='ocrx_word' id='word_1_4' title='bbox 883 78 944 108; x_wconf 89' lang='lat' dir='ltr'><strong>Ch.</strong></span> <span class='ocrx_word' id='word_1_5' title='bbox 972 78 1068 120; x_wconf 76' lang='lat'>218.)</span> <span class='ocrx_word' id='word_1_6' title='bbox 1450 79 1506 121; x_wconf 85' lang='lat'><strong>53</strong></span> 
     </span>
    </p>
   </div>
   <div class='ocr_carea' id='block_1_2' title="bbox 90 206 1612 2575">
    <p class='ocr_par' dir='ltr' id='par_1_2' title="bbox 90 206 1612 2575">
     <span class='ocr_line' id='line_1_2' title="bbox 206 206 1612 259; baseline 0.002 -14"><span class='ocrx_word' id='word_1_7' title='bbox 206 208 440 257; x_wconf 88' lang='lat' dir='ltr'><strong>Priusquam</strong></span> <span class='ocrx_word' id='word_1_8' title='bbox 459 212 567 245; x_wconf 88' lang='lat' dir='ltr'><strong>certa</strong></span> <span class='ocrx_word' id='word_1_9' title='bbox 581 208 697 245; x_wconf 90' lang='lat' dir='ltr'><strong>huius</strong></span> <span class='ocrx_word' id='word_1_10' title='bbox 715 208 841 245; x_wconf 88' lang='lat' dir='ltr'><strong>cladis</strong></span> <span class='ocrx_word' id='word_1_11' title='bbox 859 208 967 245; x_wconf 90' lang='lat' dir='ltr'><strong>fama</strong></span> <span class='ocrx_word' id='word_1_12' title='bbox 990 210 1207 254; x_wconf 88' lang='lat' dir='ltr'><strong>accideret,</strong></span> <span class='ocrx_word' id='word_1_13' title='bbox 1232 215 1505 259; x_wconf 89' lang='lat' dir='ltr'><strong>transgressus</strong></span> <span class='ocrx_word' id='word_1_14' title='bbox 1568 206 1612 251; x_wconf 86' lang='grc'><strong>61</strong></span> 
     </span>
     <span class='ocr_line' id='line_1_3' title="bbox 90 278 1505 329; baseline 0.001 -13"><span class='ocrx_word' id='word_1_15' title='bbox 90 278 283 316; x_wconf 90' lang='lat' dir='ltr'><strong>Hiberum</strong></span> <span class='ocrx_word' id='word_1_16' title='bbox 302 278 536 315; x_wconf 79' lang='lat' dir='ltr'>Hasdrubal</span> <span class='ocrx_word' id='word_1_17' title='bbox 554 290 643 315; x_wconf 90' lang='lat' dir='ltr'><strong>cum</strong></span> <span class='ocrx_word' id='word_1_18' title='bbox 668 283 762 316; x_wconf 89' lang='lat' dir='ltr'><strong>octo</strong></span> <span class='ocrx_word' id='word_1_19' title='bbox 780 278 952 315; x_wconf 88' lang='lat' dir='ltr'><strong>millibus</strong></span> <span class='ocrx_word' id='word_1_20' title='bbox 969 280 1164 327; x_wconf 90' lang='lat' dir='ltr'><strong>peditum,</strong></span> <span class='ocrx_word' id='word_1_21' title='bbox 1190 281 1295 316; x_wconf 91' lang='lat' dir='ltr'><strong>mille</strong></span> <span class='ocrx_word' id='word_1_22' title='bbox 1314 281 1505 329; x_wconf 88' lang='lat' dir='ltr'><strong>equitum,</strong></span> 
     </span>
     <span class='ocr_line' id='line_1_4' title="bbox 90 349 1507 400; baseline 0.001 -14"><span class='ocrx_word' id='word_1_23' title='bbox 90 355 282 398; x_wconf 81' lang='lat' dir='ltr'><strong>tanquam</strong></span> <span class='ocrx_word' id='word_1_24' title='bbox 306 350 361 385; x_wconf 93' lang='lat' dir='ltr'><strong>ad</strong></span> <span class='ocrx_word' id='word_1_25' title='bbox 384 349 554 397; x_wconf 89' lang='lat' dir='ltr'><strong>primum</strong></span> <span class='ocrx_word' id='word_1_26' title='bbox 578 349 797 385; x_wconf 89' lang='lat' dir='ltr'><strong>adventum</strong></span> <span class='ocrx_word' id='word_1_27' title='bbox 820 349 1098 386; x_wconf 90' lang='lat' dir='ltr'><strong>Romanorum</strong></span> <span class='ocrx_word' id='word_1_28' title='bbox 1118 362 1367 395; x_wconf 88' lang='lat' dir='ltr'><strong>occursurus,</strong></span> <span class='ocrx_word' id='word_1_29' title='bbox 1396 357 1507 400; x_wconf 88' lang='lat' dir='ltr'><strong>post-</strong></span> 
     </span>
     <span class='ocr_line' id='line_1_5' title="bbox 91 417 1508 469; baseline 0.001 -13"><span class='ocrx_word' id='word_1_30' title='bbox 91 432 212 469; x_wconf 86' lang='lat' dir='ltr'><strong>quam</strong></span> <span class='ocrx_word' id='word_1_31' title='bbox 245 419 423 469; x_wconf 87' lang='lat' dir='ltr'><strong>perditas</strong></span> <span class='ocrx_word' id='word_1_32' title='bbox 454 431 517 456; x_wconf 88' lang='lat' dir='ltr'><strong>res</strong></span> <span class='ocrx_word' id='word_1_33' title='bbox 550 420 604 456; x_wconf 91' lang='lat' dir='ltr'><strong>ad</strong></span> <span class='ocrx_word' id='word_1_34' title='bbox 630 417 774 455; x_wconf 84' lang='lat' dir='ltr'>Cissim</span> <span class='ocrx_word' id='word_1_35' title='bbox 807 419 1036 467; x_wconf 89' lang='lat' dir='ltr'><strong>amissaque</strong></span> <span class='ocrx_word' id='word_1_36' title='bbox 1070 426 1200 457; x_wconf 91' lang='lat' dir='ltr'><strong>castra</strong></span> <span class='ocrx_word' id='word_1_37' title='bbox 1231 421 1401 469; x_wconf 89' lang='lat' dir='ltr'><strong>accepit,</strong></span> <span class='ocrx_word' id='word_1_38' title='bbox 1434 421 1508 458; x_wconf 88' lang='lat' dir='ltr'><strong>iter</strong></span> 
     </span>
     <span class='ocr_line' id='line_1_6' title="bbox 90 489 1550 537; baseline 0.001 -10"><span class='ocrx_word' id='word_1_39' title='bbox 90 491 145 527; x_wconf 91' lang='lat' dir='ltr'><strong>ad</strong></span> <span class='ocrx_word' id='word_1_40' title='bbox 177 502 286 526; x_wconf 87' lang='lat' dir='ltr'><strong>mare</strong></span> <span class='ocrx_word' id='word_1_41' title='bbox 319 490 528 527; x_wconf 87' lang='lat' dir='ltr'><strong>convertit.</strong></span> <span class='ocrx_word' id='word_1_42' title='bbox 576 489 700 525; x_wconf 89' lang='lat' dir='ltr'><strong>Haud</strong></span> <span class='ocrx_word' id='word_1_43' title='bbox 724 490 864 537; x_wconf 91' lang='lat' dir='ltr'><strong>procul</strong></span> <span class='ocrx_word' id='word_1_44' title='bbox 890 489 1124 527; x_wconf 81' lang='lat' dir='ltr'><strong>Tarracone</strong></span> <span class='ocrx_word' id='word_1_45' title='bbox 1149 491 1340 528; x_wconf 86' lang='lat' dir='ltr'><strong>classicos</strong></span> <span class='ocrx_word' id='word_1_46' title='bbox 1365 491 1508 528; x_wconf 83' lang='lat' dir='ltr'><strong>milites</strong></span> <span class='ocrx_word' id='word_1_47' title='bbox 1524 492 1550 531; x_wconf 79' lang='grc'><strong><em>2</em></strong></span> 
     </span>
     <span class='ocr_line' id='line_1_7' title="bbox 90 559 1507 610; baseline 0 -12"><span class='ocrx_word' id='word_1_48' title='bbox 90 562 335 610; x_wconf 90' lang='lat' dir='ltr'><strong>navalesque</strong></span> <span class='ocrx_word' id='word_1_49' title='bbox 368 560 503 597; x_wconf 89' lang='lat' dir='ltr'><strong>socios</strong></span> <span class='ocrx_word' id='word_1_50' title='bbox 535 571 662 608; x_wconf 88' lang='lat' dir='ltr'><strong>vagos</strong></span> <span class='ocrx_word' id='word_1_51' title='bbox 686 559 951 607; x_wconf 89' lang='lat' dir='ltr'><strong>palantesque</strong></span> <span class='ocrx_word' id='word_1_52' title='bbox 980 573 1051 609; x_wconf 91' lang='lat' dir='ltr'><strong>per</strong></span> <span class='ocrx_word' id='word_1_53' title='bbox 1075 573 1208 610; x_wconf 88' lang='lat' dir='ltr'><strong>agros,</strong></span> <span class='ocrx_word' id='word_1_54' title='bbox 1243 562 1356 609; x_wconf 91' lang='lat' dir='ltr'><strong>quod</strong></span> <span class='ocrx_word' id='word_1_55' title='bbox 1382 561 1507 598; x_wconf 89' lang='lat' dir='ltr'><strong>ferme</strong></span> 
     </span>
     <span class='ocr_line' id='line_1_8' title="bbox 91 629 1506 681; baseline -0.001 -12"><span class='ocrx_word' id='word_1_56' title='bbox 91 632 145 677; x_wconf 91' lang='lat' dir='ltr'><strong>fit,</strong></span> <span class='ocrx_word' id='word_1_57' title='bbox 169 636 212 668; x_wconf 90' lang='lat' dir='ltr'><strong>ut</strong></span> <span class='ocrx_word' id='word_1_58' title='bbox 235 631 426 668; x_wconf 86' lang='lat' dir='ltr'><strong>secundae</strong></span> <span class='ocrx_word' id='word_1_59' title='bbox 448 642 511 666; x_wconf 90' lang='lat' dir='ltr'><strong>res</strong></span> <span class='ocrx_word' id='word_1_60' title='bbox 535 629 826 678; x_wconf 81' lang='lat' dir='ltr'><strong>negligentiam</strong></span> <span class='ocrx_word' id='word_1_61' title='bbox 845 637 994 676; x_wconf 89' lang='lat' dir='ltr'><strong>creent,</strong></span> <span class='ocrx_word' id='word_1_62' title='bbox 1019 632 1152 680; x_wconf 90' lang='lat' dir='ltr'><strong>equite</strong></span> <span class='ocrx_word' id='word_1_63' title='bbox 1170 632 1320 681; x_wconf 90' lang='lat' dir='ltr'><strong>passim</strong></span> <span class='ocrx_word' id='word_1_64' title='bbox 1339 632 1506 668; x_wconf 91' lang='lat' dir='ltr'><strong>dimisso</strong></span> 
     </span>
     <span class='ocr_line' id='line_1_9' title="bbox 91 699 1549 751; baseline 0 -11"><span class='ocrx_word' id='word_1_65' title='bbox 91 715 181 741; x_wconf 86' lang='lat' dir='ltr'><strong>cum</strong></span> <span class='ocrx_word' id='word_1_66' title='bbox 213 714 362 751; x_wconf 90' lang='lat' dir='ltr'><strong>magna</strong></span> <span class='ocrx_word' id='word_1_67' title='bbox 394 701 520 745; x_wconf 88' lang='lat' dir='ltr'><strong>caede,</strong></span> <span class='ocrx_word' id='word_1_68' title='bbox 555 700 708 736; x_wconf 90' lang='lat' dir='ltr'><strong>maiore</strong></span> <span class='ocrx_word' id='word_1_69' title='bbox 731 699 827 748; x_wconf 86' lang='lat' dir='ltr'><strong>fuga</strong></span> <span class='ocrx_word' id='word_1_70' title='bbox 851 701 905 737; x_wconf 90' lang='lat' dir='ltr'><strong>ad</strong></span> <span class='ocrx_word' id='word_1_71' title='bbox 930 713 1054 738; x_wconf 87' lang='lat' dir='ltr'><strong>naves</strong></span> <span class='ocrx_word' id='word_1_72' title='bbox 1072 703 1293 751; x_wconf 88' lang='lat' dir='ltr'><strong>compellit;</strong></span> <span class='ocrx_word' id='word_1_73' title='bbox 1327 715 1403 740; x_wconf 91' lang='lat' dir='ltr'><strong>nec</strong></span> <span class='ocrx_word' id='word_1_74' title='bbox 1421 703 1508 738; x_wconf 88' lang='lat' dir='ltr'><strong>diu·</strong></span> <span class='ocrx_word' id='word_1_75' title='bbox 1524 701 1549 740; x_wconf 77' lang='lat'>3</span> 
     </span>
     <span class='ocr_line' id='line_1_10' title="bbox 91 770 1507 822; baseline -0.001 -12"><span class='ocrx_word' id='word_1_76' title='bbox 91 774 167 810; x_wconf 86' lang='lat' dir='ltr'><strong>tius</strong></span> <span class='ocrx_word' id='word_1_77' title='bbox 191 773 296 810; x_wconf 90' lang='lat' dir='ltr'><strong>circa</strong></span> <span class='ocrx_word' id='word_1_78' title='bbox 319 784 368 809; x_wconf 90' lang='lat' dir='ltr'><strong>ea</strong></span> <span class='ocrx_word' id='word_1_79' title='bbox 392 772 483 809; x_wconf 90' lang='lat' dir='ltr'><strong>loca</strong></span> <span class='ocrx_word' id='word_1_80' title='bbox 505 770 653 807; x_wconf 90' lang='lat' dir='ltr'><strong>morari</strong></span> <span class='ocrx_word' id='word_1_81' title='bbox 676 782 809 815; x_wconf 88' lang='lat' dir='ltr'><strong>ausus,</strong></span> <span class='ocrx_word' id='word_1_82' title='bbox 835 784 887 807; x_wconf 89' lang='lat' dir='ltr'><strong>ne</strong></span> <span class='ocrx_word' id='word_1_83' title='bbox 912 773 962 808; x_wconf 91' lang='lat' dir='ltr'><strong>ab</strong></span> <span class='ocrx_word' id='word_1_84' title='bbox 987 772 1178 821; x_wconf 90' lang='lat' dir='ltr'><strong>Scipione</strong></span> <span class='ocrx_word' id='word_1_85' title='bbox 1202 773 1507 822; x_wconf 82' lang='lat' dir='ltr'><strong>opprimeretur,</strong></span> 
     </span>
     <span class='ocr_line' id='line_1_11' title="bbox 92 841 1551 891; baseline -0.001 -10"><span class='ocrx_word' id='word_1_86' title='bbox 92 851 201 881; x_wconf 87' lang='lat' dir='ltr'><strong>trans</strong></span> <span class='ocrx_word' id='word_1_87' title='bbox 234 842 430 880; x_wconf 91' lang='lat' dir='ltr'><strong>Hiberum</strong></span> <span class='ocrx_word' id='word_1_88' title='bbox 463 854 553 878; x_wconf 89' lang='lat' dir='ltr'><strong>sese</strong></span> <span class='ocrx_word' id='word_1_89' title='bbox 585 841 750 890; x_wconf 87' lang='lat' dir='ltr'><strong>recepit.</strong></span> <span class='ocrx_word' id='word_1_90' title='bbox 820 842 871 877; x_wconf 89' lang='lat' dir='ltr'><strong>Et</strong></span> <span class='ocrx_word' id='word_1_91' title='bbox 903 842 1037 891; x_wconf 88' lang='lat' dir='ltr'><strong>Scipio</strong></span> <span class='ocrx_word' id='word_1_92' title='bbox 1076 843 1220 891; x_wconf 88' lang='lat' dir='ltr'><strong>raptim</strong></span> <span class='ocrx_word' id='word_1_93' title='bbox 1264 845 1319 880; x_wconf 92' lang='lat' dir='ltr'><strong>ad</strong></span> <span class='ocrx_word' id='word_1_94' title='bbox 1358 842 1551 881; x_wconf 64' lang='lat' dir='ltr'><strong>famam—1</strong></span> 
     </span>
     <span class='ocr_line' id='line_1_12' title="bbox 90 912 1509 962; baseline -0.001 -10"><span class='ocrx_word' id='word_1_95' title='bbox 90 926 289 952; x_wconf 89' lang='lat' dir='ltr'><strong>novorum</strong></span> <span class='ocrx_word' id='word_1_96' title='bbox 322 913 496 950; x_wconf 88' lang='lat' dir='ltr'><strong>hostium</strong></span> <span class='ocrx_word' id='word_1_97' title='bbox 530 912 692 961; x_wconf 84' lang='lat' dir='ltr'><strong>agmine</strong></span> <span class='ocrx_word' id='word_1_98' title='bbox 725 917 832 957; x_wconf 84' lang='lat' dir='ltr'><strong>acto,</strong></span> <span class='ocrx_word' id='word_1_99' title='bbox 873 925 993 961; x_wconf 92' lang='lat' dir='ltr'><strong>quum</strong></span> <span class='ocrx_word' id='word_1_100' title='bbox 1033 914 1074 949; x_wconf 91' lang='lat' dir='ltr'><strong>in</strong></span> <span class='ocrx_word' id='word_1_101' title='bbox 1106 926 1261 962; x_wconf 88' lang='lat' dir='ltr'><strong>paucos</strong></span> <span class='ocrx_word' id='word_1_102' title='bbox 1294 914 1509 962; x_wconf 77' lang='lat' dir='ltr'><strong>praefectos</strong></span> 
     </span>
     <span class='ocr_line' id='line_1_13' title="bbox 91 983 1509 1031; baseline -0.001 -9"><span class='ocrx_word' id='word_1_103' title='bbox 91 985 253 1022; x_wconf 89' lang='lat' dir='ltr'><strong>navium</strong></span> <span class='ocrx_word' id='word_1_104' title='bbox 285 983 648 1027; x_wconf 86' lang='lat' dir='ltr'><strong>animadvertisset,</strong></span> <span class='ocrx_word' id='word_1_105' title='bbox 681 983 870 1031; x_wconf 89' lang='lat' dir='ltr'><strong>praesidio</strong></span> <span class='ocrx_word' id='word_1_106' title='bbox 889 983 1124 1021; x_wconf 84' lang='lat' dir='ltr'><strong>Tarracone</strong></span> <span class='ocrx_word' id='word_1_107' title='bbox 1157 984 1322 1021; x_wconf 91' lang='lat' dir='ltr'><strong>modico</strong></span> <span class='ocrx_word' id='word_1_108' title='bbox 1355 984 1509 1029; x_wconf 84' lang='lat' dir='ltr'><strong>relicto,</strong></span> 
     </span>
     <span class='ocr_line' id='line_1_14' title="bbox 92 1053 1551 1105; baseline 0.001 -13"><span class='ocrx_word' id='word_1_109' title='bbox 92 1055 306 1105; x_wconf 89' lang='lat' dir='ltr'><strong>Emporias</strong></span> <span class='ocrx_word' id='word_1_110' title='bbox 331 1066 420 1092; x_wconf 91' lang='lat' dir='ltr'><strong>cum</strong></span> <span class='ocrx_word' id='word_1_111' title='bbox 445 1054 573 1091; x_wconf 90' lang='lat' dir='ltr'><strong>classe</strong></span> <span class='ocrx_word' id='word_1_112' title='bbox 596 1053 727 1090; x_wconf 87' lang='lat' dir='ltr'><strong>rediit.</strong></span> <span class='ocrx_word' id='word_1_113' title='bbox 777 1054 952 1091; x_wconf 86' lang='lat' dir='ltr'><strong>Vixdum</strong></span> <span class='ocrx_word' id='word_1_114' title='bbox 978 1055 1162 1103; x_wconf 86' lang='lat' dir='ltr'><strong>digresso</strong></span> <span class='ocrx_word' id='word_1_115' title='bbox 1188 1068 1252 1100; x_wconf 89' lang='lat' dir='ltr'><strong>eo,</strong></span> <span class='ocrx_word' id='word_1_116' title='bbox 1277 1054 1509 1092; x_wconf 85' lang='lat' dir='ltr'><strong>Hasdrubal</strong></span> <span class='ocrx_word' id='word_1_117' title='bbox 1526 1054 1551 1094; x_wconf 80' lang='grc'>5</span> 
     </span>
     <span class='ocr_line' id='line_1_15' title="bbox 92 1125 1511 1174; baseline -0.001 -11"><span class='ocrx_word' id='word_1_118' title='bbox 92 1127 248 1171; x_wconf 89' lang='lat' dir='ltr'><strong>aderat,</strong></span> <span class='ocrx_word' id='word_1_119' title='bbox 272 1130 313 1162; x_wconf 88' lang='lat' dir='ltr'><strong>et</strong></span> <span class='ocrx_word' id='word_1_120' title='bbox 336 1125 552 1173; x_wconf 87' lang='lat' dir='ltr'><strong>Ilergetum</strong></span> <span class='ocrx_word' id='word_1_121' title='bbox 574 1125 742 1173; x_wconf 89' lang='lat' dir='ltr'><strong>populo,</strong></span> <span class='ocrx_word' id='word_1_122' title='bbox 768 1126 833 1173; x_wconf 90' lang='lat' dir='ltr'><strong>qui</strong></span> <span class='ocrx_word' id='word_1_123' title='bbox 857 1126 1024 1162; x_wconf 88' lang='lat' dir='ltr'><strong>obsides</strong></span> <span class='ocrx_word' id='word_1_124' title='bbox 1042 1125 1221 1174; x_wconf 86' lang='lat' dir='ltr'><strong>Scipioni</strong></span> <span class='ocrx_word' id='word_1_125' title='bbox 1247 1126 1432 1170; x_wconf 88' lang='lat' dir='ltr'><strong>dederat,</strong></span> <span class='ocrx_word' id='word_1_126' title='bbox 1457 1126 1511 1161; x_wconf 94' lang='lat' dir='ltr'><strong>ad</strong></span> 
     </span>
     <span class='ocr_line' id='line_1_16' title="bbox 93 1195 1512 1245; baseline -0.001 -12"><span class='ocrx_word' id='word_1_127' title='bbox 93 1196 368 1233; x_wconf 89' lang='lat' dir='ltr'><strong>defectionem</strong></span> <span class='ocrx_word' id='word_1_128' title='bbox 385 1195 572 1244; x_wconf 82' lang='lat' dir='ltr'><strong>impulso,</strong></span> <span class='ocrx_word' id='word_1_129' title='bbox 591 1207 681 1232; x_wconf 90' lang='lat' dir='ltr'><strong>cum</strong></span> <span class='ocrx_word' id='word_1_130' title='bbox 699 1208 838 1232; x_wconf 90' lang='lat' dir='ltr'><strong>eorum</strong></span> <span class='ocrx_word' id='word_1_131' title='bbox 855 1197 1034 1245; x_wconf 90' lang='lat' dir='ltr'><strong>ipsorum</strong></span> <span class='ocrx_word' id='word_1_132' title='bbox 1052 1196 1257 1233; x_wconf 88' lang='lat' dir='ltr'><strong>iuventute</strong></span> <span class='ocrx_word' id='word_1_133' title='bbox 1273 1208 1395 1245; x_wconf 86' lang='lat' dir='ltr'><strong>agros</strong></span> <span class='ocrx_word' id='word_1_134' title='bbox 1413 1196 1512 1232; x_wconf 88' lang='lat' dir='ltr'><strong>fide-</strong></span> 
     </span>
     <span class='ocr_line' id='line_1_17' title="bbox 92 1265 1551 1316; baseline 0 -13"><span class='ocrx_word' id='word_1_135' title='bbox 92 1267 188 1303; x_wconf 89' lang='lat' dir='ltr'><strong>lium</strong></span> <span class='ocrx_word' id='word_1_136' title='bbox 205 1266 401 1303; x_wconf 90' lang='lat' dir='ltr'><strong>Romanis</strong></span> <span class='ocrx_word' id='word_1_137' title='bbox 420 1265 622 1302; x_wconf 89' lang='lat' dir='ltr'><strong>sociorum</strong></span> <span class='ocrx_word' id='word_1_138' title='bbox 640 1271 782 1304; x_wconf 86' lang='lat' dir='ltr'><strong>vastat.</strong></span> <span class='ocrx_word' id='word_1_139' title='bbox 831 1267 973 1304; x_wconf 82' lang='lat' dir='ltr'><strong>Excito</strong></span> <span class='ocrx_word' id='word_1_140' title='bbox 992 1267 1146 1303; x_wconf 88' lang='lat' dir='ltr'><strong>deinde</strong></span> <span class='ocrx_word' id='word_1_141' title='bbox 1164 1267 1355 1316; x_wconf 90' lang='lat' dir='ltr'><strong>Scipione</strong></span> <span class='ocrx_word' id='word_1_142' title='bbox 1380 1267 1511 1303; x_wconf 89' lang='lat' dir='ltr'><strong>hiber·</strong></span> <span class='ocrx_word' id='word_1_143' title='bbox 1527 1266 1551 1305; x_wconf 62' lang='lat'><strong>(3</strong></span> 
     </span>
     <span class='ocr_line' id='line_1_18' title="bbox 92 1336 1510 1387; baseline -0.001 -13"><span class='ocrx_word' id='word_1_144' title='bbox 92 1337 168 1382; x_wconf 92' lang='lat' dir='ltr'><strong>nis,</strong></span> <span class='ocrx_word' id='word_1_145' title='bbox 202 1343 289 1374; x_wconf 89' lang='lat' dir='ltr'><strong>toto</strong></span> <span class='ocrx_word' id='word_1_146' title='bbox 323 1337 378 1375; x_wconf 88' lang='lat' dir='ltr'><strong>cis</strong></span> <span class='ocrx_word' id='word_1_147' title='bbox 403 1336 599 1372; x_wconf 88' lang='lat' dir='ltr'><strong>Hiberum</strong></span> <span class='ocrx_word' id='word_1_148' title='bbox 630 1348 764 1374; x_wconf 91' lang='lat' dir='ltr'><strong>rursus</strong></span> <span class='ocrx_word' id='word_1_149' title='bbox 797 1338 905 1375; x_wconf 86' lang='lat' dir='ltr'><strong>cedit</strong></span> <span class='ocrx_word' id='word_1_150' title='bbox 937 1350 1049 1387; x_wconf 87' lang='lat' dir='ltr'><strong>agro.</strong></span> <span class='ocrx_word' id='word_1_151' title='bbox 1098 1337 1234 1387; x_wconf 90' lang='lat' dir='ltr'><strong>Scipio</strong></span> <span class='ocrx_word' id='word_1_152' title='bbox 1257 1338 1436 1374; x_wconf 88' lang='lat' dir='ltr'><strong>relictam</strong></span> <span class='ocrx_word' id='word_1_153' title='bbox 1461 1339 1510 1373; x_wconf 91' lang='lat' dir='ltr'><strong>ab</strong></span> 
     </span>
     <span class='ocr_line' id='line_1_19' title="bbox 93 1406 1511 1457; baseline -0.001 -12"><span class='ocrx_word' id='word_1_154' title='bbox 93 1413 259 1445; x_wconf 88' lang='lat' dir='ltr'><strong>auctore</strong></span> <span class='ocrx_word' id='word_1_155' title='bbox 291 1406 534 1445; x_wconf 89' lang='lat' dir='ltr'><strong>defectionis</strong></span> <span class='ocrx_word' id='word_1_156' title='bbox 565 1407 781 1456; x_wconf 87' lang='lat' dir='ltr'><strong>Ilergetum</strong></span> <span class='ocrx_word' id='word_1_157' title='bbox 812 1414 977 1457; x_wconf 86' lang='lat' dir='ltr'><strong>gentem</strong></span> <span class='ocrx_word' id='word_1_158' title='bbox 1010 1421 1132 1457; x_wconf 88' lang='lat' dir='ltr'><strong>quum</strong></span> <span class='ocrx_word' id='word_1_159' title='bbox 1163 1408 1313 1446; x_wconf 88' lang='lat' dir='ltr'><strong>infesto</strong></span> <span class='ocrx_word' id='word_1_160' title='bbox 1337 1408 1511 1445; x_wconf 82' lang='lat' dir='ltr'><strong>exercitu</strong></span> 
     </span>
     <span class='ocr_line' id='line_1_20' title="bbox 92 1478 1513 1528; baseline -0.001 -14"><span class='ocrx_word' id='word_1_161' title='bbox 92 1478 317 1523; x_wconf 90' lang='lat' dir='ltr'><strong>invasisset,</strong></span> <span class='ocrx_word' id='word_1_162' title='bbox 352 1478 570 1527; x_wconf 90' lang='lat' dir='ltr'><strong>compulsis</strong></span> <span class='ocrx_word' id='word_1_163' title='bbox 589 1479 776 1516; x_wconf 89' lang='lat' dir='ltr'><strong>omnibus</strong></span> <span class='ocrx_word' id='word_1_164' title='bbox 800 1480 1063 1528; x_wconf 88' lang='lat' dir='ltr'><strong>Atanagrum,</strong></span> <span class='ocrx_word' id='word_1_165' title='bbox 1098 1480 1251 1523; x_wconf 89' lang='lat' dir='ltr'><strong>urbem,</strong></span> <span class='ocrx_word' id='word_1_166' title='bbox 1278 1491 1366 1527; x_wconf 90' lang='lat' dir='ltr'><strong>quae</strong></span> <span class='ocrx_word' id='word_1_167' title='bbox 1391 1482 1513 1527; x_wconf 89' lang='lat' dir='ltr'><strong>caput</strong></span> 
     </span>
     <span class='ocr_line' id='line_1_21' title="bbox 93 1548 1550 1599; baseline 0.001 -14"><span class='ocrx_word' id='word_1_168' title='bbox 93 1549 178 1586; x_wconf 90' lang='lat' dir='ltr'><strong>eius</strong></span> <span class='ocrx_word' id='word_1_169' title='bbox 209 1549 349 1598; x_wconf 91' lang='lat' dir='ltr'><strong>populi</strong></span> <span class='ocrx_word' id='word_1_170' title='bbox 382 1554 479 1593; x_wconf 91' lang='lat' dir='ltr'><strong>erat,</strong></span> <span class='ocrx_word' id='word_1_171' title='bbox 514 1549 783 1594; x_wconf 84' lang='lat' dir='ltr'><strong>circumsedit,</strong></span> <span class='ocrx_word' id='word_1_172' title='bbox 809 1550 994 1599; x_wconf 86' lang='lat' dir='ltr'><strong>intraque</strong></span> <span class='ocrx_word' id='word_1_173' title='bbox 1024 1550 1112 1587; x_wconf 90' lang='lat' dir='ltr'><strong>dies</strong></span> <span class='ocrx_word' id='word_1_174' title='bbox 1135 1562 1303 1599; x_wconf 91' lang='lat' dir='ltr'><strong>paucos,</strong></span> <span class='ocrx_word' id='word_1_175' title='bbox 1333 1548 1550 1598; x_wconf 67' lang='lat' dir='ltr'><strong>pluribus?</strong></span> 
     </span>
     <span class='ocr_line' id='line_1_22' title="bbox 94 1619 1512 1669; baseline -0.001 -13"><span class='ocrx_word' id='word_1_176' title='bbox 94 1632 216 1668; x_wconf 91' lang='lat' dir='ltr'><strong>quam</strong></span> <span class='ocrx_word' id='word_1_177' title='bbox 240 1625 334 1656; x_wconf 90' lang='lat' dir='ltr'><strong>ante</strong></span> <span class='ocrx_word' id='word_1_178' title='bbox 360 1620 570 1656; x_wconf 89' lang='lat' dir='ltr'><strong>obsidibus</strong></span> <span class='ocrx_word' id='word_1_179' title='bbox 588 1620 807 1668; x_wconf 86' lang='lat' dir='ltr'><strong>imperatis,</strong></span> <span class='ocrx_word' id='word_1_180' title='bbox 831 1620 1022 1669; x_wconf 88' lang='lat' dir='ltr'><strong>Ilergetes</strong></span> <span class='ocrx_word' id='word_1_181' title='bbox 1040 1622 1214 1669; x_wconf 89' lang='lat' dir='ltr'><strong>pecunia</strong></span> <span class='ocrx_word' id='word_1_182' title='bbox 1232 1620 1354 1656; x_wconf 89' lang='lat' dir='ltr'><strong>etiam</strong></span> <span class='ocrx_word' id='word_1_183' title='bbox 1371 1619 1512 1655; x_wconf 84' lang='lat' dir='ltr'><strong>multa-</strong></span> 
     </span>
     <span class='ocr_line' id='line_1_23' title="bbox 93 1689 1553 1739; baseline -0.001 -12"><span class='ocrx_word' id='word_1_184' title='bbox 93 1695 158 1727; x_wconf 87' lang='lat' dir='ltr'><strong>tos</strong></span> <span class='ocrx_word' id='word_1_185' title='bbox 175 1689 217 1726; x_wconf 89' lang='lat' dir='ltr'><strong>in</strong></span> <span class='ocrx_word' id='word_1_186' title='bbox 233 1689 293 1727; x_wconf 92' lang='lat' dir='ltr'><strong>ius</strong></span> <span class='ocrx_word' id='word_1_187' title='bbox 312 1689 599 1738; x_wconf 90' lang='lat' dir='ltr'><strong>dicionemque</strong></span> <span class='ocrx_word' id='word_1_188' title='bbox 616 1691 781 1739; x_wconf 89' lang='lat' dir='ltr'><strong>recepit.</strong></span> <span class='ocrx_word' id='word_1_189' title='bbox 824 1691 926 1727; x_wconf 90' lang='lat' dir='ltr'><strong>Inde</strong></span> <span class='ocrx_word' id='word_1_190' title='bbox 942 1692 984 1728; x_wconf 90' lang='lat' dir='ltr'><strong>in</strong></span> <span class='ocrx_word' id='word_1_191' title='bbox 996 1692 1228 1728; x_wconf 87' lang='lat' dir='ltr'><strong>Ausetanos</strong></span> <span class='ocrx_word' id='word_1_192' title='bbox 1245 1702 1374 1739; x_wconf 90' lang='lat' dir='ltr'><strong>prope</strong></span> <span class='ocrx_word' id='word_1_193' title='bbox 1388 1689 1514 1725; x_wconf 89' lang='lat' dir='ltr'><strong>Hibe·</strong></span> <span class='ocrx_word' id='word_1_194' title='bbox 1529 1689 1553 1729; x_wconf 72' lang='grc'>8</span> 
     </span>
     <span class='ocr_line' id='line_1_24' title="bbox 93 1760 1514 1810; baseline -0.001 -14"><span class='ocrx_word' id='word_1_195' title='bbox 93 1773 193 1805; x_wconf 89' lang='lat' dir='ltr'><strong>rum,</strong></span> <span class='ocrx_word' id='word_1_196' title='bbox 227 1760 362 1797; x_wconf 91' lang='lat' dir='ltr'><strong>socios</strong></span> <span class='ocrx_word' id='word_1_197' title='bbox 395 1766 435 1796; x_wconf 88' lang='lat' dir='ltr'><strong>et</strong></span> <span class='ocrx_word' id='word_1_198' title='bbox 465 1761 577 1809; x_wconf 89' lang='lat' dir='ltr'><strong>ipsos</strong></span> <span class='ocrx_word' id='word_1_199' title='bbox 610 1761 839 1805; x_wconf 86' lang='lat' dir='ltr'><strong>Poenorum,</strong></span> <span class='ocrx_word' id='word_1_200' title='bbox 874 1761 1073 1810; x_wconf 89' lang='lat' dir='ltr'><strong>procedit,</strong></span> <span class='ocrx_word' id='word_1_201' title='bbox 1108 1766 1229 1810; x_wconf 90' lang='lat' dir='ltr'><strong>atque</strong></span> <span class='ocrx_word' id='word_1_202' title='bbox 1252 1761 1349 1796; x_wconf 91' lang='lat' dir='ltr'><strong>urbe</strong></span> <span class='ocrx_word' id='word_1_203' title='bbox 1374 1771 1514 1796; x_wconf 89' lang='lat' dir='ltr'><strong>eorum</strong></span> 
     </span>
     <span class='ocr_line' id='line_1_25' title="bbox 94 1830 1514 1876; baseline -0.001 -9"><span class='ocrx_word' id='word_1_204' title='bbox 94 1832 277 1876; x_wconf 89' lang='lat' dir='ltr'><strong>obsessa,</strong></span> <span class='ocrx_word' id='word_1_205' title='bbox 310 1831 528 1868; x_wconf 88' lang='lat' dir='ltr'><strong>Laeetanos</strong></span> <span class='ocrx_word' id='word_1_206' title='bbox 570 1832 758 1868; x_wconf 83' lang='lat' dir='ltr'><strong>auxilium</strong></span> <span class='ocrx_word' id='word_1_207' title='bbox 800 1832 975 1868; x_wconf 89' lang='lat' dir='ltr'><strong>finitimis</strong></span> <span class='ocrx_word' id='word_1_208' title='bbox 1014 1831 1190 1868; x_wconf 89' lang='lat' dir='ltr'><strong>ferentes</strong></span> <span class='ocrx_word' id='word_1_209' title='bbox 1228 1835 1363 1874; x_wconf 88' lang='lat' dir='ltr'><strong>nocte,</strong></span> <span class='ocrx_word' id='word_1_210' title='bbox 1404 1830 1514 1866; x_wconf 84' lang='lat' dir='ltr'><strong>haud</strong></span> 
     </span>
     <span class='ocr_line' id='line_1_26' title="bbox 93 1899 1553 1951; baseline -0.001 -13"><span class='ocrx_word' id='word_1_211' title='bbox 93 1902 234 1950; x_wconf 88' lang='lat' dir='ltr'><strong>procul</strong></span> <span class='ocrx_word' id='word_1_212' title='bbox 255 1901 336 1938; x_wconf 89' lang='lat' dir='ltr'><strong>iam</strong></span> <span class='ocrx_word' id='word_1_213' title='bbox 359 1902 470 1946; x_wconf 91' lang='lat' dir='ltr'><strong>urbe,</strong></span> <span class='ocrx_word' id='word_1_214' title='bbox 499 1914 621 1950; x_wconf 90' lang='lat' dir='ltr'><strong>quum</strong></span> <span class='ocrx_word' id='word_1_215' title='bbox 644 1902 793 1939; x_wconf 84' lang='lat' dir='ltr'><strong>intrare</strong></span> <span class='ocrx_word' id='word_1_216' title='bbox 811 1903 969 1946; x_wconf 88' lang='lat' dir='ltr'><strong>vellent,</strong></span> <span class='ocrx_word' id='word_1_217' title='bbox 996 1903 1154 1951; x_wconf 85' lang='lat' dir='ltr'><strong>excepit</strong></span> <span class='ocrx_word' id='word_1_218' title='bbox 1176 1901 1347 1938; x_wconf 88' lang='lat' dir='ltr'><strong>insidiis.</strong></span> <span class='ocrx_word' id='word_1_219' title='bbox 1397 1899 1513 1937; x_wconf 89' lang='lat' dir='ltr'><strong>Caesa</strong></span> <span class='ocrx_word' id='word_1_220' title='bbox 1528 1900 1553 1940; x_wconf 83' lang='lat'>9</span> 
     </span>
     <span class='ocr_line' id='line_1_27' title="bbox 94 1971 1512 2022; baseline -0.001 -14"><span class='ocrx_word' id='word_1_221' title='bbox 94 1972 149 2008; x_wconf 88' lang='lat' dir='ltr'><strong>ad</strong></span> <span class='ocrx_word' id='word_1_222' title='bbox 177 1972 397 2010; x_wconf 87' lang='lat' dir='ltr'><strong>duodecim</strong></span> <span class='ocrx_word' id='word_1_223' title='bbox 420 1972 563 2017; x_wconf 88' lang='lat' dir='ltr'><strong>millia;</strong></span> <span class='ocrx_word' id='word_1_224' title='bbox 597 1973 703 2009; x_wconf 87' lang='lat' dir='ltr'><strong>exuti</strong></span> <span class='ocrx_word' id='word_1_225' title='bbox 726 1985 855 2022; x_wconf 89' lang='lat' dir='ltr'><strong>prope</strong></span> <span class='ocrx_word' id='word_1_226' title='bbox 881 1985 1024 2010; x_wconf 89' lang='lat' dir='ltr'><strong>omnes</strong></span> <span class='ocrx_word' id='word_1_227' title='bbox 1051 1972 1170 2009; x_wconf 91' lang='lat' dir='ltr'><strong>armis</strong></span> <span class='ocrx_word' id='word_1_228' title='bbox 1194 1973 1343 2009; x_wconf 91' lang='lat' dir='ltr'><strong>domos</strong></span> <span class='ocrx_word' id='word_1_229' title='bbox 1361 1971 1512 2020; x_wconf 89' lang='lat' dir='ltr'><strong>passim</strong></span> 
     </span>
     <span class='ocr_line' id='line_1_28' title="bbox 93 2042 1514 2092; baseline -0.001 -13"><span class='ocrx_word' id='word_1_230' title='bbox 93 2042 279 2090; x_wconf 84' lang='lat' dir='ltr'><strong>palantes</strong></span> <span class='ocrx_word' id='word_1_231' title='bbox 296 2055 368 2091; x_wconf 91' lang='lat' dir='ltr'><strong>per</strong></span> <span class='ocrx_word' id='word_1_232' title='bbox 385 2056 506 2092; x_wconf 90' lang='lat' dir='ltr'><strong>agros</strong></span> <span class='ocrx_word' id='word_1_233' title='bbox 530 2043 746 2092; x_wconf 86' lang='lat' dir='ltr'><strong>diffugere;</strong></span> <span class='ocrx_word' id='word_1_234' title='bbox 780 2056 857 2081; x_wconf 88' lang='lat' dir='ltr'><strong>nec</strong></span> <span class='ocrx_word' id='word_1_235' title='bbox 882 2044 1076 2080; x_wconf 91' lang='lat' dir='ltr'><strong>obsessos</strong></span> <span class='ocrx_word' id='word_1_236' title='bbox 1099 2043 1178 2079; x_wconf 93' lang='lat' dir='ltr'><strong>alia</strong></span> <span class='ocrx_word' id='word_1_237' title='bbox 1202 2044 1280 2079; x_wconf 89' lang='lat' dir='ltr'><strong>ulla</strong></span> <span class='ocrx_word' id='word_1_238' title='bbox 1304 2055 1368 2079; x_wconf 89' lang='lat' dir='ltr'><strong>res</strong></span> <span class='ocrx_word' id='word_1_239' title='bbox 1392 2054 1514 2090; x_wconf 89' lang='lat' dir='ltr'><strong>quam</strong></span> 
     </span>
     <span class='ocr_line' id='line_1_29' title="bbox 93 2112 1585 2163; baseline 0.001 -14"><span class='ocrx_word' id='word_1_240' title='bbox 93 2112 232 2161; x_wconf 90' lang='lat' dir='ltr'><strong>iniqua</strong></span> <span class='ocrx_word' id='word_1_241' title='bbox 256 2114 587 2163; x_wconf 87' lang='lat' dir='ltr'><strong>oppugnantibus</strong></span> <span class='ocrx_word' id='word_1_242' title='bbox 612 2114 741 2151; x_wconf 90' lang='lat' dir='ltr'><strong>hiems</strong></span> <span class='ocrx_word' id='word_1_243' title='bbox 764 2116 980 2151; x_wconf 88' lang='lat' dir='ltr'><strong>tutabatur.</strong></span> <span class='ocrx_word' id='word_1_244' title='bbox 1029 2114 1214 2162; x_wconf 86' lang='lat' dir='ltr'><strong>Triginta</strong></span> <span class='ocrx_word' id='word_1_245' title='bbox 1239 2113 1327 2150; x_wconf 91' lang='lat' dir='ltr'><strong>dies</strong></span> <span class='ocrx_word' id='word_1_246' title='bbox 1351 2113 1513 2149; x_wconf 89' lang='lat' dir='ltr'><strong>obsidio</strong></span> <span class='ocrx_word' id='word_1_247' title='bbox 1533 2112 1585 2152; x_wconf 84' lang='lat' dir='ltr'><strong>IO</strong></span> 
     </span>
     <span class='ocr_line' id='line_1_30' title="bbox 96 2183 1514 2233; baseline -0.001 -13"><span class='ocrx_word' id='word_1_248' title='bbox 96 2183 180 2228; x_wconf 86' lang='lat' dir='ltr'><strong>fuit,</strong></span> <span class='ocrx_word' id='word_1_249' title='bbox 213 2196 285 2233; x_wconf 91' lang='lat' dir='ltr'><strong>per</strong></span> <span class='ocrx_word' id='word_1_250' title='bbox 317 2197 420 2233; x_wconf 92' lang='lat' dir='ltr'><strong>quos</strong></span> <span class='ocrx_word' id='word_1_251' title='bbox 453 2197 544 2221; x_wconf 88' lang='lat' dir='ltr'><strong>raro</strong></span> <span class='ocrx_word' id='word_1_252' title='bbox 577 2197 755 2233; x_wconf 91' lang='lat' dir='ltr'><strong>unquam</strong></span> <span class='ocrx_word' id='word_1_253' title='bbox 787 2185 854 2221; x_wconf 87' lang='lat' dir='ltr'><strong>nix</strong></span> <span class='ocrx_word' id='word_1_254' title='bbox 885 2186 1018 2221; x_wconf 90' lang='lat' dir='ltr'><strong>minus</strong></span> <span class='ocrx_word' id='word_1_255' title='bbox 1052 2188 1241 2233; x_wconf 90' lang='lat' dir='ltr'><strong>quattuor</strong></span> <span class='ocrx_word' id='word_1_256' title='bbox 1272 2185 1401 2233; x_wconf 89' lang='lat' dir='ltr'><strong>pedes</strong></span> <span class='ocrx_word' id='word_1_257' title='bbox 1435 2184 1514 2220; x_wconf 88' lang='lat' dir='ltr'><strong>alta</strong></span> 
     </span>
     <span class='ocr_line' id='line_1_31' title="bbox 94 2254 1516 2304; baseline -0.001 -14"><span class='ocrx_word' id='word_1_258' title='bbox 94 2254 228 2300; x_wconf 90' lang='lat' dir='ltr'><strong>iacuit,</strong></span> <span class='ocrx_word' id='word_1_259' title='bbox 262 2257 452 2304; x_wconf 88' lang='lat' dir='ltr'><strong>adeoque</strong></span> <span class='ocrx_word' id='word_1_260' title='bbox 484 2256 644 2304; x_wconf 87' lang='lat' dir='ltr'><strong>pluteos</strong></span> <span class='ocrx_word' id='word_1_261' title='bbox 677 2267 724 2291; x_wconf 90' lang='lat' dir='ltr'><strong>ac</strong></span> <span class='ocrx_word' id='word_1_262' title='bbox 757 2255 894 2291; x_wconf 89' lang='lat' dir='ltr'><strong>vineas</strong></span> <span class='ocrx_word' id='word_1_263' title='bbox 918 2256 1198 2292; x_wconf 90' lang='lat' dir='ltr'><strong>Romanorum</strong></span> <span class='ocrx_word' id='word_1_264' title='bbox 1221 2260 1449 2304; x_wconf 88' lang='lat' dir='ltr'><strong>operuerat,</strong></span> <span class='ocrx_word' id='word_1_265' title='bbox 1474 2260 1516 2290; x_wconf 90' lang='lat' dir='ltr'><strong>ut</strong></span> 
     </span>
     <span class='ocr_line' id='line_1_32' title="bbox 96 2325 1515 2375; baseline -0.001 -14"><span class='ocrx_word' id='word_1_266' title='bbox 96 2336 146 2361; x_wconf 86' lang='lat' dir='ltr'><strong>ea</strong></span> <span class='ocrx_word' id='word_1_267' title='bbox 170 2325 270 2370; x_wconf 89' lang='lat' dir='ltr'><strong>sola,</strong></span> <span class='ocrx_word' id='word_1_268' title='bbox 295 2326 456 2375; x_wconf 89' lang='lat' dir='ltr'><strong>ignibus</strong></span> <span class='ocrx_word' id='word_1_269' title='bbox 480 2326 694 2375; x_wconf 89' lang='lat' dir='ltr'><strong>aliquoties</strong></span> <span class='ocrx_word' id='word_1_270' title='bbox 712 2325 907 2362; x_wconf 85' lang='lat' dir='ltr'><strong>coniectis</strong></span> <span class='ocrx_word' id='word_1_271' title='bbox 931 2326 981 2362; x_wconf 91' lang='lat' dir='ltr'><strong>ab</strong></span> <span class='ocrx_word' id='word_1_272' title='bbox 1006 2327 1137 2371; x_wconf 88' lang='lat' dir='ltr'><strong>hoste,</strong></span> <span class='ocrx_word' id='word_1_273' title='bbox 1171 2327 1293 2362; x_wconf 90' lang='lat' dir='ltr'><strong>etiam</strong></span> <span class='ocrx_word' id='word_1_274' title='bbox 1317 2330 1515 2361; x_wconf 88' lang='lat' dir='ltr'><strong>tutamen-</strong></span> 
     </span>
     <span class='ocr_line' id='line_1_33' title="bbox 96 2394 1582 2445; baseline 0.001 -14"><span class='ocrx_word' id='word_1_275' title='bbox 96 2401 180 2431; x_wconf 89' lang='lat' dir='ltr'><strong>tum</strong></span> <span class='ocrx_word' id='word_1_276' title='bbox 212 2395 341 2433; x_wconf 86' lang='lat' dir='ltr'><strong>fuerit.</strong></span> <span class='ocrx_word' id='word_1_277' title='bbox 403 2397 615 2434; x_wconf 89' lang='lat' dir='ltr'><strong>Postremo</strong></span> <span class='ocrx_word' id='word_1_278' title='bbox 656 2409 778 2445; x_wconf 89' lang='lat' dir='ltr'><strong>quum</strong></span> <span class='ocrx_word' id='word_1_279' title='bbox 810 2397 1022 2434; x_wconf 91' lang='lat' dir='ltr'><strong>Amusicus</strong></span> <span class='ocrx_word' id='word_1_280' title='bbox 1061 2397 1250 2445; x_wconf 90' lang='lat' dir='ltr'><strong>princeps</strong></span> <span class='ocrx_word' id='word_1_281' title='bbox 1289 2407 1428 2432; x_wconf 87' lang='lat' dir='ltr'><strong>eorum</strong></span> <span class='ocrx_word' id='word_1_282' title='bbox 1461 2394 1582 2433; x_wconf 78' lang='lat' dir='ltr'><strong>adn</strong></span> 
     </span>
     <span class='ocr_line' id='line_1_34' title="bbox 95 2464 1516 2517; baseline -0.001 -15"><span class='ocrx_word' id='word_1_283' title='bbox 95 2464 396 2504; x_wconf 90' lang='lat' dir='ltr'><strong>Hasdrubalem</strong></span> <span class='ocrx_word' id='word_1_284' title='bbox 419 2467 677 2517; x_wconf 87' lang='lat' dir='ltr'><strong>profugisset,</strong></span> <span class='ocrx_word' id='word_1_285' title='bbox 703 2468 841 2517; x_wconf 89' lang='lat' dir='ltr'><strong>viginti</strong></span> <span class='ocrx_word' id='word_1_286' title='bbox 869 2468 1024 2517; x_wconf 89' lang='lat' dir='ltr'><strong>argenti</strong></span> <span class='ocrx_word' id='word_1_287' title='bbox 1048 2467 1210 2504; x_wconf 91' lang='lat' dir='ltr'><strong>talentis</strong></span> <span class='ocrx_word' id='word_1_288' title='bbox 1232 2466 1339 2515; x_wconf 89' lang='lat' dir='ltr'><strong>pacti</strong></span> <span class='ocrx_word' id='word_1_289' title='bbox 1357 2466 1516 2501; x_wconf 89' lang='lat' dir='ltr'><strong>dedun-</strong></span> 
     </span>
     <span class='ocr_line' id='line_1_35' title="bbox 96 2537 1094 2575; baseline 0.002 -3"><span class='ocrx_word' id='word_1_290' title='bbox 96 2542 170 2574; x_wconf 88' lang='lat' dir='ltr'><strong>tur.</strong></span> <span class='ocrx_word' id='word_1_291' title='bbox 233 2537 510 2575; x_wconf 90' lang='lat' dir='ltr'><strong>Tarraconem</strong></span> <span class='ocrx_word' id='word_1_292' title='bbox 541 2539 583 2574; x_wconf 92' lang='lat' dir='ltr'><strong>in</strong></span> <span class='ocrx_word' id='word_1_293' title='bbox 615 2538 783 2575; x_wconf 88' lang='lat' dir='ltr'><strong>hiberna</strong></span> <span class='ocrx_word' id='word_1_294' title='bbox 815 2538 987 2575; x_wconf 90' lang='lat' dir='ltr'><strong>reditum</strong></span> <span class='ocrx_word' id='word_1_295' title='bbox 1020 2543 1094 2575; x_wconf 90' lang='lat' dir='ltr'><strong>est.</strong></span> 
     </span>
    </p>
   </div>
  </div>
 </body>
</html>
