1789 2955
540 67 653 103 Liber
677 65 824 102 xxix.
873 67 933 112 (A.
960 66 1024 102 oh.
1049 67 1143 110 205.)
1483 69 1560 107 181

140 195 411 234 condicionem
429 195 642 245 accipienti
666 209 787 233 unum
816 209 861 232 ex
886 195 1089 242 trecentis,
1121 208 1219 245 quos
1252 194 1420 232 inermes
1450 194 1567 231 habe-

138 268 218 315 bat,
247 267 384 306 tradit.
433 267 517 306 Ubi
548 268 623 306 hoc
647 267 762 304 modo
788 270 1085 305 exauctoratum
1118 268 1289 317 equitem
1322 280 1409 304 cum
1440 267 1570 316 gratia

139 340 392 390 imperatoris
424 341 545 378 ceteri
575 339 776 386 viderunt,
807 352 847 376 se
879 339 1047 388 quisque
1087 353 1275 377 excusare
1307 343 1346 377 et
1375 339 1569 376 vicarium

141 412 330 462 accipere.
376 412 442 449 Ita
471 412 658 450 trecentis
690 410 836 449 Siculis
858 411 1032 449 Romani
1066 412 1219 462 equites
1251 411 1458 449 substituti
1488 411 1571 448 sine
1592 412 1642 448 10

138 484 302 534 publica
332 484 522 534 impensa.
582 484 867 522 Docendorum
914 486 1032 533 atque
1080 484 1389 522 exercendorum
1436 497 1570 520 curam

141 554 271 594 Siculi
301 555 539 603 habuerunt,
571 557 665 606 quia
697 556 870 594 edictum
901 556 1152 606 imperatoris
1180 559 1278 606 erat,
1312 556 1441 606 ipsum
1466 555 1571 592 mili-

138 631 328 676 taturum,
358 629 427 678 qui
459 629 516 666 ita
546 642 624 667 non
655 629 822 666 fecisset.
880 628 1094 677 Egregiam
1126 628 1227 666 hanc
1259 628 1361 666 alam
1394 628 1571 677 equitum
1594 628 1638 664 11

140 701 310 739 evasisse
339 701 482 747 ferunt,
513 700 730 750 multisque
761 701 916 750 proeliis
955 714 1037 738 rem
1067 701 1269 750 publicam
1301 700 1514 738 adiuvisse.

253 773 451 823 Legiones
471 773 563 811 inde
589 786 709 823 quum
736 773 962 823 inspiceret,
994 773 1256 822 plurimorum
1282 772 1572 823 stipendiorum
1592 773 1640 809 12

142 858 190 883 ex
223 845 271 882 iis
302 845 452 882 milites
484 845 646 894 delegit,
677 845 848 882 maxime
880 845 948 894 qui
981 846 1052 882 sub
1078 846 1178 882 duce
1196 845 1389 883 Marcello
1421 844 1568 882 milita—

138 921 290 964 verant,
322 930 420 967 quos
452 930 571 967 quum
604 917 755 967 optima
787 917 1001 967 disciplina
1028 917 1230 955 institutos
1260 917 1459 963 credebat,
1489 919 1574 953 tum
1596 917 1644 954 13

142 989 261 1027 etiam
280 989 329 1028 ab
346 990 468 1039 longa
486 988 771 1038 Syracusarum
789 989 997 1028 obsidione
1013 990 1278 1040 peritissimos
1305 1003 1387 1027 esse
1413 989 1573 1026 urbium

143 1062 521 1112 oppugnandarum3
568 1062 671 1098 nihil
719 1062 821 1099 enim
866 1075 1053 1112 parvum,
1098 1062 1165 1099 sed
1207 1061 1465 1110 Carthaginis
1498 1061 1574 1097 iam

142 1133 298 1171 excidia
329 1133 511 1183 agitabat
541 1134 683 1172 animo.
730 1134 829 1171 Inde
856 1133 1076 1172 exercitum
1101 1148 1172 1185 per
1197 1134 1345 1184 oppida
1369 1133 1647 1183 dispertit314

144 1207 385 1244 frumentum
417 1205 643 1243 Siculorum
676 1206 904 1244 civitatibus
936 1206 1116 1257 imperat,
1162 1220 1208 1244 ex
1247 1206 1369 1244 Italia
1409 1205 1574 1243 advecto

142 1278 296 1329 parcit;
326 1281 480 1315 veteres
511 1291 629 1315 naves
659 1277 790 1315 reficit
822 1281 860 1315 et
892 1292 979 1315 cum
1003 1279 1054 1316 iis
1073 1278 1115 1317 O.
1134 1278 1306 1316 Laelium
1337 1279 1377 1315 in
1394 1276 1576 1315 Africam

143 1350 362 1401 praedatum
402 1350 545 1395 mittit3
590 1363 712 1387 novas
751 1349 942 1388 Panormi
981 1350 1178 1398 subducit,
1225 1351 1319 1400 quia
1360 1363 1407 1388 ex
1451 1349 1573 1388 viridi

144 1423 312 1461 materia
341 1422 486 1473 raptim
518 1422 631 1460 factae
664 1425 788 1470 erant,
818 1425 861 1460 ut
894 1423 936 1460 in
968 1423 1071 1460 sicco
1104 1423 1378 1461 hibernarent.

256 1494 502 1545 Praeparatis
533 1495 717 1532 omnibus
749 1494 798 1532 ad
833 1495 1002 1542 bellum,
1035 1493 1273 1544 Syracusas,
1319 1494 1495 1532 nondum
1527 1507 1573 1531 ex
1597 1494 1646 1532 15

145 1567 302 1617 magnis
333 1567 432 1605 belli
463 1567 639 1604 motibus
671 1567 767 1605 satis
805 1567 1057 1616 tranquillas,
1096 1567 1219 1605 venit.
1283 1567 1414 1604 Graeci
1460 1580 1521 1604 res
1553 1580 1575 1603 a
1594 1568 1643 1605 16

145 1638 384 1689 quibusdam
400 1639 536 1676 Italici
554 1639 724 1688 generis,
756 1639 890 1677 eadem
907 1641 957 1687 vi,
989 1653 1067 1689 qua
1098 1653 1170 1690 per
1199 1639 1352 1677 bellum
1378 1642 1577 1689 ceperant,

144 1711 431 1758 retinentibus,
465 1724 671 1749 concessas
717 1711 793 1748 sibi
833 1711 881 1748 ab
914 1715 1054 1749 senatu
1085 1712 1330 1762 repetebant.
1392 1711 1579 1749 Omnium
1601 1713 1649 1750 17

143 1784 314 1834 primum
359 1786 470 1821 ratus
514 1784 620 1821 tueri
650 1783 853 1831 publicam
894 1783 1033 1831 fidem,
1065 1785 1213 1834 partim
1246 1784 1398 1831 edicto,
1429 1784 1576 1834 partim

147 1854 313 1893 iudiciis
346 1856 467 1893 etiam
499 1856 540 1893 in
572 1855 797 1906 pertinaces
829 1857 879 1893 ad
911 1856 1167 1894 obtinendam
1193 1856 1381 1894 iniuriam
1406 1855 1578 1893 redditis

146 1941 237 1966 suas
283 1941 346 1966 res
380 1926 643 1977 Syracusanis
692 1928 879 1965 restituit.
948 1928 1038 1967 Non
1069 1928 1167 1979 ipsis
1211 1931 1367 1966 tantum
1414 1942 1460 1965 ea
1504 1929 1651 1975 res,18

146 1999 214 2037 sed
245 2000 430 2038 omnibus
463 1999 617 2038 Siciliae
662 2000 821 2050 populis
867 2004 982 2049 grata
1027 2001 1124 2048 fuit,
1169 2014 1294 2050 eoque
1327 2001 1482 2038 enixius
1529 2001 1579 2038 ad

146 2072 296 2110 bellum
327 2072 576 2112 adiuverunt.

248 2145 401 2183 Eadem
418 2148 555 2183 aestate
576 2145 616 2182 in
630 2145 829 2194 Hispania
846 2147 1023 2182 coortum
1040 2145 1180 2194 ingens
1196 2145 1360 2192 bellum,
1376 2146 1579 2183 conciente
1599 2146 1648 2183 19

146 2217 322 2266 Ilergete
339 2217 524 2264 Indibili,
556 2217 668 2254 nulla
698 2217 779 2255 alia
809 2216 857 2254 de
888 2230 1007 2255 causa
1030 2230 1148 2267 quam
1174 2231 1246 2268 per
1273 2217 1578 2256 admirationem

149 2288 354 2340 Scipionis
387 2293 615 2339 contemptu
645 2290 929 2339 imperatorum
962 2290 1130 2328 aliorum
1163 2293 1263 2328 orto.
1310 2290 1411 2327 Eum
1443 2303 1578 2339 super·
1597 2290 1650 2327 20

149 2374 234 2399 esse
262 2375 385 2399 unum
417 2361 557 2399 ducem
588 2361 793 2409 Romanis,
824 2362 965 2400 ceteris
1005 2362 1053 2400 ab
1085 2361 1314 2399 Hannibale
1346 2361 1579 2408 interfectis,

146 2433 328 2472 rebatur:
360 2447 405 2472 eo
433 2447 507 2472 nec
538 2434 580 2471 in
596 2434 837 2484 Hispaniam
869 2435 980 2472 caesis
1011 2433 1267 2484 Scipionibus
1298 2434 1432 2481 alium,
1463 2447 1579 2484 quem

147 2506 365 2554 mitterent,
394 2505 601 2553 habuisse,
649 2510 688 2543 et
732 2509 943 2556 postquam
990 2507 1030 2544 in
1061 2506 1183 2544 Italia
1228 2506 1389 2555 gravius
1427 2506 1580 2543 bellum

149 2581 325 2627 urgeret,
357 2578 545 2616 adversus
575 2577 846 2616 Hannibalern
880 2592 967 2616 eum
999 2579 1244 2616 arcessitum.
1305 2577 1580 2628 Praeterquam
1598 2578 1645 2614 21

149 2650 256 2700 quod
286 2651 448 2689 nomina
485 2653 639 2688 tantum
679 2650 820 2688 ducum
864 2651 904 2687 in
944 2650 1144 2700 Hispania
1180 2650 1354 2688 Romani
1395 2650 1581 2697 habeant,
