1789 2955
237 80 316 117 266
650 76 764 112 Liber
788 75 913 111 XXX.
962 77 1021 120 (A.
1049 89 1083 111 u.
1109 88 1137 111 c.
1165 77 1256 121 553.)

191 202 328 241 5esse.
391 202 563 241 Comitia
603 203 695 240 inde
735 204 884 242 habita.
945 203 1076 242 Creati
1119 204 1300 242 consules
1339 204 1410 243 Cn.
1451 204 1665 243 Cornelius

48 269 440 330 22¹¹(2ss'3gfjlfflntulus,
473 274 516 311 P.
549 275 681 313 AElius
712 275 858 322 Paetus,
894 278 1086 325 praetores
1117 275 1172 315 M.
1205 276 1348 313 Iunius
1381 276 1560 323 Pennus,
1602 277 1666 314 cui

233 359 317 383 sors
349 345 504 383 urbana
535 348 684 393 evenit3
731 347 785 384 M.
818 347 1008 385 Valerius
1041 348 1159 385 Falto
1191 347 1394 394 Bruttios,
1426 347 1480 385 M.
1514 348 1666 386 Fabius

192 419 215 455 6
232 417 364 454 Buteo
382 416 623 466 Sardiniam,
654 419 700 456 P.
726 419 860 457 AElius
886 419 1045 456 Tubero
1071 418 1249 456 Siciliam
1283 423 1343 456 est
1374 418 1552 458 sortitus.
1600 418 1665 456 De

232 490 447 539 provinciis
480 491 685 528 consulum
711 491 813 528 nihil
840 494 930 528 ante
958 491 1144 540 placebat
1169 491 1247 539 agi,
1279 503 1397 539 quam
1428 490 1551 539 legati
1568 490 1666 528 Phi·

232 561 333 611 lippi
372 561 480 610 regis
526 565 566 599 et
606 561 998 610 Carthaginiensium
1043 562 1173 600 auditi
1217 566 1365 608 essent;
1403 561 1501 599 belli
1546 562 1665 600 finem

184 634 206 670 7
225 633 403 679 alterius,
435 633 601 670 alterius
632 634 875 684 principium
906 634 1208 684 prospiciebant
1243 634 1397 671 animis.
1457 633 1527 673 Cn.
1561 634 1664 672 Len-

230 705 337 742 tulus
369 705 507 742 consul
531 705 752 755 cupiditate
776 706 974 755 flagrabat
1000 706 1216 756 provinciae
1234 704 1397 752 Africae,
1421 719 1489 742 seu
1514 706 1664 743 bellum

229 776 344 823 foret,
375 777 530 814 facilem
563 777 780 825 victoriam,
811 791 880 816 seu
911 779 989 816 iam
1016 778 1213 826 finiretur,
1248 777 1353 814 finiti
1379 777 1482 814 tanti
1512 777 1611 815 belli
1638 790 1661 815 α

186 849 210 886 8
228 862 268 886 se
287 849 446 886 consule
465 849 637 898 gloriam
654 852 806 899 petens.
852 850 1010 899 Negare
1037 850 1184 899 itaque,
1217 849 1327 899 prius
1355 849 1570 899 quicquam
1598 850 1663 898 agi

227 934 448 970 passurum,
474 934 592 970 quam
611 921 688 958 sibi
706 922 915 971 provincia
934 921 1076 959 Africa
1094 921 1256 958 decreta
1281 925 1396 961 esset.
1422 922 1663 959 concedente

229 992 396 1040 collega,
429 993 634 1030 moderato
665 994 751 1032 viro
784 998 821 1031 et
852 994 1055 1043 prudenti,
1087 994 1156 1044 qui
1183 993 1325 1042 gloriae
1351 993 1434 1030 eius
1462 997 1663 1030 certamen

227 1077 315 1101 cum
348 1063 547 1114 Scipione,
579 1068 846 1115 praeterquam
879 1066 986 1114 quod
1019 1066 1202 1115 iniquum
1239 1068 1353 1110 esset,
1384 1065 1502 1102 etiam
1533 1065 1660 1114 impar

184 1138 205 1174 9
224 1136 402 1174 futurum
435 1136 636 1174 cernebat.
685 1137 732 1184 Q.
752 1137 957 1175 Minucius
982 1137 1179 1175 Thermus
1211 1140 1250 1174 et
1278 1136 1344 1174 Μ’.
1372 1136 1534 1174 Acilius
1563 1135 1658 1174 Gla-

227 1209 314 1247 brio
346 1208 501 1246 tribuni
528 1209 658 1258 plebis
685 1223 768 1246 rem
796 1209 928 1258 priore
955 1223 1058 1247 anno
1092 1210 1356 1259 nequicquam
1387 1211 1579 1246 tentatam
1611 1208 1659 1245 ab

155 1281 206 1318 10
223 1280 285 1318 Ti.
319 1280 489 1318 Claudio
521 1281 680 1318 consule
714 1280 785 1320 Cn.
819 1280 1051 1319 Cornelium
1082 1285 1238 1319 tentare
1280 1281 1456 1326 aiebant3
1489 1294 1537 1317 ex
1570 1294 1659 1317 auc·

224 1352 390 1391 toritate
422 1356 581 1401 patrum
612 1353 737 1390 latum
769 1353 819 1390 ad
850 1354 1042 1403 populum
1073 1367 1176 1400 esse,
1212 1354 1322 1390 cuius
1353 1353 1505 1390 vellent
1536 1352 1658 1401 impe-

224 1425 326 1462 rium
358 1425 398 1461 in
430 1424 572 1462 Africa
605 1438 708 1471 esse;
750 1438 884 1462 omnes
925 1426 1102 1475 quinque
1149 1428 1188 1462 et
1235 1425 1405 1472 triginta
1451 1424 1581 1461 tribus
1614 1423 1659 1461 P.

162 1498 207 1534 11
230 1496 410 1547 Scipioni
440 1497 481 1534 id
515 1497 727 1546 imperium
759 1497 955 1536 decresse.
1015 1497 1158 1534 Multis
1192 1496 1516 1534 contentionibus
1549 1499 1587 1533 et
1620 1497 1660 1533 in

224 1574 363 1606 senatu
395 1574 433 1606 et
465 1568 515 1606 ad
546 1569 737 1618 populum
769 1573 857 1606 acta
888 1582 950 1606 res
982 1573 1181 1618 postremo
1221 1583 1266 1607 eo
1299 1569 1473 1606 deducta
1505 1571 1584 1614 est,
1615 1571 1659 1604 ut

156 1642 203 1678 12
223 1641 380 1678 senatui
397 1641 689 1690 permitterent.
732 1641 875 1678 Patres
895 1641 1019 1690 igitur
1037 1642 1159 1679 iurati
1184 1642 1260 1689 (it-a
1278 1641 1384 1678 enim
1402 1641 1657 1687 convenerat)

224 1716 474 1760 censuerunt,
505 1712 566 1750 uti
599 1713 780 1750 consules
812 1713 1038 1762 provincias
1071 1713 1177 1751 inter
1204 1726 1245 1750 se
1271 1715 1547 1762 compararent
1577 1724 1659 1749 sor-

224 1785 465 1833 tirenturve,
506 1788 595 1822 uter
626 1785 806 1830 Italiam,
837 1788 926 1822 uter
958 1785 1124 1822 classem
1157 1785 1318 1822 navium
1366 1784 1660 1834 quinquaginta

162 1857 210 1895 13
228 1858 410 1903 haberet3
444 1857 507 1894 cui
539 1856 677 1894 classis
709 1856 947 1903 obvenisset,
980 1857 1020 1894 in
1045 1856 1229 1894 Siciliam
1254 1856 1484 1905 navigaret;
1518 1856 1551 1893 si
1581 1868 1658 1905 pax

223 1942 310 1966 cum
343 1928 744 1977 Carthaginiensibus
777 1929 961 1978 componi
994 1930 1220 1978 nequisset,
1255 1929 1296 1966 in
1330 1928 1511 1965 Africam
1544 1928 1655 1965 traii-

225 2005 350 2047 ceret,
381 2001 521 2038 consul
552 2001 663 2047 mari,
703 1999 839 2050 Scipio
877 2001 1028 2048 eodem,
1066 2015 1144 2050 quo
1186 2001 1328 2046 adhuc,
1372 2001 1458 2037 iure
1499 1999 1658 2049 imperii

155 2074 205 2110 14
222 2076 330 2110 terra
346 2087 428 2110 rem
445 2076 621 2121 gereret;
653 2073 686 2109 si
713 2072 968 2110 condiciones
987 2073 1248 2111 convenirent
1263 2072 1386 2122 pacis,
1401 2071 1557 2109 tribuni
1573 2071 1658 2121 ple-

224 2144 286 2182 bis
303 2145 496 2194 populum
513 2148 713 2193 rogarent,
729 2149 863 2182 utrum
880 2144 1083 2181 consulem
1100 2158 1150 2182 an
1167 2144 1213 2181 P.
1232 2143 1458 2194 Scipionem
1474 2143 1659 2181 iuberent

224 2230 361 2266 pacem
394 2216 507 2263 dare,
540 2220 579 2254 et
625 2230 764 2266 quem,
811 2216 845 2253 si
891 2216 1163 2265 deportandus
1209 2216 1408 2254 exercitus
1449 2215 1577 2252 victor
1609 2227 1657 2251 ex

157 2288 206 2326 15
224 2288 366 2326 Africa
384 2292 497 2336 esset,
515 2288 739 2338 deportare.
788 2287 831 2325 Si
859 2301 995 2337 pacem
1021 2301 1092 2337 per
1108 2287 1155 2325 P.
1175 2286 1404 2338 Scipionem
1429 2287 1523 2325 dari
1539 2290 1658 2335 atque

225 2361 274 2399 ab
306 2361 444 2399 eodem
476 2360 697 2398 exercitum
730 2360 934 2410 deportari
961 2359 1180 2406 iussissent,
1211 2373 1259 2397 ne
1286 2360 1425 2397 consul
1452 2372 1499 2396 ex
1518 2357 1658 2396 Sicilia

153 2434 205 2471 16
224 2433 264 2470 in
280 2433 464 2471 Africam
484 2432 704 2470 traiiceret.
750 2431 870 2469 Alter
899 2431 1051 2478 consul,
1083 2433 1147 2469 cui
1173 2431 1297 2470 Italia
1320 2431 1528 2476 evenisset,
1560 2430 1657 2467 duas

89 2501 143 2550 41
227 2505 404 2554 legiones
436 2518 458 2542 a
489 2503 544 2541 M.
585 2502 725 2542 Sextio
771 2506 941 2553 praetore
987 2503 1201 2553 acciperet.
1262 2503 1308 2541 P.
1343 2502 1522 2553 Scipioni
1570 2515 1657 2539 cum

227 2576 487 2623 exercitibus,
520 2589 619 2626 quos
659 2576 842 2622 haberet,
890 2575 930 2612 in
976 2575 1185 2624 provincia
1216 2574 1359 2612 Africa
1398 2576 1657 2624 prorogatum

180 2648 203 2684 2
223 2648 444 2698 imperium.
505 2647 764 2693 Praetoribus,
796 2647 851 2685 M.
886 2646 1052 2685 Valerio
1084 2645 1246 2684 Faltoni
1287 2646 1374 2683 duae
1405 2645 1583 2694 legiones
1615 2645 1656 2682 in
