1789 2955
243 118 326 158 256
684 114 788 145 Liber
810 114 915 144 XXV.
955 112 1010 156 (A.
1033 124 1063 144 u.
1085 123 1112 145 c.
1135 112 1228 155 54⁶2.)

176 246 229 286 12
244 253 419 284 ceterum
445 251 663 294 postquam
687 245 856 280 tendere
880 246 935 281 ad
959 257 1002 281 se
1020 246 1228 281 Romanas
1251 256 1375 281 naves
1400 245 1511 289 vidit,
1536 246 1663 282 incer-

244 324 327 353 tum
366 328 446 364 qua
484 316 615 351 subita
655 315 810 350 territus
851 327 906 359 re,
948 314 1149 351 Bomilcar
1187 315 1276 350 vela
1307 315 1348 351 in
1379 316 1502 351 altum
1535 315 1663 358 dedit,

245 387 458 434 missisque
498 385 647 421 nuntiis
689 384 942 429 Heracleam,
991 385 1058 432 qui
1098 385 1304 421 onerarias
1344 391 1449 421 retro
1488 385 1665 421 Africam

245 462 428 505 repetere
452 456 650 498 iuberent,
685 455 772 502 ipse
798 455 972 492 Siciliam
997 448 1279 503 prae‘tervectus
1303 455 1524 490 Tarentum
1552 456 1664 503 petit.

178 525 230 566 13
245 526 463 575 Epicydes,
499 537 522 560 a
554 530 667 560 tanta
699 530 867 573 repente
901 525 1115 561 destitutus
1144 537 1229 573 spe,
1263 537 1316 561 ne
1342 526 1383 560 in
1408 525 1667 561 obsidionem

245 608 395 645 magna
435 608 483 631 ex
520 600 634 643 parte
674 601 803 643 captae
843 595 950 630 urbis
991 595 1153 639 rediret,
1194 595 1459 643 Agrigentum
1490 596 1666 643 navigat,

246 671 549 715 exspectaturus
582 666 711 713 magis
744 671 931 701 eventum
966 676 1087 713 quam
1110 665 1207 700 inde
1233 665 1449 712 quicquam
1472 670 1666 702 moturus.

122 735 183 779 28
364 735 465 781 Quae
498 736 564 770 ubi
596 736 638 771 in
671 742 802 772 castra
835 736 1059 772 Siculorum
1093 741 1185 771 sunt
1216 736 1413 779 nuntiata,
1455 735 1669 783 Epicyden

248 806 454 855 Syracusis
483 806 719 850 excessisse,
754 818 777 841 a
802 805 1206 853 Carthaginiensibus
1231 806 1408 842 relictam
1433 806 1606 842 insulam
1630 811 1670 841 et

208 877 377 926 2prope
416 876 559 912 iterum
599 876 788 912 traditam
822 876 1031 919 Romanis,
1072 876 1229 923 legatos
1272 876 1324 911 de
1358 876 1670 912 condicionibus

249 948 455 984 dedendae
479 946 600 991 urbis,
628 947 837 994 explorata
855 947 962 992 prius
982 958 1053 994 per
1071 946 1274 994 colloquia
1292 946 1497 982 voluntate
1516 958 1669 990 eorum,

209 1018 235 1058 3
251 1018 317 1066 qui
342 1017 650 1061 obsidebantur,
675 1017 730 1052 ad
755 1016 989 1052 Marcellum
1013 1017 1186 1052 mittunt.
1252 1016 1386 1062 Quum
1412 1017 1521 1052 haud
1547 1016 1671 1053 ferme

251 1089 513 1136 discreparet,
548 1087 657 1134 quin,
692 1099 780 1134 quae
813 1087 962 1134 ubique
994 1099 1134 1135 regum
1168 1086 1349 1131 fuissent,
1394 1087 1671 1123 Romanorum

251 1164 402 1202 essent,
436 1157 577 1194 Siculis
610 1162 746 1193 cetera
779 1169 869 1193 cum
901 1157 1085 1193 libertate
1110 1169 1158 1194 ac
1182 1157 1337 1205 legibus
1363 1157 1443 1193 suis
1467 1168 1672 1193 servaren—

252 1235 325 1273 tur,
352 1228 532 1264 evocatis
557 1228 612 1263 ad
636 1227 882 1275 colloquium
907 1228 967 1272 iis,
995 1228 1138 1275 quibus
1157 1228 1207 1264 ab
1226 1227 1410 1276 Epicyde
1429 1227 1591 1264 creditae
1608 1239 1672 1263 res

211 1300 380 1343 4erant,
414 1298 560 1334 missos
591 1310 634 1334 se
666 1298 782 1334 simul
807 1298 862 1334 ad
885 1297 1134 1342 Marcellum,
1169 1298 1284 1334 simul
1309 1299 1364 1334 ad
1389 1309 1460 1334 eos
1485 1298 1536 1333 ab
1562 1309 1673 1333 exer-

253 1370 333 1406 citu
350 1368 574 1405 Siculorum
599 1369 723 1412 aiunt,
749 1374 792 1404 ut
815 1380 896 1404 una
920 1368 1113 1412 omnium,
1139 1368 1206 1416 qui
1225 1368 1508 1404 obsiderentur
1525 1368 1673 1416 quique

253 1445 364 1476 extra
397 1438 657 1475 obsidionem
691 1438 873 1482 fuissent,
910 1438 1071 1475 fortuna
1096 1444 1216 1482 esset,
1249 1451 1352 1474 neve
1376 1438 1489 1474 alteri
1512 1438 1673 1487 proprie

212 1510 327 1550 5sibi
359 1510 660 1558 paciscerentur
693 1509 921 1556 quicquam.
985 1509 1155 1557 Recepti
1189 1509 1341 1545 deinde
1370 1509 1421 1544 ab
1444 1509 1504 1553 iis,
1538 1514 1580 1545 ut
1604 1521 1674 1545 ne-

253 1580 453 1617 cessarios
478 1580 741 1627 hospitesque
766 1579 1079 1626 alloquerentur,
1106 1580 1312 1627 expositis,
1337 1591 1426 1627 quae
1450 1584 1571 1628 pacta
1593 1579 1674 1615 iam

254 1663 345 1688 cum
370 1649 565 1686 Marcello
599 1650 808 1693 haberent,
843 1649 980 1685 oblata
1012 1661 1084 1697 spe
1117 1650 1255 1686 salutis
1280 1650 1490 1698 perpulere
1514 1662 1599 1694 eos,
1633 1655 1675 1685 ut

253 1734 390 1759 secum
419 1720 633 1769 praefectos
662 1719 856 1768 Epicydis
884 1719 1122 1767 Polyclitum
1149 1726 1189 1756 et
1211 1720 1489 1756 Philistionem
1518 1726 1557 1756 et
1580 1720 1675 1768 Epi-

213 1792 238 1832 6
255 1793 401 1841 cyden,
416 1791 478 1828 cui
492 1791 650 1827 Sindon
664 1802 897 1838 cognomen
911 1796 1010 1834 erat,
1025 1791 1357 1839 aggrederentur.
1389 1790 1614 1827 Interfectis
1628 1791 1674 1826 iis

254 1869 295 1899 et
332 1861 587 1898 multitudine
627 1861 682 1897 ad
715 1860 951 1897 contionem
983 1866 1142 1906 vocata,
1182 1861 1363 1909 inopiam
1396 1873 1566 1909 quaeque
1598 1861 1675 1909 ipsi

253 1934 356 1970 inter
381 1944 424 1969 se
450 1932 620 1968 fremere
646 1931 804 1968 occulte
828 1931 933 1967 soliti
960 1937 1086 1977 erant,
1113 1931 1338 1979 conquesti,
1365 1943 1597 1978 quanquam
1615 1937 1676 1966 tot

255 2004 360 2039 mala
386 2007 587 2051 urgerent,
617 2007 830 2050 negarunt,
857 2000 1060 2037 fortunam
1078 2002 1356 2038 accusandam
1373 2013 1476 2045 esse,
1504 2002 1616 2048 quod
1633 2001 1675 2037 in

215 2073 433 2122 'Zipsorum
466 2078 574 2108 esset
605 2076 823 2120 potestate,
858 2083 978 2118 quam
1012 2071 1081 2106 diu
1105 2084 1154 2107 ea
1177 2077 1423 2120 paterentur.
1478 2071 1673 2108 Romanis

254 2155 419 2180 causam
438 2142 706 2191 oppugnandi
721 2141 939 2190 Syracusas
958 2141 1080 2178 fuisse
1095 2142 1302 2178 caritatem
1316 2144 1673 2190 Syracusanorum,

255 2226 340 2250 non
369 2213 529 2257 odium;
564 2224 657 2248 nam
684 2217 724 2247 ut
749 2217 969 2260 occupatas
994 2223 1057 2248 res
1081 2213 1132 2248 ab
1158 2213 1393 2250 satellitibus
1419 2212 1672 2256 Hannibalis,

255 2284 408 2320 deinde
432 2282 684 2330 Hieronymi,
711 2281 963 2330 Hippocrate
989 2288 1110 2330 atque
1128 2283 1325 2331 Epicyde,
1351 2283 1565 2326 audierint,
1591 2288 1674 2318 tum

255 2355 404 2391 bellum
427 2353 602 2390 movisse
628 2358 668 2388 et
693 2353 883 2388 obsidere
909 2353 1048 2388 urbem
1067 2353 1252 2401 coepisse,
1282 2359 1324 2389 ut
1341 2353 1524 2390 crudeles
1541 2359 1673 2400 tyran-

215 2424 241 2464 8
256 2436 332 2461 nos
357 2424 456 2468 eius,
483 2435 568 2460 non
594 2429 636 2459 ut
658 2423 787 2471 ipsam
813 2423 951 2458 urbem
971 2430 1262 2471 expugnarent.
1311 2423 1562 2472 Hippocrate
1579 2434 1674 2459 vero

255 2495 513 2542 interempto,
561 2493 744 2542 Epicyde
792 2493 1009 2529 intercluso
1052 2493 1103 2528 ab
1146 2493 1351 2541 Syracusis
1394 2498 1434 2528 et
1475 2492 1674 2541 praefectis

257 2565 342 2601 eius
367 2565 526 2609 occisis,
552 2563 956 2611 Carthaginiensibus
981 2563 1090 2599 omni
1114 2563 1378 2611 possessione
1404 2562 1545 2599 Siciliae
1570 2568 1674 2599 terra

256 2635 436 2682 marique
469 2635 606 2683 pulsis,
640 2646 761 2683 quam
794 2645 1006 2682 superesse
1039 2645 1203 2670 causam
1232 2633 1440 2676 Romanis,
1475 2645 1543 2669 cur
1575 2644 1671 2677 non,
