1789 2955
563 116 667 146 Liber
686 115 793 146 xxv.
844 114 900 156 (A.
922 115 983 146 Ch.
1005 114 1101 156 212.)
1454 116 1536 158 257

121 249 292 298 perinde
324 260 372 284 ac
404 248 436 284 si
469 247 595 283 Hiero
627 247 714 296 ipse
747 247 907 291 viveret,
952 247 1093 283 unicus
1125 247 1322 283 Romanae
1355 246 1539 283 amicitiae

122 320 264 362 cultor,
292 318 514 354 incolumes
541 318 759 367 Syracusas
787 330 876 354 esse
906 315 1053 354 velint?
1085 317 1226 365 Itaque
1251 329 1327 353 nec
1353 317 1438 353 urbi
1463 315 1580 356 nec9

123 389 353 425 hominibus
385 389 494 424 aliud
529 389 748 437 periculum
780 400 901 435 quam
935 388 986 423 ab
1010 393 1138 424 semet
1158 387 1256 436 ipsis
1279 399 1382 431 esse,
1418 388 1449 423 si
1473 399 1541 423 oc-

123 459 331 496 casionem
360 458 650 495 reconciliandi
673 470 716 495 se
740 458 935 494 Romanis
957 459 1324 506 praetermisissent;
1359 470 1449 493 eam
1472 470 1541 493 au-

123 536 217 576 tem,
259 530 386 579 qualis
419 529 485 566 illo
519 534 728 566 momento
762 529 871 565 horae
903 529 966 572 sit,
1000 529 1150 564 nullam
1182 529 1335 564 deinde
1368 527 1468 572 fore,
1510 528 1542 564 si

124 602 239 638 simul
278 601 466 637 liberatas
506 600 557 635 ab
596 599 888 648 impotentibus
927 599 1190 647 tyrannis⁹⁶³⁶³⁶
1206 594 1236 648 ¹)
1275 598 1541 647 apparuisset.

243 670 435 708 Omnium
457 672 612 720 ingenti
635 682 805 707 assensu
829 669 967 705 audita
990 682 1039 705 ea
1062 670 1192 706 oratio
1216 675 1288 706 est.
1345 669 1542 705 Praetores
1609 665 1669 710 29

125 748 262 778 tamen
293 742 400 790 prius
434 742 559 778 creari
593 754 712 789 quam
745 741 902 788 legatos
934 739 1135 775 nominari
1159 740 1328 788 placuit;
1363 752 1411 775 ex
1433 739 1543 788 ipso-

125 824 210 848 rum
244 813 395 848 deinde
427 818 645 861 praetorum
677 823 845 848 numero
879 810 987 846 missi
1013 816 1195 846 oratores
1218 810 1273 846 ad
1294 809 1543 853 Marcellum,

125 895 294 931 quorum
327 883 514 931 princeps
552 882 720 931 «Neque
748 882 902 930 primo»
939 881 1068 928 inquit
1095 880 1360 929 «Syracusani
1383 892 1406 916 a
1429 880 1585 919 vobis?

125 953 363 997 defecimus,
397 954 471 990 sed
496 952 781 1002 Hieronymus,
816 963 1074 1000 nequaquam
1107 956 1189 987 tam
1220 951 1261 987 in
1295 963 1366 987 vos
1398 951 1545 999 impius

126 1036 246 1072 quam
277 1024 318 1059 in
350 1035 440 1068 nos,
474 1036 550 1061 nec
585 1029 729 1073 postea
761 1035 904 1073 pacem
938 1022 1097 1071 tyranni
1131 1022 1243 1058 caede
1273 1020 1583 1070 compositamss

125 1095 400 1142 Syracusanus
429 1095 655 1142 quisquam,
686 1096 759 1131 sed
787 1094 979 1131 satellites
1003 1093 1101 1141 regii
1126 1091 1398 1141 Hippocrates
1424 1098 1545 1140 atque

125 1163 344 1213 Epicydes,
370 1166 574 1213 oppressis
594 1166 712 1202 nobis
730 1165 822 1201 hinc
840 1170 962 1208 metu,
986 1163 1080 1199 hinc
1098 1163 1253 1206 fraude,
1274 1164 1544 1199 turbaverunt.

125 1233 211 1271 Nec
235 1234 446 1283 quisquam
471 1236 606 1272 dicere
624 1242 772 1285 potest,
799 1234 1021 1284 aliquando
1039 1234 1159 1270 nobis
1177 1233 1370 1270 libertatis
1389 1239 1547 1282 tempus

126 1305 261 1350 fuisse,
292 1306 409 1353 vquod
439 1307 552 1354 pacis
584 1307 792 1343 vobiscum
824 1318 910 1342 non
942 1305 1071 1342 fuerit.
1141 1304 1258 1341 Nunc
1292 1309 1399 1341 certe
1433 1304 1585 1343 eaede4

126 1388 280 1421 eorum,
306 1377 373 1424 qui
392 1388 609 1425 oppressas
627 1378 822 1414 tenebant
840 1377 1072 1426 Syracusas,
1091 1388 1213 1424 quum
1232 1376 1402 1425 primum
1421 1375 1547 1411 nostri

129 1447 278 1483 arbitrii
312 1459 402 1484 esse
435 1448 643 1496 coepimus,
678 1448 881 1496 extemplo
914 1448 1095 1484 venimus
1119 1448 1173 1483 ad
1196 1447 1398 1483 tradenda
1422 1458 1546 1489 arma,

128 1518 348 1554 dedendos
380 1529 470 1562 nos,
501 1519 653 1562 urbem,
677 1519 839 1562 moenia,
864 1519 1013 1555 nullam
1036 1518 1306 1554 recusandam
1330 1517 1546 1561 fortunam,

130 1600 218 1636 quae
256 1588 446 1637 imposita
484 1601 507 1624 a
549 1589 662 1625 vobis
703 1589 832 1626 fuerit.
911 1589 1093 1625 Gloriam
1127 1594 1255 1637 captae
1288 1586 1591 1627 nobilissimae5

132 1658 488 1707 pulcherrimaeque
518 1658 624 1694 urbis
649 1658 882 1695 Graecarum
910 1660 975 1696 dei
1004 1660 1074 1695 tibi
1098 1660 1313 1703 dederunt,
1343 1658 1548 1694 Marcelle.

131 1729 336 1777 Quicquid
369 1741 546 1777 unquam
579 1734 683 1765 terra
714 1730 894 1778 marique
927 1731 1239 1766 memorandum
1260 1729 1472 1778 gessimus,
1507 1729 1549 1764 id

130 1800 185 1836 tui
210 1799 397 1848 triumphi
422 1800 534 1836 titulo
560 1801 731 1837 accedit.
792 1801 981 1838 Famaene
1007 1800 1116 1837 credi
1142 1800 1251 1844 velis,
1278 1806 1431 1848 quanta
1457 1798 1590 1840 urbsss

130 1883 154 1906 a
187 1876 225 1906 te
258 1876 377 1919 capta
410 1870 472 1915 sit,
506 1882 628 1918 quam
660 1871 832 1919 posteris
865 1883 1029 1920 quoque
1061 1883 1152 1907 eam
1185 1871 1419 1919 spectaculo
1446 1883 1549 1914 esse,

130 1953 211 1989 quo
251 1941 429 1989 quisquis
469 1946 586 1986 terra,
627 1942 806 1989 quisquis
845 1942 944 1978 mari
983 1942 1148 1985 venerit,
1190 1953 1295 1977 nunc
1334 1947 1472 1977 nostra
1507 1942 1552 1976 de

130 2011 444 2048 Atheniensibus
463 2010 945 2061 Carthaginiensibusque
964 2018 1129 2061 tropaea,
1150 2024 1256 2048 nunc
1275 2018 1343 2048 tua
1361 2013 1413 2048 de
1433 2011 1552 2048 nobis

131 2082 336 2126 ostendat,
361 2082 667 2130 incolumesque
685 2083 904 2131 Syracusas
929 2083 1088 2120 familiae
1113 2089 1254 2120 vestrae
1273 2083 1346 2118 sub
1365 2082 1552 2119 clientela

131 2152 307 2189 nominis
339 2152 621 2189 Marcellorum
661 2155 865 2202 tutelaque
909 2154 1122 2190 habendas
1156 2151 1321 2190 tradas?
1368 2153 1430 2189 Ne
1464 2151 1588 2201 plus-l

131 2224 242 2271 apud
267 2235 338 2259 vos
356 2222 594 2272 Hieronymi
620 2237 741 2272 quam
759 2224 949 2261 Hieronis
975 2224 1171 2260 memoria
1196 2225 1392 2260 momenti
1417 2223 1551 2259 faciat.

131 2292 290 2329 Diutius
316 2293 382 2329 ille
409 2294 534 2330 multo
562 2294 714 2331 amicus
743 2295 814 2332 fuit
838 2307 958 2344 quarn
984 2294 1047 2331 hic
1072 2294 1212 2338 hostis,
1242 2300 1282 2330 et
1304 2294 1405 2330 illius
1430 2295 1552 2329 bene-

132 2363 239 2400 facta
271 2364 392 2400 etiam
424 2376 466 2400 re
499 2365 695 2409 sensistis,
729 2365 845 2402 huius
878 2365 1055 2401 amentia
1078 2366 1132 2401 ad
1155 2364 1375 2413 perniciem
1398 2370 1557 2400 tantum

133 2434 258 2482 ipsius
290 2434 450 2470 valuit.»

175 2593 202 2638 ¹)
230 2597 369 2628 Lacuna
393 2598 441 2628 sic
468 2598 538 2629 fere
565 2597 755 2639 supplenda
781 2598 929 2629 videtur:
967 2597 1208 2638 Syracusas
1235 2606 1330 2628 esse
1357 2602 1395 2626 et
1423 2595 1556 2636 appli-

231 2665 325 2686 care
351 2666 393 2687 se
420 2657 635 2688 Romanis.

208 2710 307 2736 Livius
329 2720 362 2736 ex
384 2720 439 2738 ree.
460 2712 614 2745 Madvigii.
654 2712 703 2739 [ΙΙ.
1230 2713 1272 2747 17
