1789 2955
526 66 639 101 Liber
664 65 787 102 XXX.
837 66 897 110 (A.
924 66 986 101 Oh.
1013 68 1107 108 203.)
1447 70 1528 108 233

100 192 274 231 hostium
320 192 533 230 adventum
579 193 901 242 opperiebantur.
970 193 1343 242 Carthaginienses,
1376 194 1465 243 qui,
1497 193 1531 230 si

99 266 378 311 maturassent,
409 264 542 301 omnia
559 265 756 313 permixta
771 264 890 302 turba
912 265 1205 314 trepidantium
1224 265 1352 315 primo
1379 265 1530 314 impetu

100 336 407 386 oppressissent,
454 336 626 385 perculsi
657 336 913 374 terrestribus
960 337 1144 374 cladibus
1191 342 1310 386 atque
1357 336 1450 374 inde
1481 336 1572 373 ne9

100 407 201 445 mari
233 407 406 457 quidem,
436 406 507 443 ubi
533 407 610 456 ipsi
637 407 727 456 plus
751 411 948 456 poterant,
979 409 1075 446 satis
1106 408 1285 455 fidentes,
1319 408 1384 445 die
1416 408 1529 457 segni

101 479 357 528 navigatione
388 479 611 528 absumpto,
644 478 717 515 sub
750 491 930 516 occasum
963 480 1056 518 solis
1096 481 1135 517 in
1167 483 1328 530 portum
1360 479 1527 528 (Rusuc-

99 563 218 588 mona
248 548 343 587 Afri
373 549 531 599 vocant)
560 550 725 587 classem
753 551 955 599 appulere.
1003 551 1172 590 Postero
1200 552 1263 590 die
1296 550 1368 588 sub
1402 553 1531 588 ortum
1558 551 1609 588 10

99 621 195 659 solis
211 622 434 659 instruxere
460 622 508 659 ab
541 622 622 658 alto
654 635 773 659 naves
800 622 911 659 velut
935 622 984 660 ad
1013 623 1158 660 iustum
1185 623 1371 672 proelium
1390 622 1529 659 navale

99 696 139 730 et
168 696 358 743 tanquam
391 693 557 730 exituris
598 696 735 730 contra
767 693 968 731 Romanis.
1032 694 1162 742 Quum
1209 694 1278 732 diu
1317 694 1531 740 stetissent,
1554 693 1603 730 11

97 767 310 814 postquam
348 765 449 801 nihil
495 765 646 803 moveri
694 765 742 802 ab
788 765 968 803 hostibus
1000 766 1208 811 viderunt,
1256 768 1341 803 tum
1373 765 1529 802 demum

100 835 303 873 onerarias
335 837 636 885 aggrediuntur.
698 836 798 874 Erat
842 851 905 874 res
951 838 1111 874 minime
1157 837 1365 875 certamini
1397 836 1531 874 navali
1559 837 1606 874 12

99 907 255 956 similis,
288 908 469 957 proxime
500 908 670 957 speciem
696 922 827 946 muros
855 909 1170 959 oppugnantium
1204 909 1376 946 navium.
1424 908 1530 945 Alti-

103 978 244 1016 tudine
275 979 526 1029 aliquantum
559 981 752 1018 onerariae
790 981 1053 1030 s11perabant;
1104 995 1151 1018 ex
1197 981 1381 1018 rostratis
1413 979 1530 1017 Poeni
1554 981 1603 1018 13

94 1063 198 1087 vana
228 1050 431 1100 pleraque,
465 1055 603 1101 utpote
636 1052 779 1101 supino
807 1053 924 1099 iactu,
955 1053 1037 1089 tela
1063 1053 1102 1089 in
1129 1053 1259 1090 locum
1285 1052 1531 1101 superiorem

96 1121 326 1169 mittebant;
359 1124 521 1172 gravior
552 1137 596 1161 ac
628 1123 803 1173 pondere
834 1124 921 1173 ipso
953 1124 1139 1161 libratior
1167 1137 1336 1173 superne
1361 1137 1410 1160 ex
1442 1137 1532 1161 one-

96 1193 217 1231 rariis
248 1194 350 1233 ictus
383 1199 477 1233 erat.
539 1194 827 1245 Speculatoriae
859 1209 979 1234 naves
1026 1210 1070 1233 ac
1112 1196 1217 1234 levia
1248 1195 1329 1232 alia
1359 1195 1534 1244 navigia,
1558 1195 1607 1232 14

97 1277 185 1314 quae
217 1266 289 1303 sub
323 1268 534 1305 constratis
558 1268 738 1317 pontium
765 1281 835 1316 per
862 1267 1073 1305 intervalla
1097 1268 1371 1314 excurrebant,
1401 1267 1530 1316 primo

98 1336 194 1386 ipsae
224 1340 379 1376 tantum
412 1339 565 1389 impetu
613 1353 658 1377 ac
690 1339 967 1388 magnitudine
1012 1342 1274 1377 rostratarum
1307 1339 1531 1376 obrueban-

95 1411 180 1455 tur3
214 1409 359 1447 deinde
393 1410 462 1460 [et]
509 1411 875 1461 propugnatoribus
923 1424 1081 1460 quoque
1116 1410 1374 1448 incommodae
1407 1413 1531 1457 erant,
1555 1410 1604 1447 15

95 1481 200 1530 quod
217 1482 422 1531 permixtae
456 1496 544 1519 cum
569 1483 743 1521 hostium
770 1483 939 1520 navibus
972 1483 1155 1521 inhibere
1182 1496 1286 1532 saepe
1312 1483 1393 1520 tela
1417 1496 1529 1531 coge-

100 1552 209 1600 bant,
221 1556 341 1600 metu,
371 1568 421 1592 ne
438 1554 626 1603 ambiguo
651 1555 734 1591 ictu
760 1554 840 1591 suis
859 1555 1092 1592 inciderent.
1156 1555 1367 1592 Postremo
1385 1568 1534 1592 asseres
1559 1554 1604 1591 16

98 1624 227 1662 ferreo
245 1639 348 1663 unco
366 1626 520 1676 praefixi
538 1627 803 1676 (harpagones
822 1629 938 1664 vocat
954 1624 1088 1678 miles)
1107 1641 1153 1663 ex
1171 1626 1337 1663 Punicis
1362 1626 1529 1664 navibus

96 1696 211 1735 iniici
241 1698 282 1735 in
312 1698 514 1736 Romanas
555 1698 685 1747 coepti.
749 1697 857 1744 Quos
905 1711 1025 1747 quum
1072 1711 1200 1747 neque
1246 1699 1354 1748 ipsos
1401 1710 1530 1747 neque
1553 1698 1601 1735 17

96 1772 265 1816 catenas,
297 1770 443 1819 quibus
475 1770 657 1819 suspensi
698 1769 1004 1816 iniiciebantur,
1053 1769 1228 1807 incidere
1259 1773 1440 1820 possent,
1486 1774 1529 1806 ut

95 1853 263 1890 quaeque
307 1844 415 1879 retro
462 1840 636 1879 inhibita
681 1843 856 1878 rostrata
904 1842 1127 1879 onerariam
1166 1842 1382 1879 haerentem
1426 1854 1529 1878 unco

94 1913 285 1961 traheret,
317 1913 446 1951 scindi
486 1913 640 1951 videres
686 1913 866 1960 vincula,
913 1914 1056 1962 quibus
1102 1913 1193 1951 aliis
1241 1914 1389 1951 innexa
1436 1917 1530 1959 erat,
1553 1912 1602 1950 18

95 1985 240 2021 seriem
286 1985 407 2022 etiam
452 1985 569 2022 simul
615 1984 791 2035 plurium
837 1985 997 2022 navium
1043 1985 1161 2022 trahi.
1223 1985 1313 2023 Hoc
1359 1985 1529 2022 maxime
1552 1985 1599 2021 19

94 2056 212 2094 modo
243 2057 410 2094 lacerati
440 2056 601 2093 tandem
633 2070 767 2094 omnes
798 2060 957 2106 pontes,
1004 2061 1043 2094 et
1088 2058 1157 2094 vix
1202 2056 1457 2094 transiliendi
1489 2056 1528 2092 in

97 2127 314 2165 secundum
332 2129 512 2166 ordinem
530 2128 692 2166 navium
718 2129 888 2178 spatium
906 2129 1276 2179 propugnatoribus
1305 2128 1441 2165 datum
1460 2131 1528 2165 est.

97 2197 319 2248 Sexaginta
350 2201 471 2238 ferme
514 2200 709 2238 onerariae
754 2201 956 2251 puppibus
1003 2202 1214 2239 abstractae
1249 2199 1534 2248 Carthaginem
1554 2201 1607 2238 20

96 2274 199 2310 sunt.
260 2271 393 2309 Maior
424 2285 542 2321 quam
587 2284 659 2321 pro
705 2285 747 2308 re
779 2272 921 2310 laetitia
965 2274 1050 2319 ficit
1081 2276 1120 2311 et
1151 2287 1195 2310 eo
1227 2272 1391 2321 gratior,
1423 2271 1530 2321 quod

96 2343 200 2381 inter
231 2344 411 2382 assiduas
443 2343 575 2381 clades
606 2357 651 2381 ac
692 2343 877 2382 lacrimas
916 2357 1038 2382 unum
1084 2347 1434 2394 quantumcunque
1481 2357 1528 2380 ex

97 2415 297 2465 insperato
329 2416 522 2465 gaudium
553 2415 778 2462 affulserat,
823 2429 911 2453 cum
952 2430 1015 2463 eo,
1063 2420 1107 2453 ut
1153 2420 1377 2466 appareret,
1424 2415 1531 2453 haud
1553 2416 1601 2452 21

97 2487 237 2536 procul
267 2487 388 2525 exitio
420 2488 544 2525 fuisse
567 2487 789 2525 Romanam
822 2488 999 2534 classem,
1031 2488 1073 2524 ni
1102 2491 1297 2525 cessatum
1321 2501 1344 2524 a
1368 2487 1528 2537 praefec-

97 2558 151 2596 tis
181 2571 342 2597 suarum
372 2560 533 2597 navium
563 2560 667 2597 foret
697 2562 737 2596 et
769 2558 904 2608 Scipio
939 2559 980 2595 in
1011 2562 1189 2608 tempore
1229 2558 1495 2596 subvenisset.

212 2630 292 2668 Per
323 2631 480 2669 eosdem
511 2631 613 2669 forte
644 2630 739 2677 dies,
771 2643 891 2679 quum
911 2629 1062 2667 Laelius
1095 2633 1133 2668 et
1149 2629 1364 2668 Masinissa
1390 2629 1531 2679 quinto
1620 2627 1665 2676 11
