1789 2955
565 97 668 128 Liber
692 96 799 128 xxv.
840 96 895 138 (A.
924 96 986 128 ch.
1013 96 1107 138 ⁴212.)
1453 99 1530 139 231

123 227 299 265 venandi
331 228 428 264 urbe
460 229 611 277 egressi
644 229 698 264 ad
730 241 822 265 eum
854 228 1179 277 proficiscuntur;
1215 234 1254 264 et
1280 240 1402 277 quum
1430 226 1582 267 haudf)

122 299 262 348 procul
290 298 428 335 castris
456 299 660 343 abessent,
690 298 812 335 ceteri
835 299 933 335 silva
958 311 1086 348 prope
1110 299 1215 335 viam
1240 311 1330 335 sese
1355 300 1541 335 occulue—

122 373 226 414 runt,
250 368 354 406 Nico
378 374 418 405 et
433 369 703 413 Philemenus,
729 370 935 418 progressi
953 370 1222 406 ad'stationes
1240 369 1541 417 comprehensi-

122 451 214 487 que,
247 439 351 475 ultro
383 438 426 474 id
458 444 658 487 petentes,
702 440 757 475 ad
788 438 1061 475 Hannibalem
1095 439 1261 476 deducti
1293 444 1398 475 sunt.
1462 438 1540 484 Qui
1556 437 1580 477 6

120 521 243 557 quum
275 514 316 545 et
347 520 490 546 causas
523 509 679 546 consilii
711 509 770 545 sui
799 515 851 554 et,
885 509 983 557 quid
1007 515 1209 558 pararent,
1243 509 1539 558 exposuissent,

121 579 340 616 collaudati
365 579 605 627 oneratique
630 579 838 627 promissis
855 579 1054 624 iubentur,
1079 586 1122 616 ut
1139 580 1260 616 fidem
1278 579 1540 628 popularibus

121 650 314 694 facerent,
348 649 560 698 praedandi
594 661 717 686 causa
750 662 793 687 se
826 651 924 686 urbe
957 662 1158 698 egressos,
1193 662 1344 698 pecora
1373 649 1540 686 Cartha-

118 720 375 768 giniensium,
409 731 497 767 quae
530 724 689 768 pastum
723 721 915 768 propulsa
947 724 1096 763 essent,
1139 721 1192 755 ad
1225 720 1364 755 urbem
1397 730 1538 768 agere;

118 795 205 826 tuto
229 802 277 827 ac
303 789 389 826 sine
414 790 633 826 certamine
658 790 701 826 id
728 790 905 826 facturos
923 789 1164 838 promissum
1183 795 1256 826 est.
1305 789 1539 838 Conspecta
1556 788 1577 828 T

118 873 168 896 ea
207 861 346 909 praeda
377 860 566 896 iuvenum
599 866 672 905 est,
712 861 926 908 minusque
958 860 1101 895 iterum
1133 871 1181 896 ac
1214 861 1360 908 saepius
1391 860 1434 896 id
1467 871 1539 896 eos

118 931 271 967 audere
302 931 495 967 miraculo
528 930 613 967 fuit.
677 930 898 979 Congressi
930 942 1020 967 cum
1045 929 1276 966 Hannibale
1299 943 1432 967 rursus
1455 930 1536 966 fide
1552 928 1576 969 8

119 1007 350 1045 sanxerunt,
364 1001 512 1037 liberos
525 1001 772 1037 Tarentinos
785 1001 896 1049 leges
908 1013 1003 1037 suas
1015 1013 1168 1049 suaque
1182 1001 1319 1037 omnia
1332 1001 1539 1038 habituros

118 1084 251 1120 neque
277 1072 399 1107 ullum
422 1071 593 1120 vectigal
617 1071 746 1108 Poeno
776 1083 974 1119 pensuros
1002 1071 1284 1119 praesidiumve
1307 1071 1455 1107 invitos
1478 1083 1539 1106 re-

118 1147 326 1191 cepturos3
345 1155 408 1178 res
424 1142 574 1190 proditi
592 1141 769 1190 praesidii
789 1141 1182 1190 Carthaginiensium
1202 1141 1302 1177 fore.
1350 1140 1450 1177 Haec
1469 1140 1535 1176 ubi
1551 1139 1576 1179 9

117 1218 407 1257 convenerunt,
425 1218 521 1249 tunc
538 1224 632 1248 vero
652 1212 909 1248 Philemenus
927 1212 1267 1249 consuetudinem
1283 1216 1407 1248 nocte
1425 1223 1538 1259 egre-

117 1283 261 1319 diundi
288 1283 569 1330 redeundique
598 1282 638 1318 in
668 1282 807 1318 urbem
836 1282 1151 1330 frequentiorem
1181 1282 1328 1319 facere.
1378 1281 1430 1316 Et
1454 1286 1539 1317 erat

116 1353 293 1389 venandi
326 1353 461 1390 studio
493 1352 675 1401 insignis,
711 1365 915 1400 canesque
949 1358 988 1389 et
1020 1353 1119 1389 alius
1152 1357 1371 1401 apparatus
1395 1363 1538 1399 seque-

114 1423 242 1468 batur,
276 1429 519 1472 captumque
554 1423 677 1459 ferme
711 1423 864 1470 aliquid
897 1429 965 1459 aut
997 1424 1048 1460 ab
1082 1424 1199 1460 hoste
1231 1435 1280 1459 ex
1310 1428 1537 1471 praeparato
1557 1420 1611 1461 10

113 1494 277 1530 allatum
308 1499 521 1542 reportans
555 1494 739 1529 donabat
771 1499 840 1529 aut
873 1493 1066 1541 praefecto
1092 1500 1161 1530 aut
1185 1493 1423 1530 custodibus
1446 1504 1539 1540 por-

114 1569 262 1608 tarum;
292 1569 413 1600 nocte
436 1563 609 1599 maxime
634 1574 865 1599 commeare
892 1569 1058 1612 propter
1080 1569 1229 1600 metum
1255 1563 1431 1600 hostium
1455 1574 1538 1598 cre-

115 1634 282 1672 debant.
346 1633 427 1671 Ubi
450 1634 531 1670 iam
557 1646 608 1670 eo
633 1634 943 1670 consuetudinis
967 1635 1147 1670 adducta
1171 1646 1234 1670 res
1259 1638 1333 1677 est,
1360 1638 1414 1676 ut,
1440 1645 1539 1680 quo·
1556 1631 1606 1671 11

115 1716 274 1752 cunque
292 1705 424 1741 noctis
441 1709 625 1752 tempore
644 1703 760 1740 sibilo
781 1703 965 1740 dedisset
982 1704 1153 1752 signum,
1173 1709 1291 1752 porta
1304 1703 1536 1752 aperiretur,

115 1780 273 1823 tempus
298 1775 472 1823 agendae
495 1775 551 1810 rei
571 1773 790 1810 Hannibali
818 1774 944 1810 visum
969 1779 1041 1810 est.
1092 1774 1233 1809 Tridui
1251 1774 1354 1809 viam
1373 1774 1532 1817 aberat;
1553 1772 1605 1812 12

117 1845 195 1889 ubi,
229 1857 310 1893 quo
342 1845 473 1881 minus
498 1844 640 1880 mirum
665 1849 773 1880 esset
796 1856 878 1880 uno
905 1845 1136 1892 eodemque
1161 1845 1253 1881 loco
1277 1844 1421 1880 stativa
1447 1856 1537 1880 eum

115 1920 198 1951 tam
221 1914 291 1950 diu
316 1915 480 1959 habere,
515 1926 663 1963 aegrum
688 1914 914 1950 simulabat.
975 1914 1171 1950 Romanis
1196 1925 1371 1962 quoque,
1407 1914 1473 1962 qui
1496 1914 1537 1950 in
1556 1912 1608 1953 13

116 1985 305 2034 praesidio
331 1984 497 2021 Tarenti
531 1990 658 2028 erant,
693 1989 881 2032 suspecta
915 1996 1004 2020 esse
1037 1984 1116 2020 iam
1151 1979 1287 2032 segnis
1310 1997 1424 2021 mora
1452 1985 1536 2021 eius

116 2055 305 2092 desierat.
355 2054 557 2099 Ceterum,
584 2060 801 2103 postquam
826 2055 1049 2091 Tarentum
1074 2055 1129 2090 ire
1148 2054 1367 2099 constituit,
1393 2056 1537 2092 decem
1600 2051 1630 2097 9

115 2125 287 2162 millibus
299 2126 481 2174 peditum
495 2131 615 2173 atque
629 2126 820 2173 equitum,
836 2138 939 2173 quos
951 2126 992 2161 in
1006 2125 1309 2173 expeditionem
1322 2125 1536 2161 velocitate

116 2207 333 2244 corporum
357 2207 404 2232 ac
427 2195 588 2231 levitate
614 2207 817 2231 armorum
842 2195 1074 2244 aptissimos
1099 2207 1189 2232 esse
1206 2200 1314 2232 ratus
1333 2200 1407 2240 est,
1432 2196 1537 2232 elec-

115 2265 179 2310 tis,
209 2271 352 2313 quarta
375 2265 510 2314 vigilia
534 2265 665 2302 noctis
691 2265 806 2314 signa
831 2266 968 2310 movit,
1003 2266 1300 2315 praemissisque
1326 2265 1536 2314 octoginta
1553 2263 1578 2303 2

117 2334 201 2371 fere
233 2334 419 2372 Numidis
458 2335 658 2384 equitibus
696 2337 900 2385 praecepit,
940 2342 982 2378 ut
1014 2337 1284 2373 discurrerent
1316 2336 1420 2372 circa
1453 2335 1536 2371 vias

117 2405 483 2454 perlustrarentque
509 2406 647 2442 omnia
673 2407 812 2450 oculis,
839 2419 892 2443 ne
918 2407 1005 2454 quis
1030 2407 1247 2455 agrestium
1265 2406 1405 2454 procul
1423 2417 1537 2453 spec-

117 2479 224 2512 tator
246 2475 417 2524 agminis
442 2475 614 2520 falleret3
644 2488 891 2524 praegressos
915 2478 1178 2521 retraherent,
1208 2476 1350 2513 obvios
1375 2475 1538 2512 occide·
1553 2472 1578 2513 3

118 2550 219 2590 rent,
266 2550 310 2601 ut
346 2547 585 2594 praedonum
625 2546 754 2595 magis
794 2559 915 2595 quam
954 2547 1150 2584 exercitus
1190 2546 1341 2583 accolis
1380 2545 1537 2594 species

119 2620 239 2652 esset.
308 2615 400 2665 Ipse
431 2618 574 2666 raptim
607 2617 770 2665 agmine
802 2622 908 2661 acto,
950 2617 1184 2666 quindecim
1217 2616 1342 2652 ferme
1374 2615 1537 2652 millium
