1768 2943
958 94 1023 127 XX

288 227 355 246 non
382 218 512 247 addere
537 216 702 254 verebar3
730 226 797 246 non
825 216 1055 253 attenderam,
1077 219 1158 256 post
1188 216 1319 246 fuerunt
1344 214 1402 257 (-—
1429 214 1504 256 unt)
1529 215 1694 246 excidisse

290 275 370 304 haut
396 273 566 316 (aut).)18
584 274 631 317 (et
657 275 719 305 tria
745 275 840 316 signa
866 276 1003 305 notavit
1027 272 1243 316 Huldricus.)
1273 273 1276 316 1
1305 272 1434 313 (votum
1461 274 1604 304 solvisse
1616 274 1691 314 Mg.

289 333 368 363 Em.
384 336 453 366 320
479 334 556 363 eP:
582 333 858 364 uotumuoluisse.
886 333 998 363 Drak.
1026 338 1139 363 votum
1166 330 1312 374 vovisse)
1338 332 1414 369 XX,
1441 332 1462 364 6
1489 332 1600 373 (Fort.
1628 337 1694 362 tam

285 391 481 432 longinquis
508 392 593 431 Mg„
620 390 785 433 Forclzh.)
815 390 818 429 ζ
844 390 920 432 (pro
945 391 1104 431 praesenti
1131 391 1204 430 lrlg.
1237 391 1316 421 Em.
1348 393 1433 427 320;
1468 390 1501 420 J>
1522 393 1556 419 et
1579 390 1693 420 Drak.

286 449 457 491 praesenti)
485 449 528 481 10
553 448 690 491 (Relata
716 473 724 481 .
751 474 758 480 .
787 474 793 480 .
820 460 856 480 re
883 455 1060 480 tenuerunt
1091 448 1190 480 Crev.
1211 449 1243 478 Ρ
1271 449 1419 479 relaxata
1445 473 1451 480 .
1481 472 1487 479 .
1515 473 1521 479 .
1549 448 1694 479 retinue-

288 514 372 538 runt.
413 508 526 538 Drak.
565 510 615 539 Re
640 509 754 539 laxata
781 531 788 539 .
817 532 823 538 .
852 532 858 538 .
886 506 1081 548 tenuerunt)
1118 507 1211 544 XXI,
1238 506 1258 539 2
1285 506 1332 548 (Ρ.
1362 507 1495 537 Furium
1531 508 1631 538 Glar.
1666 506 1700 537 Ρ

285 570 319 595 et
341 566 455 597 Drak.
482 567 520 597 L.
548 564 640 607 Fur.)
670 564 673 609 Ι
702 566 814 608 (militi
844 577 883 597 ac
909 567 1026 596 Αἶα-ἢ.
1060 566 1094 596 P
1120 565 1255 596 militiae.
1314 565 1427 596 Drak.
1467 565 1562 595 militi
1593 563 1642 606 et)
1673 564 1695 598 5

285 625 449 655 mensium
489 623 542 666 (P,
575 624 618 667 C)
654 625 764 663 XXII,
803 625 823 658 4
850 625 985 655 tandem
1021 623 1079 665 (C,
1106 623 1220 654 Drak.
1247 624 1285 660 Ρ,
1312 625 1357 654 M
1387 624 1468 665 tam)
1497 623 1500 665 ι
1530 623 1694 664 (inopiam

285 688 486 720 senatorum,
525 683 585 714 sed
625 683 759 719 Weiss.,
793 684 1031 724 praeeuntibus
1056 683 1152 719 aliis,
1191 684 1250 723 qui
1273 682 1422 723 inopiam
1449 687 1594 718 senatus,
1634 681 1694 712 sed

283 740 524 783 scripserant.)
550 741 572 774 5
597 740 686 783 (cum
713 752 745 782 p.
772 742 812 772 R.
841 751 1045 782 magnopere
1066 740 1165 771 Crev.
1181 741 1214 770 Ρ
1235 750 1551 781 cumpromagnore.
1579 739 1693 770 Drak.

284 810 347 840 pro
372 810 494 840 magna
519 798 568 842 re)
597 797 600 842 1
629 799 856 840 (senatoribus
888 800 1011 840 quibus
1043 800 1072 830 l.
1100 799 1146 829 H.
1183 799 1287 836 Voss.,
1314 799 1389 839 Mg.
1415 800 1448 830 Ρ
1470 798 1693 835 senatoribus,

283 858 396 889 Drak.
414 859 625 889 senatoribus
650 858 693 899 si)
722 858 724 901 y
754 863 853 898 atque
880 858 913 888 in
934 857 1023 899 (Mg.
1041 858 1118 888 Em.
1146 860 1213 890 321
1230 856 1280 899 n.)
1303 857 1326 890 8
1350 857 1401 898 (id
1426 857 1550 888 iactum
1573 857 1694 894 Gran„

285 917 364 948 Em.
391 919 459 950 321
485 928 519 947 n.
552 916 656 948 Codd.
685 917 718 947 id
745 922 866 953 actum,
894 917 1007 946 Drak.
1036 915 1069 945 id
1095 917 1234 958 tactum)
1260 916 1394 954 XXIII,
1427 916 1449 948 2
1479 915 1532 956 (se
1565 926 1629 946 om.
1660 914 1693 953 C,

282 976 375 1006 codd.
403 977 487 1016 aliq.
516 985 595 1006 recc.
630 975 712 1005 Non
745 976 781 1005 in
812 985 848 1005 se
879 976 947 1005 lzoec
978 975 1153 1014 improbat
1176 974 1318 1013 Fabius,
1350 976 1412 1005 sed
1441 975 1518 1011 haec,
1552 983 1626 1014 quae
1658 975 1694 1003 z‘n

283 1035 353 1075 ipso
379 1035 564 1064 constituta
590 1037 681 1070 sunt,
704 1034 904 1074 generatim
932 1031 1131 1074 improbat.)
1156 1032 1178 1066 3
1205 1031 1337 1074 (forsan
1363 1039 1497 1073 tempus
1522 1033 1596 1072 Mg.
1614 1032 1693 1062 Em.

283 1095 338 1126 83.
372 1091 488 1130 codd„
516 1093 630 1123 Drak.
657 1092 727 1122 fors
753 1090 791 1133 t.)
817 1091 839 1123 ὃ
865 1089 1027 1133 [senatus]
1054 1091 1182 1132 primus
1207 1091 1346 1133 (Glar.)
1371 1092 1392 1124 9
1419 1091 1505 1122 redit
1531 1090 1579 1132 (P
1600 1101 1643 1121 m.
1659 1089 1694 1132 2)
1759 1075 1765 1139 ξ

285 1151 409 1187 XXIV,
436 1150 458 1183 3
484 1149 654 1193 (creantur
679 1151 709 1181 J.
736 1150 783 1180 H.
820 1150 912 1180 Voss.
943 1150 1056 1188 codd„
1084 1151 1198 1181 Drak.
1226 1149 1435 1191 crearentur)
1463 1149 1481 1182 7
1499 1149 1694 1180 occiderent

283 1208 441 1251 (Dom'at.
467 1209 584 1240 Possis
610 1210 715 1239 etiam
742 1209 1162 1248 succiderentsuspicari,
1189 1210 1265 1239 coll.
1292 1209 1370 1240 Em.
1398 1207 1494 1250 268.)
1520 1207 1563 1240 12
1589 1218 1694 1239 sacer-

282 1269 419 1299 dotibus
458 1266 560 1309 [esse]
598 1278 636 1298 ac
673 1266 851 1309 (Freinsh·
891 1268 924 1298 Ρ
952 1268 1136 1298 sacerdotis
1161 1277 1234 1298 esse
1260 1267 1314 1309 ac)
1342 1267 1450 1304 XXV,
1476 1266 1498 1299 3
1522 1266 1694 1307 (attineret

278 1331 345 1367 pro
360 1326 478 1357 attinet
497 1327 604 1356 Gron.
622 1327 716 1357 Fort.
745 1337 820 1368 quae
846 1328 889 1358 ad
903 1327 1017 1358 Carth.
1035 1350 1040 1357 .
1059 1350 1065 1356 .
1085 1350 1092 1356 .
1107 1326 1298 1363 attinerent,
1324 1335 1497 1366 prospera,
1513 1325 1591 1355 Em.
1606 1324 1690 1367 321)

281 1384 302 1417 6
315 1395 390 1421 nec,
417 1385 506 1415 unde
521 1385 713 1416 consulares
729 1384 819 1427 (Mg.
835 1387 912 1417 Em.
929 1388 1008 1419 321.
1025 1386 1055 1416 Ρ
1067 1395 1128 1415 nec
1143 1384 1233 1415 undo
1248 1384 1456 1425 consulares)
1470 1383 1492 1417 8
1505 1383 1586 1424 (nisi
1600 1384 1691 1424 quod

281 1443 356 1483 stip.
372 1442 436 1483 leg.
452 1449 540 1473 esset
554 1444 628 1484 Mg.
646 1444 724 1475 Em.
741 1447 820 1478 322.
836 1446 874 1482 P,
884 1446 997 1475 Drak.
1035 1444 1099 1474 nisi
1117 1443 1173 1484 qui
1189 1443 1266 1484 stip.
1282 1443 1302 1474 l.
1325 1442 1428 1483 esset)
1446 1442 1485 1474 11
1510 1442 1689 1483 propagari

280 1500 403 1543 (Codd.
419 1500 516 1544 recc.)
537 1502 661 1540 XXVI,
681 1501 702 1534 2
716 1502 892 1545 (peditum,
919 1503 1008 1533 mille
1022 1502 1152 1542 equites
1166 1503 1280 1532 Alsch.
1296 1501 1488 1542 Ppeditum
1503 1500 1531 1532 ἃ
1549 1501 1688 1542 equites.

279 1561 394 1590 Drak.
421 1560 496 1600 ped.
525 1566 557 1590 et
583 1560 757 1602 quingenti
783 1560 851 1603 eq.)
885 1561 904 1594 7
929 1561 1093 1602 (equitum
1119 1566 1248 1601 partem
1281 1560 1425 1590 Fischer
1444 1565 1514 1600 pro
1539 1559 1690 1600 peditum

279 1617 329 1659 p.)
358 1616 361 1649 Ι
390 1616 447 1655 (ad
472 1618 703 1659 populandum
729 1621 804 1660 Mg.
829 1621 907 1652 Em.
933 1623 1011 1654 323.
1042 1620 1156 1657 Εοᾱιί.,
1182 1621 1295 1650 Drak.
1324 1620 1367 1650 ad
1397 1616 1691 1659 depopulandum)
1754 1627 1761 1651 ξ

282 1674 454 1717 Ι((1ίωί5ἰῑ
487 1683 519 1707 et
553 1682 587 1707 ut
622 1678 833 1719 Heusinger.
874 1679 997 1717 Codd.‚
1037 1680 1150 1710 Drak.
1191 1678 1334 1716 dimisit,
1373 1677 1421 1719 ut)
1462 1677 1506 1710 10
1537 1676 1689 1713 (flumine

278 1735 378 1765 etiam
405 1735 542 1766 obiecto
575 1741 681 1766 tutum
708 1737 846 1769 Heerw.
881 1742 915 1769 et
938 1739 1011 1779 Mg.
1040 1738 1118 1769 Em.
1151 1740 1220 1771 323
1253 1748 1286 1768 n.
1330 1738 1362 1768 Ρ
1384 1741 1418 1767 et
1441 1737 1554 1767 Drak.
1582 1740 1688 1767 tutum

279 1793 308 1823 fl.
349 1794 449 1824 etiam
489 1795 624 1825 obiecto
663 1795 747 1834 tum)
786 1797 934 1834 XXVII,
972 1796 994 1829 4
1032 1796 1153 1838 (nuntii
1191 1796 1428 1837 refugientes.
1463 1818 1469 1825 .
1505 1819 1511 1825 .
1550 1794 1688 1825 attulere

277 1852 393 1882 Alsch.
433 1862 451 1882 e
487 1852 526 1889 P,
566 1853 602 1882 z'n
639 1863 703 1894 quo
742 1859 809 1884 est:
849 1855 1203 1895 nuntiaresfugienteS.
1261 1855 1459 1885 Edebatur:
1493 1853 1688 1884 nuntiavere

278 1909 454 1950 fugientes,
482 1911 604 1941 omisso
630 1915 751 1942 contra
778 1914 872 1943 codd.
901 1915 1005 1943 bonos
1030 1910 1195 1954 attulere.)
1223 1912 1241 1945 7
1267 1912 1458 1954 (applicant
1490 1911 1605 1942 Weiss.
1618 1916 1688 1952 pro

277 1969 499 2009 applicantur.
551 1969 583 1998 Ρ
614 1969 968 2011 applicanturmaque)
999 1970 1020 2003 9
1052 1969 1101 2012 (in
1133 1976 1234 2011 pacto
1268 1972 1448 2002 Strothius
1476 1976 1544 2011 pro
1571 1970 1605 2000 in
1630 1980 1688 2010 pa-

277 2025 368 2066 cato)
403 2027 445 2059 11
480 2026 586 2067 possit
623 2027 786 2067 (Forclzlz.
821 2029 899 2059 Em.
938 2027 1021 2071 323)
1058 2029 1219 2067 XXVIII,
1257 2029 1278 2062 4
1317 2029 1363 2073 (Ρ
1385 2030 1562 2061 edocuisse
1595 2030 1686 2070 ipse;

276 2096 364 2116 corr.
393 2086 602 2126 Alsclz.p0st
623 2086 770 2118 Vallam.
797 2087 910 2118 Drak.
937 2088 1131 2119 edidicisset
1157 2087 1243 2130 ipse)
1262 2086 1265 2130 Ι
1283 2089 1370 2120 redit
1387 2089 1487 2130 (pm.
1507 2087 1543 2131 2)
1562 2089 1687 2125 XXIX,

276 2143 298 2175 2
329 2149 379 2174 est
410 2146 486 2174 sine
517 2145 616 2175 uncis
653 2144 740 2187 (Mg.
774 2147 848 2176 Alii
877 2148 1030 2177 alterum
1068 2154 1118 2177 est
1155 2147 1372 2189 omiserunt.)
1411 2146 1430 2179 7
1468 2146 1608 2187 patriam
1647 2157 1688 2177 eo

278 2202 470 2233 discrimine
496 2201 586 2243 (Mg.
614 2204 691 2234 Em.
719 2204 803 2245 323)
830 2204 873 2237 12
898 2204 979 2246 (iam
1006 2211 1084 2236 ante
1116 2207 1224 2236 Gron.
1243 2217 1260 2236 e
1277 2206 1324 2237 P.-
1349 2206 1534 2237 tanidante.
1571 2206 1685 2236 Drak.

276 2258 426 2302 tandem)
460 2260 502 2293 14
536 2261 650 2292 videre
677 2273 694 2292 e
719 2264 802 2293 com'.
829 2264 971 2294 Luchsii
1002 2262 1048 2304 (Ρ
1070 2262 1239 2306 viderent)
1266 2264 1310 2297 15
1334 2263 1546 2306 (Hasdrubal
1577 2265 1684 2294 Gron.

279 2318 393 2357 codd„
421 2320 534 2350 Drak.
586 2320 628 2350 Et
654 2320 865 2362 Hasdrubal)
897 2322 941 2355 16
967 2333 1060 2363 spem
1088 2324 1267 2364 reliquerat
1299 2324 1425 2366 (Gran.
1453 2335 1470 2354 e
1494 2324 1539 2354 P:
1572 2332 1686 2363 spere-

276 2377 452 2418 linquerat.
503 2379 665 2419 Alioquin
693 2380 837 2420 reliquit,
864 2382 958 2422 quod
981 2382 1056 2412 edd.
1083 2386 1162 2413 vett.
1190 2383 1328 2421 habent,
1362 2383 1484 2414 Livius
1502 2383 1686 2424 positurus

1743 2371 1754 2416 vs!
1742 2184 1754 2333 σθω-ιω-ύ-
1742 1986 1757 2159 Μία-ιω
1752 1928 1759 1966 q„

266 2437 388 2479 fuzirse
418 2435 583 2478 videtur.)
622 2438 736 2475 XXX,
774 2438 796 2471 3
829 2438 948 2479 (suetae
982 2440 1190 2481 insuetaeque
1224 2440 1343 2472 Fabri.
1382 2442 1414 2472 P
1448 2443 1685 2472 tantummodo
1743 2442 1753 2454 ²

276 2500 466 2535 suetaeque,
504 2495 616 2526 Drak.
651 2497 924 2537 quadrupedum;
965 2499 1101 2529 sutrinae
1134 2499 1324 2541 postremo)
1358 2501 1360 2541 j
1397 2499 1501 2542 (foliis
1514 2501 1630 2531 Alsch.
1655 2500 1689 2530 P
1745 2517 1749 2528 ‹

276 2553 377 2590 rohis,
405 2555 517 2585 Drak.
545 2553 651 2597 rubis)
685 2555 703 2587 ’ἶ
731 2556 812 2586 urbe
837 2567 856 2586 a
883 2557 1117 2588 defensoribus
1143 2568 1250 2589 vacua
1281 2558 1316 2599 (e
1340 2561 1424 2589 coni.
1454 2559 1574 2598 Sigon.
1599 2569 1685 2589 sane
1743 2556 1752 2568 ‘'

274 2612 467 2655 probabilc)
494 2613 537 2646 14
566 2612 655 2654 (cum
682 2614 845 2646 honorem
874 2615 987 2647 inisset
1013 2617 1108 2647 codd.
1135 2619 1219 2658 aliq.
1246 2628 1330 2667 rece.
1357 2619 1388 2649 P
1418 2617 1682 2657 cumiboinisset,
1747 2623 1749 2626 '
