1768 2943
255 105 311 146 52
680 105 782 136 Liber
807 105 898 136 XXI.
951 103 1006 147 (A.
1035 116 1064 136 u.
1093 116 1122 137 e.
1149 105 1242 147 536.)

251 235 348 272 buni
371 235 536 271 rnilitum
562 235 739 284 quinque
764 241 803 272 et
826 236 1002 284 praefecti
1028 236 1229 273 sociorum
1247 242 1326 274 tres
1344 244 1436 274 sunt
1452 238 1663 276 interfecti.

186 304 240 344 lO
254 306 484 342 Secundum
517 317 606 341 eam
645 318 823 354 pugnam
856 305 1063 342 Hannibal
1100 306 1141 343 in
1179 306 1360 355 Ligures,
1404 308 1665 357 Sempronius

251 375 401 412 Lucam
430 375 644 412 concessit.
693 375 884 412 Venienti
910 376 952 413 in
969 376 1136 425 Ligures
1155 376 1373 413 Hannibali
1400 391 1471 426 per
1497 378 1665 415 insidias

252 445 463 494 intercepti
496 446 578 482 duo
603 451 824 494 quaestores
848 446 1035 488 Romani,
1063 445 1108 483 C.
1128 447 1286 484 Fulvius
1312 453 1352 484 et
1377 447 1424 484 L.
1442 447 1663 495 Lucretius,

253 528 342 553 cum
383 516 544 552 duobus
585 516 753 552 tribunis
792 516 956 553 militum
989 522 1029 553 et
1061 517 1237 565 quinque
1270 519 1465 565 equestris
1498 519 1664 563 ordinis,

252 590 485 622 senatorum
509 585 633 622 ferme
660 586 807 630 liberis,
836 599 916 634 quo
944 587 1073 636 magis
1096 592 1222 624 ratam
1248 587 1334 624 sore
1353 599 1441 624 cum
1459 588 1505 625 iis
1523 600 1665 638 pacem

252 656 571 704 societatemque
604 656 800 701 crederet,
834 658 1056 694 traduntur.

127 721 188 767 60
368 725 475 762 Dum
508 726 593 762 haec
625 726 666 762 in
698 726 812 763 Italia
843 734 1046 776 geruntur,
1091 727 1166 764 Cn.
1201 727 1412 765 Cornelius
1452 728 1588 777 Scipio
1626 729 1667 765 in

211 795 238 834 ‘2
251 796 491 845 Hispaniam
530 807 619 832 cum
659 797 787 834 classe
827 803 867 834 et
908 798 1082 834 exercitu
1120 798 1276 842 missus,
1317 810 1438 847 quum
1477 799 1528 835 ab
1561 799 1667 836 ostio

253 866 444 902 Rhodani
457 866 662 915 profectus
670 867 968 916 Pyrenaeosque
980 873 1142 904 montes
1155 868 1441 905 circumvectus
1454 868 1667 918 Emporias

211 935 474 985 3appulisset
505 937 688 981 classem,
731 939 916 987 exposito
949 938 1003 974 ibi
1036 937 1224 982 exercitu,
1265 950 1379 975 orsus
1411 951 1435 975 a
1466 938 1668 976 Laeetanis

253 1018 416 1043 omnem
449 1018 561 1043 oram
594 1020 720 1056 usque
752 1009 806 1044 ad
838 1008 1033 1045 Hiberum
1066 1009 1215 1045 flumen
1246 1008 1390 1057 partim
1422 1009 1669 1046 renovandis

254 1076 528 1121 societatibus,
555 1078 698 1126 partim
721 1078 838 1115 novis
860 1078 1117 1116 instituendis
1141 1079 1338 1116 Romanae
1364 1079 1536 1116 dicionis
1562 1079 1667 1116 fecit.

212 1146 354 1185 41nde
388 1147 603 1184 conciliata
635 1149 858 1185 clementiae
882 1149 990 1185 fama
1012 1161 1097 1185 non
1121 1149 1175 1185 ad
1200 1148 1420 1186 maritimos
1445 1150 1572 1186 modo
1596 1162 1670 1198 po-

253 1217 383 1266 pulos,
413 1218 487 1253 sed
510 1217 551 1254 in
575 1219 881 1256 mediterraneis
904 1231 1067 1267 quoque
1084 1231 1131 1256 ac
1149 1219 1353 1256 montanis
1371 1220 1426 1257 ad
1450 1219 1670 1257 ferociores

253 1288 333 1323 iam
350 1293 494 1336 gentes
512 1288 652 1332 valuit;
686 1301 762 1326 nec
786 1301 865 1338 pax
887 1290 1014 1326 modo
1033 1290 1143 1338 apud
1161 1301 1246 1334 eos,
1266 1290 1340 1326 sed
1357 1290 1531 1328 societas
1549 1290 1669 1326 etiam

255 1370 456 1394 armorum
480 1363 595 1407 parta
619 1364 692 1403 est,
718 1359 941 1408 validaeque
974 1360 1128 1408 aliquot
1151 1360 1385 1397 auxiliorum
1410 1360 1598 1397 cohortes
1621 1372 1671 1396 ex

214 1427 301 1467 5iis
335 1428 574 1477 conscriptae
607 1433 711 1466 sunt.
760 1428 976 1467 Hannonis
1010 1430 1065 1466 cis
1098 1429 1292 1467 Hiberum
1324 1430 1532 1479 provincia
1565 1435 1666 1474 erat;

254 1510 345 1535 eum
368 1499 582 1547 reliquerat
604 1498 809 1536 Hannibal
835 1501 890 1536 ad
911 1500 1088 1548 regionis
1114 1501 1198 1537 eius
1222 1501 1466 1549 praesidium.
1513 1500 1668 1549 Itaque,

254 1569 485 1618 priusquam
518 1568 788 1606 alienarentur
811 1569 960 1615 omnia,
987 1570 1148 1606 obviam
1173 1572 1351 1607 eundum
1375 1576 1497 1616 ratus,
1531 1571 1669 1608 castris

215 1638 239 1679 6
255 1640 295 1676 in
329 1644 550 1688 conspectu
574 1639 749 1676 hostium
772 1640 927 1689 positis,
953 1641 994 1677 in
1018 1641 1146 1678 aciem
1171 1641 1321 1677 eduxit.
1369 1640 1456 1678 Nec
1479 1642 1669 1678 Romano

256 1709 527 1747 differendum
559 1714 764 1746 certamen
796 1710 936 1753 visum,
971 1711 1120 1760 quippe
1160 1711 1227 1760 qui
1265 1710 1395 1755 sciret,
1435 1724 1524 1749 cum
1558 1711 1671 1748 Han-

255 1793 366 1817 none
393 1785 432 1817 et
455 1779 711 1816 Hasdrubale
736 1780 810 1817 sibi
828 1781 1104 1818 dimicandum
1123 1794 1225 1826 esse,
1244 1783 1460 1831 malletque
1478 1782 1670 1818 adversus

256 1850 437 1899 singulos
476 1850 690 1899 separatim
724 1863 844 1899 quam
884 1852 1078 1889 adversus
1111 1853 1215 1889 duos
1254 1852 1367 1889 simul
1400 1865 1484 1889 rem
1515 1863 1669 1901 gerere.

217 1920 239 1959 7
257 1920 343 1958 Nec
375 1921 511 1969 magni
539 1921 767 1958 certaminis
797 1934 846 1957 ea
874 1921 1080 1959 dimicatio
1111 1922 1195 1959 fuit.
1244 1923 1322 1959 Sex
1348 1922 1469 1958 millia
1495 1921 1670 1961 hostium

257 2003 374 2035 caesa,
409 1991 493 2027 duo
518 1995 637 2039 capta
661 2003 749 2027 cum
774 1991 963 2040 praesidio
989 1998 1230 2036 castrorum;
1263 2005 1357 2029 nam
1386 1998 1426 2028 et
1450 1997 1581 2029 castra
1606 2004 1672 2028 ex-

256 2066 437 2110 pugnata
469 2066 573 2104 sunt,
607 2066 728 2109 atque
759 2061 847 2110 ipse
879 2061 960 2098 dux
993 2074 1081 2099 cum
1114 2062 1268 2111 aliquot
1294 2062 1540 2111 principibus
1564 2061 1672 2110 capi-

257 2137 394 2174 untur;
438 2136 478 2167 et
510 2130 646 2175 Cissis,
687 2131 957 2180 propinquum
991 2132 1130 2169 castris
1163 2133 1373 2182 oppidum,
1407 2136 1671 2181 expugnatur.

217 2200 446 2241 8Ceterum
478 2202 617 2250 praeda
649 2201 791 2250 oppidi
823 2201 932 2250 parvi
965 2202 1079 2251 pretii
1106 2214 1235 2239 rerum
1261 2202 1344 2247 fuit,
1379 2202 1557 2250 supellex
1583 2203 1672 2238 bar-

217 2270 394 2310 9barica
426 2283 472 2308 ac
505 2271 636 2306 vilium
670 2271 982 2320 mancipiorum;
1017 2278 1148 2309 castra
1175 2272 1336 2309 militem
1362 2272 1554 2316 ditavere,
1587 2283 1673 2308 non

259 2341 344 2378 eius
375 2342 502 2378 modo
536 2341 744 2386 exercitus,
779 2342 844 2390 qui
877 2343 1003 2379 victus
1036 2347 1134 2387 erat,
1168 2343 1242 2379 sed
1274 2347 1313 2378 et
1345 2341 1443 2386 eius,
1483 2341 1550 2389 qui
1582 2353 1672 2378 cum

259 2410 490 2448 Hannibale
531 2411 572 2447 in
614 2411 728 2447 Italia
771 2412 978 2456 militabat,
1027 2412 1214 2449 omnibus
1261 2411 1344 2448 sere
1391 2411 1492 2448 caris
1538 2412 1671 2454 rebus,

259 2494 311 2518 ne
350 2481 487 2530 gravia
525 2481 816 2530 impedimenta
854 2482 1075 2519 ferentibus
1114 2486 1262 2525 essent,
1303 2481 1400 2518 citra
1437 2481 1672 2530 Pyrenaeum

259 2551 417 2589 relictis.
