1789 2955
991 78 1026 112 X

293 191 360 236 cfr.
377 191 457 227 Em.
471 191 541 225 405
555 192 622 235 sq.)
637 190 683 232 X,
699 191 740 224 12
756 190 798 234 Q.
813 189 992 234 Mamilio,
1008 194 1050 225 ut
1085 193 1089 234 Ι
1121 194 1262 236 praetor
1277 193 1318 225 16
1333 191 1360 225 C
1372 217 1379 225 .
1394 191 1552 226 Servilio
1565 191 1715 226 traditis

292 248 436 290 (lVeiss.
471 259 488 282 e
520 247 682 290 vestiqiis
713 246 749 281 P
768 249 803 281 et
834 248 876 291 λ.)
912 247 1000 290 XII,
1034 249 1054 282 5
1085 248 1259 282 deessent
1295 248 1401 290 XIV,
1432 250 1455 282 4
1486 249 1671 292 utrimque
1696 251 1717 284 6

291 304 370 338 haec
405 304 490 345 XV,
523 306 544 338 3
576 305 683 348 signa
713 303 886 338 cornibus
911 305 1194 339 incucurrerunt
1220 305 1306 350 (My.
1321 306 1415 340 1882
1428 306 1594 350 proxime
1618 304 1718 343 codd.

293 362 437 403 SVRF,
464 361 526 406 qui
550 361 684 396 habent
718 362 824 405 signa
860 362 1034 396 cornibus
1067 365 1345 396 concurrerunt,
1396 361 1523 407 Inepte
1551 362 1718 407 peditum

291 420 401 463 siqna
427 419 596 453 cornibus
621 417 848 452 concurrisse
873 420 941 452 aut
963 419 1163 453 incurrisse
1188 418 1373 461 dicuntur,
1400 431 1510 463 quum
1540 420 1650 454 etiam
1673 420 1716 455 in

290 477 383 521 ipsis
407 476 578 511 cornibus
602 474 646 509 ab
671 476 827 519 utraque
848 477 958 519 parte
984 474 1127 518 pedites
1151 476 1312 520 fuerint.
1372 475 1513 510 Addita
1538 476 1713 520 proeposi-

293 534 391 568 tione
415 534 508 567 recte
532 532 780 576 significatur,
808 542 831 566 a
855 542 929 575 qua
947 534 1057 576 parte
1089 532 1180 566 aciei
1210 532 1375 576 peditum
1391 543 1520 577 puyna
1544 533 1717 576 eoeperit.)

292 591 313 624 5
338 601 423 624 nam
450 600 560 633 super
585 592 605 622 9
636 588 1006 633 eederet(M9.1sse.
1024 588 1072 622 In
1096 589 1260 623 codicum
1271 589 1458 633 scriptura
1470 600 1583 634 neque
1599 601 1664 633 per
1681 599 1718 624 se

291 647 446 682 cederet
492 648 630 681 rectum
675 648 743 688 est,
781 646 955 690 quoniam
992 646 1070 680 cedi
1107 646 1322 681 Hasdrubal
1360 646 1437 691 ipse
1471 646 1645 688 iusserat,
1683 648 1719 681 et

290 704 494 749 manifesta
519 705 662 738 tenetur
687 703 901 748 tautoloyia.
954 703 1038 738 Una
1068 705 1211 738 mutata
1247 704 1372 738 littera
1397 705 1433 738 et
1454 705 1553 738 reeta
1576 705 1717 738 senten-

293 761 346 795 tia
371 760 493 795 oritur
516 781 559 785 —
584 760 795 795 declaratur
832 761 928 794 enim
957 762 1071 795 metus
1104 760 1358 795 verecundiam
1391 760 1570 795 vincentis
1604 770 1718 795 causa

291 838 344 859 -—,
371 820 406 852 et
438 817 575 852 erroris
606 817 707 862 oriyo
744 820 917 862 apparet;
953 828 1039 852 nam
1075 828 1186 862 quum
1221 817 1367 851 hostem
1403 817 1649 852 accusativum
1672 828 1717 852 ea:

292 874 479 918 adiectivo,
512 874 605 919 quod
631 876 684 909 est
705 875 906 918 proximus,
935 874 1094 918 pendere
1131 884 1206 908 non
1235 873 1511 917 intelligeretur,
1545 874 1717 909 substitu-

293 933 370 966 tum
395 934 448 966 est
470 932 641 973 caederet,
669 943 713 966 eae
739 943 806 976 quo
832 933 961 966 natum
991 931 1119 966 deinde
1146 931 1305 964 eederet.
1365 930 1423 964 De
1459 929 1715 965 coniunctione

291 989 481 1023 verborum
505 989 699 1032 proximus
726 989 882 1032 quisque
913 989 1062 1023 hostem
1095 988 1263 1022 dubitare
1295 999 1370 1022 non
1400 987 1611 1031 debueram;
1645 987 1714 1032 cfr.

295 1046 374 1081 Tac.
402 1047 500 1080 Ann.
526 1044 606 1086 XV,
633 1047 705 1088 15.)
757 1047 799 1079 10
823 1046 1070 1088 (constituere
1096 1046 1203 1090 signa
1227 1045 1367 1081 Duker.
1420 1045 1542 1081 Unum
1573 1044 1716 1080 verbum

296 1105 489 1147 coeperant
503 1114 577 1137 non
596 1104 714 1146 potest
731 1102 778 1136 ad
801 1102 872 1138 duo
885 1103 1055 1145 subiecta,
1080 1103 1188 1147 signa
1209 1105 1244 1137 et
1262 1102 1376 1144 duces,
1390 1102 1536 1147 referri,
1562 1102 1718 1137 alterum

286 1160 459 1205 positum,
475 1160 633 1194 alterum
647 1170 721 1193 non
740 1160 914 1203 positum.
930 1161 1048 1203 1863.)
1075 1161 1113 1193 11
1130 1161 1167 1193 ni
1184 1171 1222 1193 se
1243 1170 1287 1193 ex
1314 1186 1320 1192 .
1358 1186 1364 1191 ,
1393 1159 1589 1194 deiecisset
1609 1159 1715 1203 XVI,

291 1217 311 1249 5
326 1217 391 1251 sed
407 1218 524 1251 cumS
538 1217 700 1260 acceptis
716 1216 843 1258 XVII,
858 1219 879 1250 2
893 1221 930 1250 et
944 1229 1024 1251 cum
1038 1219 1060 1250 4
1073 1216 1359 1261 praemoliendas
1384 1243 1390 1250 .
1417 1244 1423 1250 .
1451 1244 1458 1251 .
1481 1228 1538 1250 res
1555 1217 1591 1250 11
1610 1217 1718 1252 aliter

291 1284 366 1307 non
381 1273 492 1318 (quod
511 1275 694 1318 receptum
715 1274 891 1319 oportuit)
928 1273 1077 1316 XVIII,
1105 1275 1125 1307 3
1149 1285 1186 1308 se
1206 1275 1402 1317 quicquam
1421 1276 1442 1307 6
1467 1274 1675 1308 conciliarit
1697 1275 1719 1309 8

294 1333 419 1365 essent
442 1333 632 1374 potestate
658 1330 764 1374 XIX,
794 1333 815 1365 ‘2
841 1331 1055 1365 defecerant
1086 1333 1107 1364 8
1133 1331 1408 1373 ulciscerentur,
1433 1331 1528 1364 utin
1555 1330 1717 1374 (Vereor,

291 1398 336 1422 ne
372 1387 472 1431 apud
504 1387 704 1422 Luchsium
741 1390 906 1422 erratum
940 1388 1015 1431 sit.)
1066 1389 1104 1421 11
1144 1388 1396 1422 admonebant
1431 1388 1523 1422 alios
1561 1387 1715 1432 (Siyon.)

294 1445 335 1478 13
359 1445 684 1489 propugnantibus
730 1445 734 1488 Ι
778 1445 816 1478 in
852 1445 930 1480 sine
966 1445 1072 1480 uncis
1108 1445 1196 1489 (My.
1234 1445 1314 1480 Em.
1345 1444 1430 1487 408)
1470 1446 1512 1478 14
1546 1445 1716 1479 omnibus

292 1501 475 1545 supplicia
512 1503 553 1535 18
578 1502 717 1536 institit
748 1502 859 1544 XXI,
898 1503 919 1535 2
955 1513 1146 1536 servorum
1183 1502 1223 1523 *ss
1261 1502 1322 1546 qui
1349 1501 1520 1545 (Fulvius
1560 1501 1718 1537 Ursinus

291 1557 493 1592 certissima
520 1558 768 1593 emendatione
793 1571 837 1594 er
861 1559 1024 1603 vestiatis
1049 1559 1212 1593 codicum
1237 1559 1356 1601 ducta,
1386 1559 1428 1593 in
1452 1570 1560 1603 quam
1584 1559 1659 1603 ipse
1684 1570 1716 1594 a.

291 1615 384 1649 1876
419 1615 554 1651 incidi,
591 1626 701 1659 quum
736 1616 828 1651 mihi
860 1616 1003 1650 iuvenis
1040 1616 1180 1651 amicus
1215 1616 1349 1651 codicis
1381 1616 1408 1651 S
1435 1617 1642 1662 scripturas
1673 1627 1718 1651 ea:

291 1671 467 1706 Rhenani
490 1673 589 1707 notis
613 1673 794 1707 recitaret.
858 1672 945 1709 Cum
981 1674 1287 1717 contemptissimo
1311 1684 1497 1708 servorum
1533 1674 1717 1708 venalium

286 1739 416 1773 yenere
441 1729 718 1773 coniunguntur
754 1730 876 1773 liberi,
914 1730 977 1775 qui
1013 1741 1049 1764 se
1087 1730 1244 1765 mercede
1280 1731 1429 1766 lanistis
1465 1730 1716 1765 auctorabant.

293 1784 411 1829 Quam
429 1786 548 1829 facilc
573 1797 643 1821 voass
660 1788 830 1832 propria,
856 1787 917 1822 secl
948 1788 1074 1822 rarior
1106 1790 1141 1822 et
1163 1788 1330 1823 librariis
1365 1788 1492 1832 iynota
1527 1788 1569 1822 in
1605 1799 1716 1823 causa

288 1843 427 1877 mutari
446 1843 623 1887 potuerit,
649 1846 831 1888 apparet.)
867 1845 887 1878 5
912 1848 1022 1888 pacto
1048 1846 1146 1887 (Em.
1173 1847 1236 1890 57‚·
1260 1846 1292 1880 si
1313 1845 1444 1880 Livius
1467 1848 1578 1889 pacto
1603 1845 1715 1890 scrip-

289 1899 404 1939 sisset,
442 1900 570 1934 saltem
595 1901 693 1935 inter
731 1913 768 1935 se
806 1902 994 1936 omisisset.
1028 1904 1148 1945 1863.)
1197 1905 1217 1936 7
1242 1905 1353 1936 aetate
1391 1906 1470 1936 erat
1505 1900 1633 1944 XXII,
1674 1902 1716 1935 12

289 1956 417 2000 egredi
442 1957 624 1991 moenibus
642 1960 683 1992 13
699 1958 829 1993 ordine
854 1959 930 1993 ullo
958 1958 1106 2001 XXIII,
1136 1961 1151 1993 1
1181 1959 1435 1994 dimicantium
1467 1959 1508 1981 **
1533 1959 1613 1993 iure
1639 1985 1646 1992 .
1673 1985 1680 1992 .
1708 1985 1715 1992 .

288 2013 499 2047 edebantur
512 2014 597 2058 (My.
614 2015 716 2056 1882,
729 2014 977 2058 supplemento
993 2018 1027 2049 et
1038 2016 1259 2051 correctione
1273 2016 1467 2060 probabili,
1494 2027 1568 2050 non
1592 2016 1715 2060 certa.)

292 2069 437 2112 XXIV,
465 2073 486 2104 9
511 2071 684 2104 instituto
711 2082 752 2106 ac
778 2070 910 2115 XXV,
947 2074 968 2106 3
994 2073 1162 2117 stupenti
1186 2074 1239 2107 ita
1265 2073 1440 2108 seditioni
1480 2074 1521 2107 10
1557 2073 1716 2118 carptim

288 2129 414 2171 partes
443 2128 485 2161 14
509 2128 668 2161 facunda
693 2128 837 2163 XXVI.
864 2130 884 2162 3
912 2132 993 2163 orta
1018 2130 1127 2174 culpa
1153 2131 1194 2163 13
1227 2142 1248 2164 a
1279 2130 1399 2174 portis
1426 2130 1557 2165 armati
1583 2130 1715 2164 inermi

294 2194 333 2217 se
367 2184 533 2218 contioni
571 2184 744 2228 XXVII,
786 2188 806 2219 6
832 2197 931 2228 essc3
969 2187 1132 2221 libenter
1158 2186 1330 2232 (Interp.)
1370 2189 1411 2221 16
1448 2187 1591 2231 lapides
1619 2186 1713 2231 (My.

289 2241 396 2275 1882.
464 2242 621 2276 VVesenb.
662 2242 860 2286 lapidibus,
898 2245 990 2278 recte
1038 2244 1231 2288 disputans
1278 2243 1375 2289 apud
1412 2243 1561 2278 Isivium
1606 2244 1712 2287 atque

288 2297 399 2332 etiam
450 2298 547 2343 apud
594 2299 801 2334 Ciceronem
858 2302 894 2334 et
934 2300 1101 2335 Plinium
1143 2312 1282 2346 semper
1326 2301 1399 2336 diei
1440 2305 1557 2344 terra,
1606 2301 1715 2343 lacte,

291 2356 495 2399 sanguine,
534 2355 720 2400 lapidibus
754 2356 898 2400 pluere,
931 2367 1122 2401 nimquam
1163 2361 1316 2400 terram,
1343 2359 1400 2392 lac
1435 2359 1515 2402 cet.)
1572 2358 1577 2401 1
1631 2359 1717 2391 sunt

289 2410 479 2455 XXVIII,
520 2413 558 2446 11
586 2412 708 2457 fragili
735 2413 818 2446 huic
846 2415 887 2447 12
913 2415 1010 2448 elata
1034 2415 1164 2458 populi
1195 2415 1356 2449 Romani
1393 2417 1492 2449 esset
1524 2413 1635 2459 (quod
1659 2425 1714 2448 re-

288 2469 428 2512 ceptum
452 2469 630 2513 oportuit)
656 2468 801 2511 XXIX,
829 2471 843 2503 1
875 2471 991 2512 dolor,
1020 2482 1100 2514 quae
1122 2470 1248 2514 (Gron.
1275 2483 1292 2506 e
1315 2471 1477 2516 vestigiis
1498 2471 1562 2514 Pi.)
1589 2470 1710 2513 XXX,

288 2526 308 2557 5
335 2525 452 2567 (Fort.
478 2526 581 2561 scrib.
609 2536 718 2570 quam
753 2527 932 2561 triremes.
960 2528 1080 2569 1863.)
1129 2529 1149 2561 9
1185 2528 1394 2569 invehebat,
1431 2531 1472 2562 ut
1508 2528 1713 2573 fugientem

288 2580 450 2625 XXXII,
489 2585 509 2616 7
547 2583 721 2627 auspiciis
759 2584 780 2616 8
818 2583 1094 2628 expeditionem
1129 2584 1287 2618 attineat
1316 2584 1496 2627 XXXIV,
1525 2586 1565 2618 10
1590 2583 1643 2627 (Ο.
1670 2584 1711 2619 F.
