1789 2955
528 93 644 128 Liber
668 92 813 128 XXIX.
864 94 925 138 (A.
953 93 1017 128 Oh.
1043 95 1138 138 204.)
1457 97 1534 136 197

108 224 217 262 tibus
246 221 568 273 primoribusque
599 235 734 259 earum
752 221 995 259 coloniarum
1027 221 1207 259 consules
1239 234 1360 271 quum
1390 221 1538 259 milites

110 295 438 346 stipendiumque
454 294 726 344 imperassent,
758 292 829 330 alii
855 293 946 330 aliis
971 293 1098 342 magis
1121 306 1304 330 recusare
1336 307 1380 330 ac
1410 293 1534 331 recla-

111 380 240 414 mare,
271 379 418 416 negare
448 368 605 403 tantum
637 365 809 402 militum
841 363 945 401 effici
975 378 1109 415 posse3
1154 365 1243 412 vix,
1289 365 1322 402 si
1354 365 1539 415 simplum
1560 365 1610 403 12

109 453 157 477 ex
187 438 356 477 formula
388 437 618 487 imperetur,
644 437 843 483 enisuros3
875 449 988 474 orare
1012 440 1131 486 atque
1149 437 1368 483 obsecrare,
1393 440 1438 474 ut
1461 436 1540 474 sibi
1562 436 1611 474 13

109 514 291 549 senatum
322 510 434 548 adire
466 523 510 547 ac
543 508 747 559 deprecari
793 507 951 555 liceret3
995 508 1099 545 nihil
1129 522 1190 556 se,
1234 522 1359 558 quare
1404 509 1537 559 perire

107 583 252 621 merito
284 582 485 628 deberent,
517 581 743 627 admisisse3
789 579 858 617 sed
904 580 937 617 si
984 580 1230 630 pereundum
1277 580 1394 618 etiam
1425 581 1539 627 foret,

108 667 240 705 neque
272 667 386 691 suum
419 653 608 691 delictum
647 665 775 702 neque
820 652 918 689 iram
958 653 1096 702 populi
1126 652 1316 700 Romani,
1361 656 1406 690 ut
1451 653 1541 703 plus

107 726 283 764 militum
316 725 478 775 darent,
525 739 642 776 quam
689 723 902 771 haberent,
947 737 1061 774 posse
1107 724 1274 763 efficere.
1352 724 1544 763 Consules
1565 723 1616 760 14

107 798 301 837 obstinati
326 798 480 848 legatos
504 811 662 835 manere
678 796 816 834 Romae
843 796 991 843 iubent,
1022 797 1282 847 magistratus
1315 798 1372 834 ire
1404 797 1541 835 domos

107 871 160 909 ad
177 871 348 908 dilectus
365 869 585 916 habendos;
618 868 697 906 nisi
714 881 866 906 summa
883 869 1065 915 militum,
1099 883 1186 919 quae
1213 870 1408 920 imperata
1426 872 1540 915 esset,

105 942 274 981 Romam
307 941 491 989 adducta,
523 941 723 978 neminem
750 941 800 978 iis
835 944 1015 978 senatum
1034 942 1228 978 daturum.
1284 942 1348 979 Ita
1372 941 1538 992 praecisa
1557 939 1606 977 15

106 1028 176 1065 spe
207 1018 387 1053 senatum
419 1013 594 1051 adeundi
622 1012 954 1063 deprecandique,
987 1014 1159 1052 dilectus
1191 1015 1233 1052 in
1258 1014 1307 1051 iis
1333 1013 1542 1051 duodecim

107 1086 289 1134 coloniis,
319 1100 392 1136 per
415 1087 575 1135 longam
600 1085 849 1123 vacationem
867 1098 1030 1123 numero
1048 1086 1246 1123 iuniorum
1275 1089 1402 1132 aucto,
1433 1085 1540 1123 haud

110 1157 332 1196 difficulter
363 1161 424 1196 est
452 1158 664 1209 perfectus.

218 1230 366 1269 Altera
398 1230 494 1268 item
525 1244 606 1277 res,
651 1243 776 1280 prope
823 1243 933 1279 aeque
980 1230 1099 1280 longo
1144 1230 1326 1279 neglecta
1368 1229 1540 1277 silentio,
1626 1225 1677 1273 16

106 1303 234 1341 relata
265 1317 287 1340 a
317 1302 376 1342 M.
397 1301 560 1340 Valerio
577 1301 742 1339 Laevino
777 1304 847 1349 est,
878 1302 948 1352 qui
971 1302 1142 1352 privatis
1167 1303 1335 1340 collatas
1353 1302 1541 1352 pecunias

114 1388 155 1412 se
187 1387 231 1412 ac
262 1373 317 1412 M.
335 1374 506 1412 Claudio
538 1374 767 1412 consulibus
799 1373 915 1412 reddi
938 1373 1098 1412 tandem
1126 1388 1280 1425 aequum
1313 1388 1399 1412 esse
1424 1375 1543 1421 dixit3

114 1459 186 1484 nec
216 1446 357 1483 mirari
389 1459 626 1496 quemquam
658 1445 816 1493 debere,
848 1447 889 1483 in
922 1446 1083 1496 publica
1114 1447 1295 1497 obligata
1325 1447 1403 1485 fide
1434 1446 1585 1484 suam2

109 1519 354 1569 praecipuam
387 1532 521 1556 curam
554 1532 656 1565 esse;
696 1532 786 1556 nam
825 1522 1093 1569 praeterquam
1125 1520 1232 1569 quod
1264 1519 1420 1570 aliquid
1453 1533 1543 1570 pro-

107 1591 195 1641 prie
227 1590 278 1629 ad
311 1591 510 1628 consulem
538 1591 621 1628 eius
647 1591 751 1637 anni,
784 1604 862 1640 quo
892 1591 1047 1628 collatae
1077 1592 1256 1641 pecuniae
1283 1596 1424 1639 essent,
1457 1606 1543 1642 per-

107 1663 266 1713 tineret,
300 1663 419 1701 etiam
454 1677 493 1700 se
525 1666 726 1701 auctorem
758 1663 816 1700 ita
847 1663 1076 1700 conferendi
1101 1663 1233 1711 fuisse,
1265 1665 1375 1715 inopi
1402 1665 1542 1702 aerario

108 1747 182 1773 nec
213 1735 331 1785 plebe
363 1734 414 1772 ad
443 1734 641 1772 tributum
672 1734 905 1773 sufficiente.
966 1733 1093 1772 Grata
1123 1749 1168 1773 ea
1198 1737 1380 1786 patribus
1408 1736 1539 1775 admo·
1558 1736 1581 1774 3

108 1806 210 1844 nitio
241 1806 337 1853 fuit;
369 1807 567 1857 iussisque
592 1807 741 1845 referre
766 1807 1007 1855 consulibus,
1039 1807 1313 1855 decreverunt,
1344 1812 1389 1846 ut
1413 1809 1544 1847 tribus

107 1878 369 1929 pensionibus
401 1892 447 1917 ea
476 1879 647 1929 pecunia
676 1879 914 1926 solveretur;
945 1880 1116 1930 primam
1140 1885 1378 1930 praesentem
1402 1882 1442 1928 ii,
1474 1882 1543 1932 qui

106 1953 192 1988 tum
223 1955 365 1998 essent,
399 1951 497 1988 duas
527 1951 641 1989 tertii
672 1955 710 1990 et
741 1952 872 2002 quinti
903 1952 1082 1990 consules
1113 1956 1380 1991 numerarent.

221 2021 368 2060 Omnes
400 2022 544 2060 deinde
576 2023 675 2061 alias
707 2038 821 2062 curas
853 2037 931 2061 una
963 2024 1184 2075 occupavit,
1215 2028 1426 2075 postquam
1458 2025 1534 2063 Lo·
1553 2026 1578 2063 4

110 2095 310 2132 crensium
327 2095 473 2146 clades,
502 2108 589 2145 quae
606 2096 800 2144 ignoratae
825 2096 876 2134 ad
893 2110 977 2133 eam
994 2096 1098 2134 diem
1114 2097 1285 2147 fuerant,
1317 2097 1543 2146 legatorum

113 2166 290 2204 adventu
320 2167 494 2216 vulgatae
526 2171 638 2215 sunt;
682 2181 755 2206 nec
800 2171 881 2206 tam
912 2168 1104 2206 Pleminii
1152 2169 1280 2206 scelus
1312 2182 1427 2219 quam
1461 2168 1544 2208 Sci·
1563 2169 1586 2206 5

111 2239 246 2289 pionis
277 2240 318 2277 in
350 2252 395 2277 eo
427 2242 497 2278 aut
536 2240 700 2278 ambitio
734 2244 801 2278 aut
831 2241 1080 2291 negligentia
1103 2241 1182 2279 iras
1219 2241 1423 2279 hominum
1454 2241 1542 2279 irri-

108 2311 224 2349 tavit.
270 2310 419 2350 Decem
452 2312 578 2361 legati
611 2311 885 2360 Locrensium,
917 2313 1039 2350 obsiti
1065 2314 1249 2363 squalore
1281 2318 1319 2351 et
1350 2313 1545 2362 sordibus,
1564 2315 1587 2351 6

110 2382 152 2421 in
186 2383 348 2422 comitio
379 2383 612 2421 sedentibus
645 2384 875 2422 consulibus
898 2385 1121 2424 velamenta
1147 2386 1383 2436 supplicum,
1413 2400 1543 2425 ramos

107 2454 216 2502 oleae,
247 2458 292 2492 ut
323 2454 477 2493 Graecis
509 2469 592 2494 mos
623 2459 694 2506 est,
726 2457 990 2507 porrigentes,
1021 2461 1114 2495 ante
1143 2457 1323 2496 tribunal
1356 2472 1442 2496 cum
1473 2458 1540 2496 fle-

106 2525 184 2564 bili
201 2527 486 2566 vociferatione
510 2528 620 2565 humi
647 2529 959 2578 procubuerunt.
1005 2529 1287 2577 Quaerentibus
1314 2530 1544 2569 consulibus
1563 2532 1584 2567 7

105 2597 329 2637 Locrenses
361 2612 401 2637 se
433 2599 624 2638 dixerunt
656 2614 751 2648 esse,
784 2614 829 2639 ea
859 2614 999 2651 passos
1041 2616 1063 2639 a
1094 2602 1141 2649 Q.
1172 2601 1369 2640 Pleminio
1407 2602 1541 2652 legato

108 2670 379 2722 Romanisque
416 2672 624 2720 militibus,
657 2685 745 2723 quae
782 2673 868 2724 pati
912 2687 961 2710 ne
993 2672 1344 2723 Carthaginienses
1381 2673 1541 2724 quidem
