1789 2955
260 71 339 108 176
619 67 735 102 Liber
760 67 952 104 XXVIII.
1002 69 1064 112 (A.
1091 80 1126 103 u.
1153 79 1182 103 c.
1211 71 1304 113 549.)

258 193 391 242 palam
423 193 464 230 in
497 198 636 232 senatu
667 195 840 246 diceret,
873 196 1175 246 permitteretne
1205 197 1408 246 patribus,
1453 203 1500 236 ut
1529 199 1578 236 de
1607 213 1698 249 pro-

258 264 404 302 vinciis
421 265 691 313 decernerent,
724 271 980 318 staturusque
1006 282 1050 305 eo
1076 272 1191 317 esset,
1224 268 1331 318 quod
1356 270 1616 320 censuissent,
1648 285 1698 308 an

212 335 303 372 3ad
334 337 528 386 populum
561 338 727 376 laturus.
777 339 906 387 Quum
940 339 1078 390 Scipio
1125 340 1420 390 respondisset,
1453 355 1505 388 se,
1538 343 1645 392 quod
1678 357 1697 381 e

209 408 233 443 4
252 421 294 444 re
326 408 490 458 publica
521 414 634 457 esset,
666 411 877 457 facturum,
908 416 994 449 tum
1026 413 1214 450 Fulvius:
1266 413 1381 459 „Non
1413 427 1486 462 ego
1519 415 1696 465 ignarus,

257 480 354 528 quid
392 494 657 530 responsurus
688 483 916 521 facturusve
941 497 1055 529 esseS‚
1087 485 1265 534 quaesivi,
1297 486 1447 535 quippe
1472 499 1593 535 quum
1615 501 1698 537 prae

256 555 294 588 te
326 552 450 599 feras,
495 557 653 591 tentare
698 558 738 592 te
771 556 896 604 inagis
943 569 1061 605 quam
1094 557 1300 594 consulere
1331 562 1530 605 senatum,
1564 563 1624 607 et,
1654 561 1697 597 ni

255 625 506 673 provinciam
524 627 614 672 tibi,
641 641 759 676 quam
776 628 964 675 volueris,
997 628 1197 678 extemplo
1217 628 1488 676 decernamus,
1517 636 1697 680 paratam

209 695 232 731 5
252 697 499 745 rogationem
531 698 692 736 habeas.
753 699 898 749 Itaque
931 714 953 737 a
984 701 1110 747 vobis,
1140 700 1295 738 tribuni
1334 702 1475 751 plebis,
1506 704 1693 752 postulo“

255 769 399 818 inquit,
435 774 505 816 „ut
536 772 773 809 sententiam
805 771 904 809 mihi
935 772 1026 810 ideo
1058 786 1136 809 non
1169 772 1339 819 dicenti,
1371 774 1499 822 quod,
1547 775 1623 812 etsi
1654 776 1696 812 in

254 855 381 877 meam
414 843 653 880 sententiam
682 844 923 891 discedatur,
955 858 1034 882 non
1061 845 1113 881 sit
1140 848 1271 882 ratum
1303 845 1514 883 habiturus
1547 848 1697 895 consul,

208 912 230 947 6
251 913 405 951 auxilio
423 914 549 951 sitis.“
584 915 687 953 Inde
705 917 917 953 altercatio
937 921 1037 963 orta,
1056 930 1176 966 quum
1196 917 1330 954 consu]
1359 921 1523 965 negaret
1540 931 1696 968 aequum

255 999 349 1031 esse,
380 986 566 1024 tribunos
598 988 859 1035 intercedere,
892 1002 970 1038 quo
990 990 1122 1026 minus
1141 1002 1211 1026 suo
1237 989 1405 1038 quisque
1432 990 1518 1028 loco
1536 994 1696 1028 senator

210 1057 415 1105 Trogatus
462 1060 701 1097 sententiam
749 1061 912 1100 diceret.
976 1061 1151 1099 Tribuni
1192 1062 1247 1098 ita
1294 1061 1575 1099 decreverunt:
1626 1061 1697 1109 „Si

255 1130 393 1167 consul
425 1132 579 1168 senatui
613 1132 661 1169 de
692 1134 911 1182 provinciis
943 1135 1156 1184 permittit,
1190 1134 1289 1171 stari
1316 1147 1372 1181 eo,
1404 1133 1512 1183 quod
1538 1137 1697 1172 senatus

254 1203 463 1249 censuerit,
495 1204 642 1253 placet,
674 1218 745 1242 nec
779 1205 827 1242 de
861 1219 905 1243 ea
936 1220 978 1243 re
1016 1208 1113 1245 ferri
1159 1206 1209 1242 ad
1252 1207 1446 1256 populum
1477 1206 1698 1256 patiemur;

252 1275 286 1311 si
318 1289 396 1312 non
428 1277 640 1326 permittit,
672 1278 741 1326 qui
773 1277 821 1314 de
855 1292 899 1315 ea
937 1293 980 1317 re
1011 1279 1251 1318 sententiam
1296 1279 1503 1316 recusabit
1548 1278 1696 1326 dicere,

215 1346 238 1382 S
257 1348 409 1385 auxilio
444 1349 627 1386 erimus.“
693 1348 842 1387 Consul
875 1349 980 1387 diem
1012 1350 1061 1387 ad
1093 1351 1402 1400 colloquendum
1429 1364 1515 1388 cum
1542 1351 1696 1400 collega

252 1420 383 1469 petiit.
443 1420 613 1458 Postero
662 1422 726 1459 die
764 1422 1002 1472 permissum
1034 1423 1191 1460 senatui
1237 1427 1307 1460 est.
1368 1422 1595 1460 Provinoiae
1639 1423 1696 1460 ita

253 1491 441 1529 decretae:
476 1493 594 1530 alteri
612 1494 769 1531 consuli
788 1493 929 1532 Sicilia
961 1497 1000 1531 et
1029 1495 1200 1544 triginta
1223 1498 1404 1532 rostratae
1432 1508 1565 1542 naves,
1596 1509 1694 1544 quas

254 1563 296 1600 O.
337 1562 535 1602 Servilius
581 1566 788 1615 superiore
820 1579 922 1603 anno
955 1566 1184 1615 habuisset3
1216 1567 1546 1616 permissumque,
1577 1572 1622 1604 ut
1652 1569 1693 1605 in

207 1637 228 1671 9
249 1636 452 1685 Africam,
487 1637 520 1674 si
552 1637 594 1674 id
626 1651 647 1675 e
678 1652 721 1675 re
766 1638 930 1688 publica
962 1652 1047 1676 esse
1080 1643 1267 1685 censeret,
1299 1639 1526 1685 traiiceret;
1574 1640 1694 1677 alteri

251 1709 406 1746 Bruttii
438 1713 477 1747 et
507 1710 659 1747 bellum
706 1723 793 1747 cum
826 1710 1077 1758 Hannibale,
1119 1725 1205 1749 cum
1253 1725 1297 1748 eo
1346 1711 1544 1757 exercitu,
1578 1725 1695 1761 quem

254 1782 398 1819 mallet
430 1793 477 1819 ex
510 1783 681 1829 duobus,
713 1785 784 1830 qni
814 1784 873 1820 iba·
904 1787 1049 1821 essent.
1098 1783 1143 1820 L.
1163 1783 1357 1821 Veturius
1382 1787 1421 1821 et
1438 1783 1485 1831 Q.
1504 1783 1692 1821 Caecilius

251 1853 493 1890 sortirentur
525 1854 632 1891 inter
663 1868 703 1891 se
736 1859 1080 1905 compararentve,
1129 1860 1218 1893 uter
1259 1856 1301 1892 in
1332 1856 1505 1893 Bruttiis
1537 1855 1693 1893 duabus

179 1926 489 1974 lOlegionibUS,
523 1940 621 1975 quas
654 1928 793 1964 consul
817 1927 1060 1977 reliquisset,
1092 1942 1174 1965 rem
1200 1931 1368 1977 gereret,
1399 1928 1693 1977 imperiumque

253 1998 294 2034 in
327 2012 473 2036 annum
492 2003 791 2048 prorogaretur,
824 1999 890 2036 cui
915 2013 962 2037 ea
984 2000 1193 2050 provincia
1218 2000 1425 2037 evenisset.
1456 1999 1511 2037 Et
1534 2000 1692 2046 ceteris,

251 2075 400 2121 praeter
432 2071 614 2109 consules
655 2074 946 2121 praetoresque,
993 2072 1063 2121 qui
1103 2072 1347 2109 exercitibus
1392 2072 1694 2122 provinciisque

178 2143 225 2180 11
247 2143 462 2192 praefuturi
495 2146 619 2189 erant,
652 2148 870 2193 prorogata
902 2145 1082 2194 imperia.
1143 2144 1190 2192 Q.
1218 2143 1384 2182 Oaecilio
1417 2145 1517 2182 sorti
1549 2144 1693 2191 evenit,

250 2219 295 2252 ut
336 2229 424 2253 cum
471 2215 633 2252 consule
679 2216 719 2252 in
767 2216 941 2253 Bruttiis
987 2217 1178 2254 adversus
1225 2216 1496 2254 Hannibalem
1541 2216 1692 2254 bellum

251 2290 419 2336 gereret.

184 2359 230 2395 12
365 2359 474 2396 Ludi
505 2360 650 2397 deinde
676 2359 882 2409 Scipionis
914 2374 1058 2409 magna
1089 2361 1318 2410 frequentia
1349 2364 1389 2397 et
1418 2360 1552 2397 favore
1582 2373 1691 2409 spec-

250 2433 420 2469 tantium
469 2432 672 2470 celebrati.
746 2432 892 2481 Legati
938 2432 1121 2481 Delphos
1167 2432 1217 2470 ad
1263 2432 1409 2469 donum
1465 2445 1512 2469 ex
1556 2431 1693 2482 praeda

251 2504 524 2541 Hasdrubalis
569 2504 811 2554 portandum
858 2504 969 2541 missi
1014 2504 1070 2542 M.
1111 2504 1358 2554 Pomponius
1388 2503 1529 2541 Matho
1575 2507 1615 2541 et
1646 2504 1691 2550 Q.

252 2575 401 2613 (Tatius.
448 2576 647 2613 Tulerunt
678 2589 862 2614 coronam
897 2590 1056 2613 auream
1089 2576 1303 2612 ducentum
1336 2575 1470 2625 pondo
1496 2578 1535 2613 et
1573 2576 1691 2613 simu-

251 2647 358 2685 lacra
390 2648 613 2697 spoliorum
645 2661 693 2685 ex
726 2648 836 2685 mille
867 2648 1002 2698 pondo
1034 2648 1190 2697 argenti
1220 2648 1335 2684 facta.
