1768 2943
234 56 314 97 136
658 54 761 84 Liber
782 53 909 84 XXIII.
947 52 1003 94 (A.
1026 63 1056 84 u.
1079 63 1107 83 c.
1129 52 1225 96 538.)

228 187 385 231 nuntio,
413 197 493 234 quo
511 184 746 221 Praenestini
772 196 926 233 paucos
951 189 1046 220 ante
1071 184 1172 229 dies,
1199 183 1418 221 Casilinum
1436 185 1647 233 compulsi.

163 255 215 296 12
230 258 281 293 Et
314 257 409 294 satis
443 256 568 292 ferme
601 260 845 291 armatorum
879 255 933 291 ad
966 260 1047 291 tam
1081 254 1225 304 exigua
1252 255 1402 291 moenia
1425 260 1464 291 et
1485 255 1649 292 flumine

229 328 354 364 altera
393 332 506 375 parte
545 326 677 362 cincta
710 325 863 361 tuenda
895 331 1000 369 erat;
1042 325 1210 374 penuria
1243 324 1443 370 frumenti,
1484 325 1648 362 nimium

230 398 351 434 etiam
384 403 426 434 ut
458 397 660 432 videretur
692 395 914 441 hominurn,
949 395 1164 432 efficiebat.

123 464 166 508 18
348 467 554 504 Hannibal
594 478 714 514 quum
748 466 827 502 iam
861 466 957 502 inde
990 466 1101 502 haud
1134 465 1273 513 procul
1307 470 1425 509 esset,
1467 465 1650 503 Gaetulos

229 552 318 577 cum
347 538 539 588 praefecto
564 537 730 573 nomine
756 536 884 573 Isalca
910 536 1111 585 praemittit
1136 548 1182 572 ac
1207 536 1350 585 primo,
1376 536 1407 573 si
1432 536 1500 573 fiat
1525 537 1649 573 collo-

229 609 309 658 quii
329 609 460 657 copia,
489 607 619 644 verbis
637 607 824 656 benignis
843 607 896 642 ad
916 612 1054 655 portas
1073 607 1319 655 aperiundas
1337 606 1651 655 praesidiumque

229 679 512 728 accipiendum
541 677 729 725 pellicere
758 678 881 722 iubet,
911 677 943 713 si
970 677 1011 713 in
1035 677 1258 725 pertinacia
1282 682 1474 725 perstent,
1505 678 1539 712 vi
1565 690 1649 714 rem

187 748 367 798 {derere
396 760 443 784 ac
471 753 640 793 tentare,
676 748 708 784 si
735 760 816 796 qua
845 753 958 796 parte
983 747 1177 783 invadere
1202 748 1341 784 urbem
1367 748 1508 796 possit.
1566 748 1648 785 Ubi

228 820 282 856 ad
307 819 457 856 moenia
486 830 709 863 accessere,
737 819 830 866 quia
849 818 1049 855 silentium
1068 823 1166 863 erat,
1193 818 1370 855 solitudo
1389 819 1492 863 visa:
1522 825 1649 856 metu-

228 902 306 938 que
331 901 571 926 concessum
597 889 792 925 barbarus
817 894 925 925 ratus
948 888 1077 924 moliri
1104 894 1243 936 portas
1261 894 1301 925 et
1319 889 1492 926 claustra
1508 889 1649 926 refrin-

187 958 323 1010 3gere
352 965 481 1009 parat,
513 971 633 1008 quum
661 959 874 1008 patefactis
900 965 1067 1008 repente
1093 960 1219 1007 portis
1245 960 1435 996 cohortes
1461 961 1564 1004 duae,
1595 961 1649 996 ad

227 1032 269 1067 id
296 1031 428 1080 ipsum
452 1031 654 1067 instructae
677 1030 798 1074 intus,
828 1030 981 1078 ingenti
1008 1042 1097 1066 cum
1121 1030 1290 1066 tumultu
1316 1036 1529 1079 erumpunt
1553 1036 1650 1066 stra-

184 1099 400 1150 4gemque
425 1101 600 1137 hostium
625 1100 789 1137 faciunt.
853 1100 913 1136 Ita
940 1101 1076 1149 primis
1101 1101 1284 1149 repulsis,
1319 1100 1530 1137 Maharbal
1559 1113 1648 1136 cum

226 1172 380 1209 maiore
404 1173 552 1208 robore
577 1171 750 1207 virorum
776 1171 919 1207 missus
945 1183 1020 1208 nec
1043 1171 1130 1220 ipse
1149 1171 1404 1220 eruptionem
1422 1171 1647 1207 cohortium

185 1240 212 1282 5
227 1242 425 1280 sustinuit.
474 1242 686 1278 Postremo
706 1240 926 1286 Hannibal,
947 1241 1086 1278 castris
1105 1247 1200 1278 ante
1218 1242 1306 1291 ipsa
1324 1242 1474 1278 moenia
1493 1241 1648 1290 positis,

226 1325 390 1362 parvam
419 1312 557 1348 urbem
588 1323 836 1360 parvumque
865 1312 1096 1360 praesidium
1127 1324 1284 1348 summa
1311 1312 1346 1348 vi
1373 1317 1494 1360 atque
1520 1311 1649 1348 omni·

226 1385 300 1420 bus
325 1383 452 1431 copiis
478 1394 716 1431 oppugnare
735 1388 862 1430 parat,
891 1394 938 1418 ac
957 1383 1053 1419 dum
1071 1382 1194 1419 instat
1212 1383 1467 1430 lacessitque,
1494 1394 1649 1418 corona

226 1454 406 1502 undique
425 1453 682 1490 circumdatis
700 1452 913 1496 moenibus,
933 1452 1087 1500 aliquot
1098 1453 1243 1489 milites
1255 1458 1294 1489 et
1306 1452 1650 1501 promptissimum

185 1523 210 1563 6
227 1536 428 1573 quemque
453 1536 475 1560 e
499 1535 613 1559 muro
640 1523 892 1570 turribusque
918 1523 1021 1560 ictos
1047 1523 1191 1560 amisit.
1241 1524 1373 1560 Semel
1399 1524 1501 1560 ultro
1520 1535 1649 1559 erum-

227 1600 371 1644 pentes
397 1594 560 1643 agmine
584 1593 893 1641 elephantorum
912 1594 1105 1642 opposito
1124 1606 1251 1643 prope
1270 1594 1503 1638 interclusit,
1531 1593 1651 1642 trepi-

204 1657 387 1713 'dosque
414 1663 608 1712 compulit
636 1663 677 1700 in
706 1664 859 1708 urbem,
890 1664 987 1700 satis
1012 1665 1144 1701 multis
1170 1670 1212 1701 ut
1236 1677 1284 1700 ex
1309 1669 1422 1701 tanta
1447 1664 1651 1713 paucitate

225 1735 467 1779 interfectis;
512 1735 645 1783 plures
685 1734 944 1778 cecidissent,
987 1735 1026 1771 ni
1066 1747 1147 1771 nox
1180 1735 1322 1784 proelio
1355 1735 1649 1770 intervenisset.

188 1803 398 1842 7P0stero
443 1806 509 1841 die
543 1805 723 1841 omnium
758 1804 880 1840 animi
914 1806 968 1841 ad
1002 1806 1325 1854 oppugnandum
1358 1805 1648 1849 accenduntur,

227 1876 364 1924 utique
405 1880 623 1924 postquam
657 1887 812 1911 corona
845 1887 967 1911 aurea
999 1876 1160 1912 muralis
1193 1875 1404 1924 proposita
1437 1880 1498 1911 est
1530 1880 1651 1922 atque

226 1947 313 1995 ipse
353 1947 434 1982 dux
475 1945 627 1982 castelli
660 1946 784 1994 plano
818 1946 910 1982 loco
944 1946 1064 1994 positi
1099 1958 1266 1994 segnem
1299 1945 1651 1994 oppugnationem

227 2017 396 2066 Sagunti
420 2016 764 2064 expugnatoribus
791 2017 1076 2064 exprobrabat,
1106 2016 1338 2052 Cannarum
1364 2014 1652 2052 Trasumenni-

187 2084 211 2126 8
228 2099 306 2136 que
335 2092 374 2123 et
399 2086 558 2123 Trebiae
584 2086 764 2134 singulos
790 2087 1020 2123 admonens
1045 2086 1349 2134 universosque.
1398 2085 1500 2121 Inde
1525 2085 1651 2121 vineae

228 2169 391 2206 quoque
418 2162 560 2205 coeptae
586 2157 650 2205 agi
669 2156 943 2205 cuniculique;
969 2169 1044 2193 nec
1063 2157 1117 2193 ad
1136 2156 1266 2192 varios
1286 2162 1457 2193 conatus
1475 2155 1650 2191 hostium

186 2226 211 2266 9
228 2233 296 2264 aut
320 2227 376 2264 vis
401 2227 480 2263 ulla
504 2231 572 2262 aut
598 2239 662 2263 ars
688 2227 830 2263 deerat
854 2227 974 2264 sociis
999 2228 1310 2272 Romanorum„
1341 2225 1651 2274 Propugnacula

228 2299 421 2334 adversus
447 2298 586 2334 vineas
614 2302 802 2341 statuere,
830 2298 1066 2334 transversis
1085 2297 1276 2334 cuniculis
1295 2297 1470 2333 hostium
1489 2295 1650 2332 cunicu-

227 2369 288 2405 los
308 2368 506 2417 excipere,
540 2374 580 2404 et
597 2368 731 2416 palam
750 2372 790 2403 et
808 2368 909 2404 clam
929 2369 1071 2416 coeptis
1090 2368 1250 2404 obviam
1268 2367 1337 2411 ire,
1364 2367 1500 2402 donec
1517 2366 1651 2414 pudor

229 2439 348 2475 etiam
374 2438 649 2475 Hannibalern
683 2437 734 2473 ab
767 2437 932 2486 incepto
958 2439 1111 2483 avertit,
1146 2437 1367 2485 castrisque
1393 2435 1649 2472 communitis

229 2521 274 2546 ac
318 2509 508 2558 praesidio
540 2508 707 2545 modico
741 2508 948 2556 imposito,
990 2521 1042 2545 ne
1075 2508 1226 2545 omissa
1258 2519 1321 2543 res
1355 2507 1567 2548 videretur,
1608 2506 1650 2542 in

228 2578 396 2615 hiberna
431 2579 614 2628 Capuam
649 2578 864 2616 concessit.
