1768 2943
952 92 982 122 X

257 219 288 249 g.
323 206 512 249 vulnerum)
550 209 552 249 ζ
587 207 798 248 (terrentium
835 208 869 239 C.
904 209 1116 249 Heusinger.
1157 210 1340 239 Edebatur
1373 210 1600 250 strepentium.
1642 212 1673 240 Ρ

258 265 477 307 trepentium)
501 265 523 299 8
548 265 792 306 (conglobabat
819 268 891 298 cod.
918 278 1009 298 unus
1034 278 1112 305 rea,
1139 268 1213 297 edd.
1239 271 1320 298 vett.
1347 268 1380 298 P
1402 272 1435 298 et
1454 268 1566 299 Drak.
1594 279 1669 300 con-

257 325 390 367 globat)
418 346 420 367 ,¹
451 325 580 355 animus
605 324 679 354 sine
704 326 802 355 uncis
826 324 915 365 (Mg.
944 326 1022 356 Em.
1049 325 1134 366 286)
1165 326 1223 363 VI,
1256 326 1278 357 3
1303 325 1501 367 (consulem,
1534 327 1597 365 En,
1624 327 1669 357 in-

259 384 330 425 quit
370 383 486 415 lVeiss.
526 384 558 414 Ρ
587 383 759 413 consulem
793 383 918 423 inquit;
957 384 1071 414 Drak.
1106 384 1242 423 Consul,
1277 395 1329 423 en,
1363 385 1485 426 inquit)
1517 385 1538 417 5
1570 395 1670 426 super

231 443 342 473 ‘alios
368 442 424 473 alii
451 453 468 472 e
493 444 577 472 coni.
628 441 717 483 (Aut
741 443 788 472 sic
813 446 876 472 aut
901 452 1000 483 super
1024 443 1124 473 alium
1152 442 1235 473 alius
1261 444 1478 474 scribendum
1506 443 1670 485 videtur.)

259 502 279 535 G
305 502 497 533 humeris-ve
523 507 653 532 exstare
678 500 800 541 (codd.
825 502 933 540 pauci
967 512 1048 531 recc.
1083 502 1115 531 P
1138 501 1306 531 umeribus
1333 502 1480 544 exstare)
1508 501 1550 534 1⁶2
1575 501 1669 543 (con-

260 561 335 591 iecti
362 562 436 591 edd.
465 564 556 597 vett„
587 560 683 589 Crev.
714 559 828 596 Codd„
854 558 968 590 Drak.
997 559 1157 601 coniecit)
1188 560 1265 597 VII,
1291 559 1313 592 3
1338 559 1510 601 (utrinque
1537 561 1671 591 notavit

259 621 327 650 lac.
356 620 484 659 Periz.)
521 618 542 650 4
568 618 718 658 (auctum
751 617 879 648 W'alclz.
919 619 951 649 Ρ
974 624 1113 649 austum.
1153 618 1338 648 Edebatur
1371 618 1535 650 haustum.
1591 620 1668 650 Em.

258 681 327 712 285
354 678 404 718 n.)
436 677 480 710 10
505 676 674 718 (distracti
707 676 857 719 lVoelffl.
885 688 902 707 e
928 678 972 708 P:
1001 676 1162 718 dispraeti.
1202 677 1315 707 Drak.
1343 677 1524 719 dispertitI)
1551 677 1594 710 13
1620 677 1669 719 (in

260 737 439 777 complexu
454 736 703 778 Alschefskius.
737 736 769 766 P
792 735 823 766 in
852 746 1033 777 conspexu,
1060 735 1188 776 reliqui
1212 739 1246 765 et
1268 735 1381 766 Drak.
1409 735 1442 766 in
1469 735 1670 777 conspectu)

319 795 375 825 filii
408 796 483 825 sine
515 794 613 825 uncis
637 794 771 835 ((Jncos
797 795 974 825 addendos
994 794 1139 834 putavit
1163 794 1208 824 H.
1236 795 1265 824 l.
1293 794 1474 836 Mueller.)
1522 795 1616 832 VIII,
1648 794 1670 827 3

258 854 306 895 (in
336 853 448 884 valido
474 853 587 883 Drak.
619 852 719 884 Codd.
741 853 1020 893 praepositionem
1047 852 1128 894 om.)
1153 852 1173 885 4
1192 852 1373 893 (incideret
1392 853 1465 893 Mg.
1485 854 1564 884 Em.
1589 857 1668 887 288.

262 913 376 950 Codd.,
397 912 510 942 Drak.
539 911 711 953 inciderit)
743 912 764 945 5
790 911 865 954 [nec
893 912 1090 943 dictatorem
1117 911 1244 952 populo
1271 921 1384 942 creare
1410 911 1553 953 poterat]
1580 910 1667 954 (Mg.

260 972 337 1002 Em.
358 974 436 1004 286.
464 971 495 1001 P
518 981 579 1002 nec
606 970 806 1002 dictatorem
833 971 960 1012 populo
981 981 1105 1001 creare.
1135 971 1248 1001 Drak.
1268 981 1329 1001 nec
1349 969 1548 1001 dictatorem
1567 981 1669 1011 popu·

260 1031 310 1061 lus
343 1040 465 1061 creare.
523 1029 674 1072 l‘Voelffl.
708 1030 861 1070 scripsit:
901 1040 963 1061 nec
999 1031 1195 1060 dictatorem
1229 1033 1355 1070 praetor
1387 1040 1501 1060 creare
1528 1035 1669 1070 poterat,

259 1091 320 1121 sed
345 1089 653 1120 incommodissime
677 1090 731 1119 liic
757 1099 870 1120 creare
898 1093 931 1119 et
956 1089 1083 1120 creavit
1109 1088 1240 1128 duplici
1263 1088 1466 1128 significatu
1494 1089 1536 1118 de
1561 1089 1668 1128 magi-

260 1153 375 1179 stratu
402 1148 538 1179 comitia
565 1149 713 1179 habente
739 1152 772 1178 et
796 1150 838 1178 de
857 1149 990 1189 populo
1008 1148 1341 1190 suffragiafercnte
1358 1147 1496 1184 dicitur,
1524 1150 1556 1176 et
1573 1158 1670 1177 nemo

261 1212 339 1238 erat
371 1209 431 1238 illo
465 1210 618 1247 tempore
649 1208 712 1248 qui
740 1208 877 1238 comitia
910 1208 1056 1238 haberet
1085 1208 1159 1238 nisi
1181 1208 1310 1248 alsquis
1337 1217 1353 1236 e
1373 1205 1612 1247 praetoribus.)
1651 1205 1669 1238 ’ἶ

259 1266 337 1307 (pro
370 1267 452 1297 urbe
484 1276 522 1297 ac
549 1266 728 1306 penatibus
754 1266 874 1297 Fabri.
925 1267 956 1297 Ρ
979 1277 1018 1297 ac
1044 1265 1230 1307 paenatibus
1256 1276 1318 1306 pro
1344 1265 1437 1295 urbe.
1489 1264 1600 1294 Drak.
1628 1264 1670 1295 ad

260 1331 401 1366 penates
428 1335 490 1366 pro
516 1324 615 1367 urbe)
649 1325 707 1364 IX,
735 1324 756 1357 2
783 1325 927 1356 coloniae
954 1325 1043 1356 haud
1070 1325 1168 1356 nimis
1193 1334 1355 1365 prospere
1381 1322 1469 1366 (Mg.
1487 1323 1563 1354 Em.
1590 1326 1669 1357 289.

261 1385 291 1415 [¹
314 1384 456 1415 colonIae
482 1384 572 1414 haud
599 1384 873 1425 minueprospere
899 1384 1128 1426 similiterque
1156 1384 1183 1414 C
1204 1387 1237 1414 et
1260 1383 1322 1425 M)
1353 1383 1374 1415 ἶ)
1399 1382 1537 1424 (quietis
1563 1384 1669 1413 Gron.

256 1450 323 1484 pro
351 1443 471 1484 quieti)
497 1443 518 1476 6
543 1442 655 1484 (factis
677 1448 745 1483 pro
772 1443 856 1474 actis
878 1444 996 1482 Gron.,
1024 1443 1103 1474 Em.
1122 1442 1207 1484 289)
1232 1442 1253 1475 9
1279 1442 1377 1484 (Non
1395 1442 1674 1481 improbabiliter

260 1503 460 1533 Rubenius:
492 1501 582 1543 quod
609 1526 616 1532 .
638 1525 672 1532 ..
700 1508 812 1532 votum
847 1508 924 1534 ante
957 1502 1072 1544 foret.)
1121 1503 1162 1539 X,
1200 1501 1215 1533 1
1251 1500 1466 1542 (consulente
1493 1500 1672 1541 collegium

260 1567 404 1603 praetore
423 1561 575 1601 Lipsius.
611 1561 688 1591 Pet
706 1561 819 1591 Drak.
848 1562 1044 1592 consulente
1071 1561 1217 1601 collegio
1245 1558 1442 1602 praetorum)
1470 1559 1491 1592 2
1515 1559 1674 1600 (iubeatis

262 1621 331 1651 haec
359 1620 406 1650 sic
434 1620 504 1651 fieri
526 1621 762 1660 probabiliter
786 1621 980 1650 Aubertius
1006 1621 1042 1650 in
1068 1631 1150 1650 ann.
1173 1620 1298 1659 philol.
1326 1619 1420 1649 Dan.
1444 1619 1504 1649 IX
1522 1623 1556 1658 p.
1580 1617 1674 1659 176.)

288 1684 289 1723 i
320 1679 516 1720 proximum,
545 1679 636 1709 sicut
659 1679 758 1709 velim
786 1689 859 1709 eam
886 1689 960 1710 esse
987 1679 1123 1715 salvam,
1151 1683 1285 1709 servata
1312 1677 1372 1709 erit
1399 1689 1415 1707 e
1433 1677 1517 1708 coni.
1537 1677 1672 1717 Haupt.

261 1743 293 1769 el
325 1739 441 1769 Ursin.
469 1738 559 1779 (Mg.
587 1738 664 1768 Em.
692 1740 771 1771 290.
810 1739 843 1768 Ρ
877 1738 1064 1779 proximum
1090 1738 1386 1777 sicuelimeamque
1413 1737 1538 1767 saluam
1566 1746 1673 1766 serua-

262 1798 355 1828 uerit.
396 1797 509 1827 Drak.
536 1797 736 1837 proximum,
770 1797 855 1827 sicut
883 1797 981 1828 velim
1007 1807 1091 1834 eam,
1119 1797 1213 1827 salva
1239 1801 1373 1827 servata
1399 1794 1478 1836 erit)
1508 1794 1510 1831 i
1539 1794 1673 1835 (Codd.,

264 1857 375 1887 Drak.
407 1856 500 1886 hisce
526 1855 664 1892 duellis;
692 1855 807 1886 datum
835 1855 960 1886 donum
987 1855 1059 1886 duit
1085 1866 1117 1896 p.
1145 1855 1184 1885 R.
1214 1855 1268 1894 Q.‚
1295 1853 1385 1895 quod
1413 1853 1559 1884 duellum
1579 1863 1611 1893 p.
1634 1853 1672 1883 R.

261 1925 288 1946 c.
317 1915 354 1945 C.
382 1925 422 1952 e.,
540 1914 587 1945 cis
613 1915 719 1955 Alpes
752 1919 838 1951 sunt,
872 1913 962 1954 quod
995 1924 1054 1944 ver
1085 1918 1144 1944 cet.
1196 1914 1291 1954 Lips.
1326 1916 1359 1942 et
1383 1912 1456 1953 Mg.
1491 1911 1576 1953 (tum
1606 1916 1673 1952 pro

262 1972 392 2014 datum)
411 1973 488 2003 Em.
508 1972 592 2015 290)
630 1972 650 2006 6
676 1972 718 2014 (si
746 1972 891 2010 antidea,
919 1983 956 2003 ac
979 1978 1112 2003 senatus
1140 1996 1146 2002 .
1168 1996 1174 2002 .
1196 1996 1201 2002 .
1230 1972 1311 2009 fieri,
1339 1971 1461 2002 faxitur
1481 1971 1671 2002 Strotln’us.

265 2032 378 2069 Codd.‚
411 2031 524 2062 Drak.
552 2032 579 2062 si
605 2031 758 2063 anteidea
784 2037 918 2062 senatus
945 2056 951 2062 .
973 2055 979 2062 .
1001 2056 1007 2062 .
1036 2031 1105 2062 fieri
1132 2041 1170 2062 ac
1197 2029 1333 2071 faxitur)
1369 2029 1428 2066 XI,
1457 2028 1473 2061 1
1503 2029 1613 2070 deque
1640 2039 1674 2060 re

263 2101 293 2131 p.
322 2102 339 2121 e
364 2091 446 2121 coni.
462 2089 568 2132 (Edd.
584 2090 682 2132 vett.)
711 2089 713 2129 1
743 2096 866 2131 quotve
892 2089 988 2131 (Cod.
1017 2101 1109 2121 unus
1127 2089 1211 2131 rec.)
1238 2089 1259 2122 5
1277 2088 1422 2130 (viatore
1442 2089 1556 2126 misso,
1583 2089 1675 2130 quod

263 2150 298 2180 in
318 2150 350 2180 Ρ
373 2153 431 2187 est,
454 2153 570 2189 potest
594 2153 708 2179 ortum
735 2159 806 2180 esse
832 2160 874 2180 ex
898 2149 1131 2186 viatoremisit,
1159 2159 1190 2178 m
1217 2149 1324 2179 semel
1346 2149 1485 2188 scribto,
1512 2151 1553 2177 ut
1577 2148 1673 2178 abla-

264 2208 327 2239 tivi
350 2208 475 2249 species
501 2207 736 2249 obiiceretur.)
768 2207 844 2245 ΧΠ,
871 2207 891 2240 4
919 2208 1054 2239 tandem
1081 2208 1156 2238 illos
1184 2207 1229 2238 M.
1258 2218 1274 2237 e
1299 2206 1382 2237 coni.
1410 2206 1565 2247 Hauptii
1587 2205 1674 2247 (Pro

264 2279 348 2309 quos
375 2268 490 2309 Pauly
522 2267 557 2297 in
584 2268 714 2297 Annal.
743 2268 863 2297 Austr.
903 2267 1055 2297 XXVII
1082 2272 1117 2306 p.
1144 2269 1212 2300 261
1243 2266 1477 2306 probabiliter
1512 2265 1672 2306 quamvis.

264 2326 376 2357 Drak.
405 2326 541 2357 tandem
569 2324 719 2367 quoque)
756 2325 777 2357 5
813 2325 976 2366 (animum
1004 2325 1140 2356 incessit
1166 2325 1248 2355 Lov.
1277 2329 1308 2362 5,
1335 2324 1466 2354 slluret.
1506 2324 1539 2354 P
1561 2323 1672 2354 incen-

264 2396 346 2422 sum,
381 2385 492 2415 Drak.
528 2384 694 2415 incensus.
747 2385 868 2426 Neque
898 2385 1116 2415 accusativus
1142 2385 1239 2424 apud
1263 2383 1420 2414 incensus
1436 2382 1543 2425 ferri
1560 2385 1676 2422 potest

266 2454 372 2484 neque
389 2453 473 2474 cura
493 2444 648 2473 animum
668 2442 846 2484 incendit.)
875 2441 877 2474 l
905 2442 1078 2484 (Flaminii
1097 2442 1356 2483 Semproniique
1375 2442 1450 2482 Mg.
1465 2441 1540 2471 Em.
1557 2443 1626 2474 292
1640 2451 1672 2470 η.

267 2501 746 2542 l'Flaminissempronioque,
772 2501 884 2532 Drak.
908 2501 1074 2532 Flaminio
1093 2499 1377 2542 Sempronioque)
1403 2499 1423 2532 6
1449 2499 1543 2541 (ηονί
1571 2499 1672 2530 (licta-

265 2560 348 2590 toris
376 2566 444 2599 pro
480 2570 546 2590 non
576 2560 640 2590 vim
670 2559 843 2591 dictatoris
875 2561 995 2597 Gran„
1028 2560 1106 2590 Em.
1133 2562 1200 2593 291
1227 2559 1278 2601 n.)
1302 2559 1324 2592 8
1348 2557 1672 2600 (necessarii'coge-

266 2624 338 2649 rent
377 2619 492 2649 ll'eiss.
529 2620 558 2649 Γ
589 2630 630 2649 m.
668 2621 685 2652 1
719 2618 888 2650 necessari
922 2623 1067 2660 cogeret,
1106 2618 1138 2648 Ρ
1167 2629 1209 2649 m.
1243 2622 1265 2651 2
1296 2619 1464 2658 ceterique
1497 2620 1529 2647 et
1560 2616 1671 2647 Drak.
