1789 2955
262 102 313 138 78
648 98 762 132 Liber
789 97 958 132 XXVII.
1006 99 1068 141 (A.
1094 109 1128 132 u.
1154 109 1183 131 c.
1210 99 1303 141 545.)

262 226 401 271 Duxit,
448 225 517 262 ubi
559 225 728 261 maxime
768 225 982 261 tumultum
1024 225 1272 274 conglobatae
1314 224 1442 261 beluae
1483 225 1694 271 faciebant,

216 302 237 335 {J
260 298 421 346 pilaque
447 297 486 333 in
512 309 576 333 eas
600 296 746 333 coniici
771 295 900 334 iussit.
944 297 1108 334 Haesere
1133 297 1267 333 omnia
1289 296 1381 341 tela,
1406 296 1512 333 haud
1537 296 1694 334 difficili

260 383 307 406 ex
352 369 579 418 propinquo
619 368 658 404 in
697 371 810 405 tanta
850 382 1017 418 corpora
1057 368 1140 406 ictu
1171 372 1209 405 et
1238 372 1319 405 tam
1351 369 1529 405 conferta
1557 368 1694 414 turba3

260 441 328 477 sed
361 443 403 476 ut
435 453 513 476 non
546 453 679 476 omnes
705 440 905 477 vulnerati
929 443 1030 486 sunt,
1062 441 1130 485 ita,
1164 439 1205 476 in
1230 452 1397 489 quorum
1420 440 1544 487 tergis
1571 439 1695 476 infixa

259 516 402 549 stetere
432 512 527 561 pila,
554 514 597 547 ut
622 514 681 547 est
704 524 827 559 genus
851 526 1007 562 anceps,
1037 512 1077 548 in
1101 512 1234 560 fugam
1257 511 1363 548 versi
1381 511 1501 548 etiam
1518 512 1696 560 integros

187 586 238 623 10
258 587 448 622 avertere.
505 582 605 618 Tum
635 582 713 619 iam
740 597 819 620 non
845 597 947 621 unus
980 584 1216 632 manipulus,
1248 582 1316 620 sed
1348 596 1420 632 pro
1453 596 1493 620 se
1525 583 1694 632 quisque

259 656 384 701 miles,
404 654 473 704 qui
490 654 605 691 modo
623 655 780 704 assequi
798 668 939 704 agmen
956 655 1195 704 fugientium
1214 655 1515 704 elephantorum
1528 657 1696 704 poterat,

259 728 341 777 pila
388 726 596 763 coniicere.
665 726 724 763 Eo
766 727 893 774 magis
936 740 1052 763 ruere
1093 727 1132 763 in
1181 740 1271 764 suos
1317 726 1459 772 beluae,
1503 729 1696 775 tantoque

258 799 445 836 maiorem
478 802 649 846 stragem
681 798 808 847 edere,
842 812 960 847 quam
992 799 1097 835 inter
1127 798 1260 836 hostes
1292 798 1514 844 ediderant,
1546 801 1693 847 quanto

259 871 389 908 acrius
420 883 544 919 pavor
577 873 871 907 consternatam
903 870 997 918 agit,
1029 883 1147 919 quam
1178 870 1388 908 insidentis
1416 870 1597 918 magistri
1623 869 1695 906 iin-

193 946 234 980 11
259 944 372 993 perio
419 942 584 991 regitur.
644 941 692 977 In
735 942 1011 990 perturbatam
1050 946 1284 979 transcursu
1323 942 1531 979 beluarum
1570 941 1695 978 aciem

259 1016 372 1064 signa
404 1015 581 1052 inferunt
611 1013 783 1050 Romani
816 1014 973 1062 pedites
1005 1017 1044 1050 et
1073 1013 1180 1050 haud
1213 1027 1353 1062 magno
1378 1013 1594 1051 certamine
1619 1012 1695 1050 dis-

188 1089 235 1123 12
255 1088 404 1136 sipatos
436 1086 766 1135 trepidantesque
799 1088 995 1123 avertunt.
1058 1085 1160 1121 Tum
1189 1085 1229 1121 in
1254 1086 1450 1134 fugientes
1475 1085 1696 1135 equitatum

259 1158 440 1195 immittit
470 1157 698 1203 Marcellus,
730 1170 800 1194 nec
833 1161 922 1193 ante
953 1156 1045 1194 finis
1078 1157 1269 1206 sequendi
1302 1161 1360 1194 est
1393 1158 1531 1203 factus,
1579 1169 1696 1205 quam

187 1233 235 1268 13
255 1231 295 1267 in
326 1234 457 1268 castra
487 1233 677 1279 paventes
710 1229 905 1278 compulsi
938 1233 1039 1266 sunt.
1102 1228 1204 1267 Nam
1236 1242 1356 1278 super
1383 1229 1473 1276 alia,
1505 1242 1593 1278 quae
1617 1232 1694 1265 ter-

259 1316 388 1340 rorem
426 1301 816 1351 trepidationemque
859 1302 1045 1347 facerent,
1092 1300 1296 1350 elephanti
1338 1314 1495 1350 quoque
1536 1300 1614 1337 duo
1655 1300 1697 1336 in

260 1375 348 1424 ipsa
392 1377 508 1424 porta
555 1377 798 1419 corruerant,
845 1373 1050 1422 coactique
1096 1376 1210 1409 erant
1249 1373 1397 1410 milites
1439 1386 1509 1422 per
1550 1373 1695 1409 fossam

258 1447 488 1495 vallumque
519 1459 636 1482 ruere
669 1445 710 1482 in
743 1448 881 1481 castra.
929 1444 995 1481 lbi
1023 1445 1196 1482 maxima
1222 1445 1395 1482 hostium
1423 1445 1549 1481 caedes
1573 1444 1696 1490 facta3

189 1520 240 1556 14
259 1531 357 1555 caesa
397 1517 446 1554 ad
486 1521 574 1554 octo
608 1517 735 1553 millia
765 1516 981 1562 hominum,
1014 1516 1191 1565 quinque
1223 1517 1439 1566 elephanti.
1502 1516 1584 1554 Nec
1616 1515 1696 1553 Ro-

259 1591 384 1627 manis
424 1590 633 1626 incruenta
664 1589 834 1626 victoria
875 1590 969 1635 fuit,
1012 1589 1120 1625 mille
1152 1590 1273 1626 ferme
1306 1593 1344 1626 et
1375 1588 1617 1638 septingenti
1649 1587 1697 1624 de

260 1662 415 1699 duabus
459 1661 686 1710 legionibus
726 1665 763 1698 et
801 1662 997 1698 sociorum
1029 1674 1150 1710 supra
1181 1661 1292 1698 mille
1323 1663 1521 1698 trecentos
1553 1659 1696 1706 occisi;

191 1736 238 1771 15
258 1734 460 1772 vulnerati
516 1734 707 1783 permulti
760 1733 909 1770 civium
961 1732 1251 1782 sociorumque.
1327 1732 1535 1770 Hannibal
1582 1734 1698 1768 nocte

258 1806 442 1855 proxima
469 1809 597 1842 castra
623 1805 767 1852 movit,
798 1807 1023 1855 cupientem
1048 1805 1205 1854 insequi
1230 1805 1466 1842 Marcellum
1491 1802 1699 1853 prohibuit

117 1875 166 1923 15
262 1877 479 1914 multitudo
520 1877 755 1914 sauciorum.
818 1876 1109 1927 Speculatores,
1154 1877 1223 1926 qui
1260 1879 1599 1926 prosequerentur
1630 1887 1696 1923 ag-

260 1964 360 1997 men,
377 1950 487 1986 missi
511 1952 671 1998 postero
697 1949 761 1986 die
786 1949 1042 1994 rettulerunt,
1057 1948 1238 1985 Bruttios
1255 1947 1524 1985 Hannibalem
1550 1950 1695 1997 petere.

214 2024 236 2058 2
369 2022 520 2059 Iisdem
559 2022 682 2058 ferme
723 2020 862 2058 diebus
903 2024 942 2057 et
982 2020 1034 2057 ad
1065 2019 1113 2067 Q.
1147 2020 1334 2058 Fulvium
1368 2019 1570 2057 consulem
1602 2018 1696 2055 Hir-

261 2094 346 2143 pini
389 2096 429 2130 et
458 2093 613 2130 Lucani
653 2097 691 2130 et
723 2093 968 2138 Vulcientes,
1013 2092 1175 2129 traditis
1214 2091 1414 2140 praesidiis
1444 2089 1699 2136 Hannibalis,

263 2179 350 2214 quae
394 2165 433 2201 in
471 2165 640 2202 urbibus
671 2165 885 2210 habebant,
933 2162 1176 2201 dediderunt
1206 2177 1302 2210 sese,
1349 2164 1644 2212 clementerque
1676 2175 1699 2199 a

263 2237 424 2274 consule
466 2250 552 2273 cum
584 2237 797 2274 verborum
828 2239 983 2274 tantum
1016 2235 1280 2284 castigatione
1311 2236 1359 2272 ob
1392 2248 1564 2273 errorem
1598 2247 1697 2284 prae-

222 2309 244 2345 3
263 2310 426 2346 teritum
461 2309 615 2358 accepti
646 2312 749 2354 sunt,
783 2312 822 2345 et
845 2308 1022 2345 Bruttiis
1053 2307 1198 2344 similis
1229 2320 1318 2356 spes
1349 2307 1477 2344 veniae
1500 2307 1606 2344 facta
1629 2308 1698 2352 est,

264 2394 385 2429 quum
431 2381 480 2417 ab
528 2381 577 2417 iis
621 2379 766 2417 Vibius
813 2383 852 2417 et
890 2379 1061 2416 Paccius
1099 2380 1255 2425 fratres,
1303 2379 1419 2427 longe
1460 2377 1700 2415 nobilissimi

264 2453 392 2501 gentis
425 2453 522 2498 eius,
556 2451 732 2498 eandem,
763 2464 850 2500 quae
884 2452 977 2488 data
1006 2451 1181 2487 Lucanis
1205 2454 1301 2496 erat,
1333 2450 1604 2486 condicionem
1633 2449 1698 2485 de-

214 2524 426 2561 4ditionis
469 2527 651 2572 petentes
692 2524 904 2561 venissent.
974 2523 1021 2570 Q.
1054 2522 1206 2559 Fabius
1246 2521 1385 2558 consul
1425 2521 1616 2571 oppidum
1657 2520 1700 2557 in

265 2595 502 2632 Sallentinis
537 2595 792 2632 Manduriam
824 2596 864 2632 vi
895 2595 1019 2644 cepit3
1056 2594 1114 2631 ibi
1145 2594 1194 2630 ad
1226 2593 1306 2630 tria
1336 2593 1464 2629 millia
1495 2592 1699 2630 homiuum

263 2670 380 2716 capta
411 2671 450 2704 et
482 2670 621 2704 ceterae
647 2667 792 2717 praedae
817 2668 1076 2716 aliquantum.
1132 2665 1233 2703 Inde
1257 2664 1474 2702 Tarentum
1496 2664 1699 2714 profectus
