1768 2943
736 93 852 124 XXIX

87 211 194 254 (Edd.
221 210 316 251 vett.)
343 210 387 244 13
412 220 547 251 quoque
573 210 616 240 ad
641 209 833 240 aviditatem
859 220 876 238 e
901 208 987 238 coni.
1008 208 1181 238 Harantii
1193 207 1264 249 (De
1280 207 1494 238 substantivo

89 274 178 302 recte
190 270 409 301 Harantiutn
434 269 561 300 vidisse
578 272 680 309 puto,
706 269 767 299 sed
781 267 935 310 facilius
960 276 1058 296 casus
1078 267 1199 306 priori
1222 268 1496 297 accommodatus

89 332 140 360 est
169 339 272 370 quam
299 328 501 369 praepositz'o
533 327 669 358 omissa.
697 327 731 357 P
757 336 857 367 quoq.
892 325 1102 366 gravitatem.
1155 325 1267 356 Drak.
1304 325 1495 356 crudelitati

88 397 223 428 quoque
260 387 468 428 gravitatem.
537 387 629 416 Ante
666 386 860 418 edideram:
898 383 1129 415 crudelitatem
1159 373 1302 424 'quoque
1341 382 1497 424 rapinae.)

89 445 210 483 XLVI,
247 445 270 479 3
308 444 450 488 (murum
482 445 613 486 aperire
651 443 749 475 Crev.
778 446 812 478 P
834 442 1106 483 amurumperire.
1157 442 1272 472 Drak.
1299 442 1342 472 ad
1367 452 1496 472 murum

88 514 230 545 pergere
256 510 299 536 et.
325 505 491 535 Fortasse
515 503 638 534 Livius
664 506 800 534 tantum
821 502 957 542 scripsit
986 506 1219 542 transgressos
1245 500 1389 541 aperire,
1416 500 1495 530 Em.

88 565 156 597 351
182 561 231 606 n.)
265 562 287 596 5
322 561 534 605 (sonitusque
566 563 660 593 codd.
693 572 776 592 rece.
810 562 844 595 P
867 564 900 591 et
924 561 1037 590 Drak.
1065 560 1255 601 sonituque.
1306 559 1386 590 Em.
1412 557 1496 600 351)

88 621 228 659 XLVII,
265 620 287 654 2
325 620 504 664 (armarant
549 621 642 651 Duk.
687 619 804 657 Codd.,
849 620 962 650 Drak.
1001 618 1194 660 armabant)
1237 617 1258 651 5
1296 616 1367 660 (aut
1406 616 1496 658 quod

89 680 254 720 Doerz'ng
270 685 339 720 pro
366 680 457 721 quod
485 677 555 721 aut)
583 679 626 712 15
654 679 741 715 vico,
769 688 844 708 cum
872 677 1005 718 templis
1033 676 1122 719 (illg.
1151 678 1229 708 Em.
1256 679 1335 711 351.
1365 678 1398 710 Ρ
1420 676 1496 706 vico

89 737 273 780 intemplis)
325 738 488 776 XLVIII,
539 737 560 771 5
603 737 856 779 (Probabiliter
907 736 1019 767 Crev.:
1070 737 1168 774 Tum,
1208 736 1243 767 id
1279 733 1437 776 primum)
1477 733 1496 766 7

91 802 296 839 congregata
321 802 417 828 vasta
442 807 481 828 ac
509 808 526 828 e
551 797 634 827 coni.
668 795 872 837 (Rubenius.
899 796 933 829 P
956 795 1227 833 turbasuaseaae,
1260 799 1370 835 supra
1397 803 1439 824 ua
1465 796 1499 823 et

88 865 129 886 ca
154 856 205 886 bis
225 857 340 896 posito
373 855 399 897 i)
430 855 451 889 9
489 854 538 898 (Ρ
561 856 721 886 Romanis
754 855 859 886 relata
884 854 1039 885 Numidis
1065 855 1206 894 legatos.
1260 854 1384 884 Subest
1408 862 1496 882 men-

87 914 186 949 dumi
211 914 289 945 Em.
316 917 386 949 352
420 915 471 957 n.)
504 915 547 948 13
579 914 741 957 (Maesulii
772 914 818 944 H.
853 915 882 944 l.
910 914 1115 944 Muellerus.
1145 914 1178 946 P
1202 911 1354 943 Maesuli.
1382 911 1496 941 Drak.

21 971 24 974 '
88 971 240 1014 Massyli)
267 973 390 1012 XLIX,
421 973 431 1006 1
464 972 585 1016 (maius
615 976 722 1005 Gron.
751 974 785 1006 P
808 973 912 1013 iagus,
939 973 1052 1003 Drak.
1079 971 1194 1013 latius)
1228 970 1249 1003 4
1288 968 1384 1012 (Non
1410 972 1498 999 recte

88 1031 167 1065 Em.
194 1034 263 1065 352
300 1032 501 1063 coniunctus
539 1033 646 1064 scribi
681 1033 849 1069 volebam,
887 1042 919 1062 v.
946 1031 1058 1061 Fabri
1088 1032 1136 1061 ad
1169 1030 1293 1066 XXII,
1321 1032 1376 1065 50,
1403 1026 1450 1069 5.)
1477 1026 1498 1059 6

88 1089 254 1122 traiceret.
281 1092 344 1122 sed
362 1091 542 1122 Masinissa
565 1090 674 1133 (Δίς.)
701 1091 720 1124 7
748 1090 818 1133 (De
842 1101 908 1132 qua
933 1101 964 1121 v.
992 1091 1070 1121 Em.
1098 1089 1202 1132 352).

206 1149 283 1180 Lib.
311 1150 418 1181 XXV.
446 1150 530 1191 Cap.
557 1151 583 1189 1,
623 1150 641 1183 1
681 1149 884 1192 (Sallentino
922 1149 997 1190 Mg.
1029 1148 1105 1180 Em.
1141 1151 1220 1182 353.
1259 1148 1293 1178 P
1320 1146 1496 1178 talentino.

88 1207 201 1238 Drak.
217 1206 417 1251 Tarentino)
443 1207 464 1241 8
489 1207 595 1250 (velut
622 1219 797 1240 coneessae
819 1209 936 1240 Weiss.
957 1207 1075 1245 Codd.,
1101 1208 1215 1238 Drak.
1245 1206 1336 1237 velut
1361 1216 1400 1236 ex
1419 1215 1497 1235 con-

88 1265 210 1308 eessae)
235 1266 256 1299 9
281 1264 335 1309 (ac
361 1267 453 1308 publ.
484 1268 602 1300 Weiss.
629 1268 664 1299 P
684 1268 728 1298 ad
753 1267 858 1308 pubL,
884 1267 998 1298 Drak.
1031 1272 1065 1298 et
1089 1267 1133 1298 ad
1158 1264 1266 1308 publ.)
1288 1265 1329 1298 11
1351 1264 1497 1305 (urbano

87 1324 164 1365 Mg.
190 1324 225 1355 P
244 1325 318 1356 urb.
345 1325 458 1356 Drak.
487 1326 597 1369 urbis)
634 1327 678 1364 II,
717 1326 738 1359 3
775 1325 881 1368 (bello
909 1327 938 1358 l.
964 1327 1012 1357 H.
1048 1327 1141 1358 Voss.
1186 1325 1303 1363 Codd.,
1337 1324 1450 1354 Drak.
1479 1334 1498 1353 a

87 1382 196 1425 bello)
220 1382 242 1417 8
268 1381 511 1426 (quinquageni
548 1387 627 1416 add.
661 1387 703 1417 R.
736 1386 972 1427 Engelmann,
1010 1386 1206 1417 Numerum
1234 1384 1399 1415 excidisse
1425 1383 1498 1423 ipse

88 1446 353 1474 annotaveram.
369 1444 516 1474 Excidit
538 1445 567 1475 L
593 1446 734 1475 numeri
757 1449 840 1476 nota
866 1449 948 1476 ante
972 1445 1001 1475 L
1016 1443 1242 1485 praenomen.)
1269 1443 1331 1481 III,
1358 1441 1380 1475 5
1403 1441 1498 1483 (Gal-

89 1500 132 1531 lia
157 1502 207 1532 ed.
234 1502 338 1533 Frob.
367 1505 468 1536 1535.
499 1503 613 1541 Codd.,
640 1505 753 1535 Drak.
783 1504 916 1546 Gauiae)
943 1503 987 1537 18
1013 1502 1194 1546 (summoto
1212 1504 1346 1534 Ruben.
1379 1500 1497 1537 Codd.,

89 1560 202 1590 Drak.
229 1559 263 1590 in
289 1560 470 1604 summoto)
496 1562 554 1599 IV,
587 1561 608 1594 2
634 1562 805 1604 (secutura
831 1564 946 1594 Alsch.
972 1564 1004 1593 P
1027 1574 1154 1594 secura.
1182 1563 1294 1594 Drak.
1323 1559 1452 1601 secuta)
1478 1558 1498 1592 6

88 1615 166 1660 (ipsi
191 1628 252 1649 sua
276 1619 368 1650 Duk.
389 1624 457 1660 pro
484 1619 606 1662 ipsius)
644 1620 663 1653 7
699 1620 858 1662 (accepta
882 1622 957 1663 Mg.
991 1622 1053 1662 Op.
1086 1623 1130 1652 ll
1154 1626 1191 1662 p.
1224 1624 1293 1655 362
1312 1625 1382 1660 pro
1409 1615 1497 1657 acta)

87 1676 129 1715 V,
155 1676 178 1709 3
203 1682 236 1708 et
260 1679 335 1708 sine
359 1680 460 1710 uncis
487 1677 627 1721 (Mg.)4
642 1680 893 1722 (probabiliter
909 1681 1091 1723 Siesbyeus
1116 1681 1204 1711 inter
1230 1685 1364 1711 centum
1389 1687 1497 1709 annos

88 1741 120 1766 et
146 1735 277 1776 viginti,
316 1738 394 1768 coll.
427 1736 494 1768 Cic.
531 1743 565 1778 p.
599 1739 734 1777 Quinct.
763 1741 818 1776 46,
860 1739 937 1770 Caes.
966 1740 1007 1770 B.
1040 1741 1079 1770 G.
1107 1740 1137 1777 l,
1176 1742 1232 1773 36.
1265 1738 1498 1778 Significatur

89 1797 197 1825 totum
221 1796 377 1835 spatium
403 1797 578 1836 temporis,
606 1808 669 1838 quo
696 1798 832 1839 aliquid
848 1799 987 1839 factum
1014 1809 1082 1829 non
1107 1799 1175 1834 sit‚-
1200 1799 1287 1829 intra
1311 1796 1496 1837 significat,

83 1856 166 1893 post
189 1863 262 1884 rem
287 1854 444 1895 aliquam
460 1855 607 1897 factam
633 1857 774 1887 brevius
801 1861 935 1897 tempus
965 1858 1219 1898 intervenisse.)
1244 1856 1302 1895 VI,
1330 1855 1351 1888 2
1376 1855 1410 1885 in
1434 1855 1497 1885 Ita-

87 1910 136 1941 lia
162 1911 227 1942 iam
253 1910 343 1954 (Mg.
369 1913 447 1944 Em.
474 1911 557 1956 354)
582 1913 604 1946 3
630 1914 894 1956 vulneribusque
921 1917 1045 1947 nostris
1072 1917 1202 1948 senatui
1229 1927 1246 1947 e
1270 1916 1355 1946 coni.
1377 1913 1497 1956 (Bent-

89 1969 185 2001 leius.
223 1971 258 2001 P
277 1972 720 2014 vulneribusquenostratui)
747 1973 767 2007 9
793 1972 890 2015 (libet
916 1976 996 2006 add.
1020 1975 1195 2006 Hertzius.
1224 1976 1254 2006 P
1278 1975 1412 2011 saviret‚
1438 1973 1500 2004 sed

89 2033 101 2059 t
126 2039 275 2061 erasum.
303 2031 418 2061 Drak.
447 2030 543 2072 saevi)
570 2030 614 2064 15
639 2029 786 2073 (fuerunt
812 2034 841 2063 J.
870 2034 915 2064 H.
958 2034 1049 2065 Voss.
1074 2039 1140 2074 pro
1167 2033 1314 2075 fuerant)
1339 2032 1383 2065 23
1410 2031 1497 2062 vixe-

88 2087 190 2118 rimus
215 2099 233 2118 e
258 2089 344 2120 coni.
372 2089 549 2120 Harantii
571 2089 657 2132 (non
683 2091 977 2135 improbabiliter)
1010 2093 1086 2131 VII,
1125 2092 1146 2126 6
1171 2092 1438 2135 (Carmentalem
1465 2095 1498 2121 et

96 2146 214 2177 Wez'ss.
245 2147 359 2186 Codd.,
385 2147 499 2178 Drak.
527 2148 565 2179 C.
593 2149 654 2180 sed
680 2148 727 2192 et)
755 2150 795 2183 11
823 2150 1044 2192 (Tarentinos
1071 2157 1103 2183 et
1129 2152 1300 2182 Thurinos
1325 2151 1496 2190 Heusing.

89 2204 122 2235 P
143 2205 305 2244 thurinos,
331 2207 392 2237 sed
415 2207 534 2237 altera
559 2218 693 2246 manus,
721 2209 871 2241 inductis
896 2211 1024 2241 litteris
1048 2211 1198 2249 hurinos,
1225 2215 1335 2250 supra
1361 2209 1500 2249 scripsit

88 2269 191 2295 arent.
207 2264 320 2296 Drak.
336 2264 554 2308 Tarentinos)
583 2265 625 2299 14
652 2265 700 2309 (in
719 2269 889 2299 comitium
904 2270 1070 2310 Doering
1085 2274 1156 2310 pro
1182 2271 1216 2300 in
1237 2267 1390 2310 comitio)
1402 2268 1496 2305 VIII,

88 2320 110 2355 8
134 2320 242 2364 (leges
267 2334 350 2354 suas
375 2334 502 2365 suaque
522 2324 673 2357 Wesenb.
696 2326 811 2365 Codd.,
839 2328 952 2359 Drak.
979 2329 1072 2369 leges
1098 2327 1238 2371 suaque)
1260 2326 1263 2371 Ι
1284 2333 1496 2368 recepturos;

88 2389 105 2408 t
135 2381 269 2421 prodita
293 2381 452 2422 praesidio
478 2381 627 2425 (Pingel.
654 2385 776 2416 illinus
802 2392 890 2417 recte
916 2387 994 2418 Em.
1013 2389 1092 2421 354.
1120 2388 1154 2418 P
1174 2387 1309 2428 prodita
1334 2386 1494 2427 presidio.

89 2439 201 2470 Drak.
230 2446 443 2481 recepturos:
482 2442 616 2483 prodita
647 2443 822 2484 praesidia')
852 2445 895 2478 10
920 2445 1112 2488 (reportans
1139 2446 1288 2477 donabat
1315 2446 1388 2486 Alg.
1416 2445 1495 2475 Em.

89 2498 155 2528 ibd.
183 2509 200 2528 e
225 2498 268 2529 P:
297 2501 522 2540 reportandos
548 2501 709 2533 donabat.
736 2502 850 2534 Drak.
879 2505 1084 2544 reportando
1116 2505 1211 2546 don.)
1248 2504 1289 2537 13
1321 2502 1405 2544 (Pro
1432 2503 1496 2535 iam

79 2556 175 2598 fort.
203 2567 268 2588 scr.
297 2563 373 2596 tam,
400 2558 479 2590 Em.
499 2558 581 2601 355)
608 2561 667 2598 IX,
695 2560 712 2593 1
741 2559 788 2602 (in
807 2562 1059 2602 expeditionem
1089 2562 1206 2600 Crev.;
1240 2563 1352 2593 Drak.
1381 2563 1414 2592 in
1441 2573 1497 2593 ex-

88 2614 273 2656 peditione.
330 2615 407 2658 Cfr.
436 2618 660 2657 XXXVIII,
686 2622 743 2657 21,
770 2623 802 2653 7.
835 2620 868 2650 P
890 2620 1114 2662 inpeditione,
1149 2626 1258 2661 supra
1293 2631 1337 2662 np
1369 2622 1496 2661 scripto
