1789 2955
573 107 676 137 Liber
700 106 809 137 xxv.
855 104 909 148 (A.
937 106 998 137 ch.
1026 104 1121 148 212.)
1464 106 1550 147 245

130 244 289 276 sontem
321 237 467 283 iacere,
504 238 745 287 hospitalem
778 238 936 274 hostem
969 238 1180 286 appellans
1213 237 1548 286 simulantemque

129 320 308 358 parcere,
348 308 411 345 cui
444 309 545 345 sciat
575 320 715 357 parem
748 320 791 344 se
824 320 908 344 non
941 320 1044 344 esse.
1109 308 1147 344 Si
1180 320 1335 356 parurn,
1379 307 1589 356 publicisf)

130 379 350 416 foederibus
382 379 520 426 ruptis,
555 379 755 426 dirempta
788 378 901 414 simul
935 384 975 414 et
1006 378 1160 426 privata
1191 378 1277 414 iura
1307 390 1396 414 esse
1421 383 1548 427 putet,

129 449 302 486 Badium
342 447 596 497 Campanum
637 449 686 485 T.
722 448 914 494 Quinctio
949 448 1137 497 Crispino
1171 449 1360 485 Romano
1400 450 1547 497 palam,

130 520 290 556 duobus
324 518 561 556 exercitibus
595 518 867 562 audientibus,
901 519 1131 554 renuntiare
1155 519 1387 568 hospitium.
1443 519 1549 556 Nihil
1566 518 1621 558 10

129 590 204 628 sibi
237 602 325 627 curn
355 601 405 626 eo
431 589 724 632 consociatum,
758 588 854 624 nihil
882 588 1136 633 foederatum,
1171 589 1276 626 hosti
1301 601 1392 626 eum
1418 591 1547 634 hoste,

129 660 240 697 cuius
272 660 441 708 patriam
475 671 522 696 ac
555 664 726 708 penates
758 659 942 707 publicos
975 659 1234 707 privatosque
1268 666 1548 709 oppugnatum

127 731 318 767 venisset.
381 730 420 766 Si
451 729 507 765 vir
531 734 651 774 esset,
688 730 1017 778 congrederetur.
1076 729 1153 765 Diu
1180 735 1438 767 cunctantem
1465 730 1548 767 Cri—
1567 730 1615 769 11

129 801 287 849 spinum
320 801 531 849 perpulere
564 801 766 845 turmales,
800 813 852 838 ne
883 800 1048 850 impune
1076 800 1267 837 insultare
1294 800 1549 850 Campanum

127 877 344 922 pateretur.
405 872 546 921 Itaque
579 877 733 910 tantum
767 877 958 915 moratus,
993 873 1090 909 dum
1114 872 1379 921 imperatores
1404 871 1621 911 consu-12

128 944 239 987 leret,
257 943 589 992 permitterentne
607 944 681 980 sibi
700 948 810 980 extra
829 945 1015 980 ordinem
1029 943 1068 979 in
1082 949 1374 992 provocantem
1390 944 1549 980 hostem

127 1025 324 1062 pugnare,
350 1014 546 1062 permissu
573 1027 710 1051 eorum
737 1026 848 1050 arma
873 1014 979 1062 cepit
1002 1026 1232 1062 equumque
1251 1014 1494 1050 conscendit
1510 1019 1550 1049 et

128 1083 302 1120 Badium
325 1084 491 1121 nomine
517 1086 767 1134 compellans
786 1086 840 1121 ad
858 1097 1036 1133 pugnam
1056 1084 1251 1121 evocavit.
1300 1084 1418 1120 Nulla
1436 1096 1549 1120 mora
1567 1081 1619 1122 13

128 1167 152 1191 a
176 1153 390 1203 Campano
417 1155 524 1193 facta
548 1161 627 1200 est;
660 1155 816 1192 infestis
841 1155 954 1203 equis
981 1160 1282 1192 concurrerunt.
1340 1154 1548 1203 Crispinus

128 1237 249 1273 supra
295 1230 450 1262 scutum
499 1225 699 1262 sinistrum
747 1227 956 1262 humerum
1000 1224 1132 1261 Badio
1180 1226 1297 1261 hasta
1340 1225 1547 1269 transfixit,

128 1307 328 1344 superque
361 1296 574 1344 delapsum
606 1308 697 1332 cum
729 1297 890 1332 vulnere
924 1308 973 1332 ex
1005 1307 1111 1343 equo
1145 1295 1319 1340 desiluit,
1354 1301 1396 1332 ut
1420 1296 1549 1344 pedes

126 1366 327 1403 iacentem
353 1366 583 1403 conficeret.
632 1366 797 1411 Badius,
827 1367 1060 1416 priusquam
1079 1366 1383 1415 opprimeretur,
1410 1379 1550 1415 parma
1568 1365 1621 1405 14

129 1442 251 1485 atque
276 1449 382 1486 equo
406 1437 546 1474 relicto
572 1438 626 1473 ad
652 1450 747 1475 suos
766 1438 937 1486 aufugit;
964 1437 1172 1486 Crispinus
1191 1449 1338 1486 equum
1357 1449 1549 1485 armaque
1568 1435 1621 1476 15

129 1512 250 1556 capta
287 1513 327 1544 et
359 1514 566 1545 cruentam
599 1509 810 1558 cuspidem
842 1508 1011 1557 insignis
1044 1508 1183 1556 spoliis
1216 1513 1427 1545 ostentans
1461 1521 1549 1545 cum

128 1590 279 1626 magna
310 1579 432 1615 laude
465 1584 505 1615 et
535 1580 804 1627 gratulatione
829 1579 995 1616 militum
1021 1579 1075 1614 ad
1101 1579 1289 1615 consules
1313 1584 1374 1616 est
1397 1580 1551 1616 deduc-

129 1653 192 1684 tus
225 1648 493 1697 laudatusque
526 1649 579 1685 ibi
612 1650 826 1698 magnifice
859 1655 899 1685 et
931 1650 1052 1686 donis
1086 1650 1276 1688 donatus,

248 1718 455 1756 Hannibal
479 1732 527 1756 ex
552 1731 650 1768 agro
670 1719 962 1756 Beneventano
987 1724 1118 1756 castra
1141 1721 1195 1756 ad
1220 1719 1404 1768 Capuam
1429 1732 1549 1769 quum
1614 1717 1657 1763 19

128 1788 334 1833 movisset,
364 1789 481 1826 tertio
506 1795 600 1838 post
625 1790 704 1834 die,
731 1802 853 1838 quam
876 1790 996 1834 venit,
1024 1790 1165 1838 copias
1192 1791 1233 1828 in
1251 1791 1380 1828 aciem
1399 1792 1549 1837 eduxit,

129 1859 445 1907 haudquaquam
470 1860 629 1905 dubius,
657 1861 769 1908 quod
788 1860 1008 1909 Campanis
1033 1861 1203 1898 absente
1221 1873 1264 1898 se
1282 1874 1437 1910 paucos
1455 1867 1549 1899 ante
1566 1861 1592 1901 2

129 1929 218 1966 dies
251 1930 433 1966 secunda
466 1930 606 1967 fuisset
638 1943 788 1980 pugna,
827 1931 923 1979 quin
954 1931 1080 1967 multo
1114 1931 1245 1968 minus
1279 1945 1322 1969 se
1355 1945 1551 1981 suumque

129 1999 249 2037 toties
273 2000 465 2037 victorem
484 2001 701 2038 exercitum
720 2001 917 2038 sustinere
935 2002 1110 2038 Romani
1128 2008 1311 2051 possent.
1361 2003 1550 2040 Ceterum
1566 2002 1591 2043 3

128 2075 346 2120 postquam
363 2071 534 2120 pugnari
553 2077 727 2120 coeptum
748 2077 820 2116 est,
846 2073 1025 2120 equitum
1043 2073 1217 2110 maxime
1234 2074 1408 2119 incursu,
1429 2087 1551 2123 quum

128 2140 268 2177 iaculis
306 2142 554 2186 obrueretur,
593 2143 806 2178 laborabat
837 2143 1025 2180 Romana
1057 2144 1179 2188 acies,
1221 2145 1358 2181 donec
1391 2145 1550 2193 signum

129 2210 330 2259 equitibus
364 2212 502 2248 datum
536 2218 610 2256 est,
650 2217 692 2248 ut
724 2213 765 2248 in
798 2213 957 2249 hostem
990 2214 1252 2250 admitterent
1284 2227 1426 2263 equos.
1490 2213 1592 2254 Ita4

130 2286 315 2330 equestre
342 2283 525 2331 proelium
554 2287 651 2327 erat,
681 2295 802 2331 quum
833 2284 973 2332 procul
1000 2284 1107 2321 visus
1135 2285 1454 2333 Sempronianus
1485 2298 1550 2321 ex-

129 2352 288 2397 ercitus,
308 2352 370 2389 cui
389 2352 464 2390 Cn.
485 2352 697 2390 Cornelius
715 2358 891 2401 quaestor
907 2360 1090 2403 praeerat,
1117 2354 1273 2403 utrique
1290 2355 1392 2404 parti
1410 2368 1549 2404 parem

128 2427 279 2458 metum
303 2423 484 2471 praebuit,
518 2436 570 2460 ne
596 2424 734 2460 hostes
758 2424 852 2460 novi
877 2424 1156 2462 adventarent.
1220 2426 1343 2462 Velut
1366 2438 1413 2462 ex
1440 2425 1591 2465 com-5

129 2492 264 2541 posito
298 2493 482 2542 utrinque
515 2494 673 2543 signum
699 2494 877 2543 receptui
904 2496 1056 2540 datum,
1091 2496 1328 2544 reductique
1351 2496 1392 2532 in
1419 2501 1548 2533 castra

129 2574 258 2611 prope
290 2575 406 2611 aequo
439 2563 569 2600 Marte
602 2564 895 2607 discesserunt;
933 2566 1066 2614 plures
1099 2570 1235 2602 tamen
1268 2567 1319 2602 ab
1353 2566 1549 2604 Romanis

129 2631 259 2680 primo
290 2633 450 2670 incursu
483 2635 661 2682 equitum
694 2634 941 2672 ceciderunt.
1004 2636 1106 2672 Inde
1132 2637 1334 2680 consules,
1368 2641 1411 2673 ut
1437 2636 1587 2677 aver-6
