1789 2955
233 102 318 143 262
667 101 772 131 Liber
792 100 899 131 XXV.
937 99 993 142 (A.
1015 112 1046 132 u.
1068 111 1096 132 c.
1117 99 1210 144 542.)

189 229 367 271 7virium
399 232 440 268 in
473 233 613 269 castris
645 234 836 270 habeant.
899 234 1031 283 Signis
1063 240 1229 283 repente
1263 234 1427 272 sublatis
1456 234 1644 271 Celtiberi

232 303 396 346 abeunt,
429 301 527 338 nihil
559 303 668 339 aliud
697 305 966 351 quaerentibus
990 317 1154 341 causam
1179 305 1569 353 obtestantibusque,
1602 310 1644 340 ut

230 377 454 416 manerent,
480 373 676 410 Romanis
700 375 1012 422 respondentes,
1037 387 1157 422 quam
1176 375 1403 412 domestico
1422 387 1466 412 se
1483 376 1643 412 avocari

189 440 350 481 Sbello.
413 442 562 491 Scipio,
601 448 818 492 postquam
851 444 949 481 socii
981 457 1057 481 nec
1090 445 1275 493 precibus
1308 458 1384 482 nec
1415 445 1452 481 vi
1484 446 1643 482 retineri

230 517 432 561 poterant,
473 525 550 550 nec
589 526 632 551 se
671 519 740 551 aut
777 527 916 563 parem
949 515 1035 552 sine
1067 514 1141 550 illis
1174 514 1279 551 hosti
1312 527 1402 552 esse
1436 521 1504 552 aut
1536 516 1642 552 fratri

229 596 362 620 rursus
401 584 592 633 coniungi
632 585 731 621 vidit
762 597 897 634 posse,
937 598 1013 622 nec
1047 584 1167 621 ullum
1201 585 1309 621 aliud
1342 587 1513 622 salutare
1547 598 1643 623 con—

231 654 358 690 silium
382 654 423 690 in
448 659 637 702 promptu
661 667 764 698 esse,
791 660 911 699 retro,
937 660 1129 703 quantum
1148 661 1300 704 posset,
1327 657 1474 693 cedere
1492 656 1641 697 statuit.

187 721 268 761 9in
299 724 343 760 id
376 723 486 760 omni
520 736 614 761 cura
637 725 827 770 intentus,
862 725 1007 762 necubi
1032 725 1137 762 hosti
1165 738 1280 774 aequo
1307 739 1349 763 se
1376 727 1643 764 committeret

227 795 332 838 loeo,
382 794 448 842 qui
495 799 768 843 transgressus
816 795 964 832 flumen
1012 807 1139 844 prope
1186 797 1361 844 vestigiis
1409 797 1642 833 abeuntium

226 864 449 901 insistebat.

101 928 167 974 34
345 935 421 971 Per
459 936 629 971 eosdem
669 936 756 972 dies
789 937 831 972 P.
865 937 1098 985 Scipionem
1138 950 1209 986 par
1240 943 1378 982 terror,
1422 937 1641 986 periculum

185 1002 353 1042 2maius
387 1005 437 1041 ab
470 1017 578 1041 novo
612 1006 728 1043 hoste
761 1008 943 1056 urgebat.
1016 1007 1231 1045 Masinissa
1264 1014 1348 1044 erat
1380 1008 1545 1052 iuvenis,
1589 1019 1640 1044 eo

224 1083 409 1126 tempore
434 1076 567 1113 socius
587 1077 994 1126 Carthaginiensium,
1021 1091 1141 1127 quem
1159 1079 1310 1115 deinde
1330 1080 1478 1116 clarum
1495 1083 1640 1128 poten-

183 1143 386 1195 3temque
411 1148 597 1183 Romana
631 1148 726 1185 fecit
758 1149 945 1186 amicitia.
1008 1150 1045 1186 Is
1078 1154 1160 1185 tum
1185 1162 1274 1186 cum
1300 1149 1478 1198 equitatu
1501 1148 1640 1185 Numi-

225 1218 366 1253 darum
400 1222 440 1253 et
471 1218 705 1254 advenienti
734 1219 777 1254 P.
804 1219 983 1268 Scipioni
1017 1220 1188 1256 occurrit
1220 1225 1260 1256 et
1292 1220 1443 1256 deinde
1476 1218 1640 1255 assidue

181 1284 311 1324 4dies
345 1293 568 1336 noctesque
599 1288 769 1325 infestus
802 1290 956 1334 aderat,
990 1296 1032 1326 ut
1057 1303 1142 1327 non
1167 1303 1293 1339 vagos
1317 1296 1472 1327 tantum
1500 1290 1640 1339 procul

223 1371 247 1395 a
285 1358 425 1395 castris
464 1358 657 1407 lignatum
690 1360 1006 1409 pabulatumque
1038 1373 1277 1410 progressos
1310 1360 1524 1408 exciperet,
1565 1360 1639 1396 sed

221 1429 318 1477 ipsis
344 1429 598 1477 obequitaret
621 1431 761 1466 castris
784 1431 1046 1480 invectusque
1070 1431 1110 1468 in
1134 1431 1290 1468 medias
1315 1444 1422 1480 saepe
1441 1431 1637 1468 stationes

180 1495 358 1536 5omnia
390 1500 544 1547 ingenti
577 1501 745 1536 tumultu
778 1502 967 1537 turbaret.
1031 1502 1228 1538 Noctibus
1261 1514 1423 1550 quoque
1449 1515 1556 1551 saepe
1578 1502 1637 1538 in-

221 1581 337 1606 cursu
370 1571 583 1618 repentino
616 1571 656 1606 in
690 1571 816 1619 portis
849 1572 1034 1620 valloque
1067 1573 1312 1621 trepidatum
1345 1578 1417 1616 est,
1460 1584 1536 1609 nec
1569 1577 1638 1608 aut

219 1641 332 1676 locus
365 1645 434 1676 aut
465 1645 623 1689 tempus
654 1641 774 1677 ullum
804 1653 972 1678 vacuum
1003 1655 1026 1678 a
1059 1648 1166 1678 metu
1190 1655 1237 1679 ac
1260 1643 1528 1680 sollicitudine
1552 1648 1638 1679 erat

179 1707 428 1755 6Romanis,
471 1711 750 1759 compulsique
794 1712 896 1748 intra
939 1713 1096 1757 vallum,
1141 1713 1335 1762 adempto
1378 1725 1508 1749 rerum
1552 1725 1637 1750 om-

221 1780 330 1817 nium
355 1792 441 1817 usu.
493 1780 627 1826 Quum
651 1794 778 1830 prope
803 1782 906 1818 iusta
931 1783 1093 1819 obsidio
1118 1789 1237 1827 esset,
1268 1783 1522 1832 futuramque
1545 1783 1636 1820 arti-

220 1863 330 1886 orem
356 1863 446 1886 eam
471 1856 697 1900 appareret,
732 1851 763 1888 si
789 1865 832 1889 se
855 1852 1050 1898 Indibilis,
1085 1866 1205 1902 quem
1229 1866 1319 1891 cum
1344 1859 1498 1903 septem
1523 1853 1635 1889 milli—
1665 1870 1668 1872 ·

218 1922 292 1958 bus
317 1926 357 1958 et
380 1921 611 1970 quingentis
636 1922 972 1960 Suessetanorum
996 1925 1217 1960 adventare
1242 1924 1349 1960 fama
1374 1929 1471 1968 erat,
1500 1924 1634 1960 Poenis

177 1988 199 2028 7
218 1992 505 2035 coniunxisset,
535 1992 616 2028 dux
644 1998 784 2029 cautus
808 1999 847 2029 et
867 1995 1087 2042 providens
1110 1995 1245 2043 Scipio
1268 1994 1393 2032 victus
1417 1994 1635 2031 necessita-

217 2062 322 2099 tibus
361 2062 614 2098 temerarium
648 2063 755 2111 capit
789 2064 1012 2109 consilium,
1053 2071 1095 2101 ut
1126 2071 1247 2101 nocte
1281 2064 1440 2101 Indibili
1474 2064 1634 2101 obviam

176 2129 201 2170 8
217 2132 290 2168 iret
314 2137 365 2176 et,
392 2144 637 2180 quocunque
663 2134 903 2171 occurrisset
927 2135 1033 2179 loco,
1061 2136 1242 2183 proelium
1262 2140 1507 2172 consereret.
1556 2135 1635 2170 Re-

216 2202 310 2239 licto
343 2202 460 2251 igitur
491 2203 657 2239 modico
680 2204 869 2251 praesidio
891 2205 931 2241 in
955 2206 1095 2242 castris
1117 2207 1417 2255 praepositoque
1440 2205 1504 2242 Ti.
1528 2205 1634 2241 Fon-

216 2273 298 2309 teio
320 2273 470 2321 legato,
494 2273 630 2309 media
652 2279 774 2310 nocte
797 2274 1002 2323 profectus
1026 2288 1116 2312 cum
1139 2276 1266 2312 obviis
1290 2276 1472 2312 hostibus
1490 2286 1633 2311 manus

175 2341 432 2381 9conseruit.
495 2343 669 2392 Agmina
700 2344 828 2392 magis
862 2357 982 2393 quam
1015 2346 1123 2383 acies
1156 2346 1412 2394 pugnabant;
1452 2344 1633 2393 superior

216 2418 365 2457 tamen,
394 2418 437 2449 ut
463 2413 504 2448 in
533 2414 787 2450 tumultuaria
814 2427 963 2463 pugna,
994 2417 1203 2453 Romanus
1231 2422 1328 2453 erat.
1379 2415 1566 2452 Ceterum
1593 2420 1633 2450 et

216 2484 370 2531 equites
388 2483 576 2520 Numidae
599 2490 780 2532 repente,
810 2497 912 2532 quos
939 2485 1127 2522 fefellisse
1152 2498 1195 2522 se
1220 2487 1301 2522 dux
1325 2490 1433 2521 ratus
1457 2490 1554 2528 erat,
1581 2486 1630 2520 ab

148 2551 403 2592 lOlateribus
434 2553 660 2590 circumfusi
688 2567 880 2602 magnum
910 2560 1103 2592 terrorem
1125 2556 1305 2599 intulere,
1339 2560 1386 2598 el,
1421 2560 1631 2591 contracto

216 2623 410 2660 adversus
442 2623 640 2660 Numidas
680 2625 900 2661 certamine
939 2637 1062 2668 novo,
1103 2625 1239 2661 tertius
1272 2625 1436 2673 insuper
1468 2624 1633 2661 advenit
