1789 2955
523 93 640 128 Liber
663 92 810 128 XXVI.
860 92 921 136 (A.
949 92 1013 126 Oh.
1039 94 1133 136 211.)
1491 96 1541 132 27

78 222 81 223 ⁷
111 233 212 267 rum,
244 220 292 267 Q.
325 219 454 257 Fabio
487 222 525 257 et
554 220 610 257 M.
640 219 846 265 Marcello,
877 222 927 266 et,
958 220 992 256 si
1024 220 1161 269 utique
1193 233 1338 257 novum
1371 220 1543 269 aliquem

113 291 303 329 adversus
334 291 480 328 Poenos
511 291 712 328 consulem
745 292 872 328 creari
904 292 1065 337 vellent,
1097 292 1152 328 M.
1169 292 1335 329 Valerio
1361 292 1544 338 Laevino,

114 362 274 412 egregie
315 361 507 400 adversus
538 363 775 412 Philippum
816 375 950 410 regem
987 366 1095 400 terra
1136 364 1314 412 marique
1345 377 1427 400 rem
1460 377 1546 412 ges-

113 433 223 471 sisse.
283 433 349 471 Ita
387 433 434 471 de
471 434 601 472 tribus
633 435 923 472 consultatione
956 433 1059 479 data,
1104 435 1332 472 senioribus
1373 435 1546 472 dimissis
1569 435 1617 471 13

113 505 289 543 iuniores
330 505 561 555 suffragium
604 506 754 544 ineunt.
814 506 868 542 M.
902 506 1167 556 [Marcellum]
1203 506 1426 552 Claudium,
1472 507 1547 543 ful-

114 579 273 625 gentem
296 580 380 614 tum
406 576 548 615 Sicilia
573 577 734 624 domita,
766 581 805 615 et
836 578 890 616 M.
912 577 1119 615 Valerium
1151 578 1333 615 absentes
1365 578 1546 614 consules

114 647 315 686 dixerunt.
375 648 672 687 Auctoritatem
704 649 980 699 praerogativae
1013 663 1146 687 omnes
1179 650 1367 686 centuriae
1403 652 1547 686 seeutae

115 723 217 757 sunt.
278 720 457 758 Eludant
487 735 590 758 nunc
622 722 789 770 antiqua
818 721 1030 767 mirantes,
1066 735 1143 759 non
1177 722 1374 770 equidem,
1406 721 1440 758 si
1471 734 1549 769 qua
1570 721 1619 757 14

113 791 167 829 sit
189 792 428 842 sapientium
452 793 604 839 civitas,
643 807 760 842 quam
787 793 895 829 docti
917 792 1074 841 fingunt
1099 794 1224 841 magis
1249 807 1365 842 quam
1390 796 1548 839 norunt,

113 866 182 901 aut
212 864 416 914 principes
447 865 653 913 graviores
684 865 1096 914 temperantioresque
1128 878 1149 901 a
1177 865 1363 914 cupidine
1389 865 1549 914 imperii

114 937 183 972 aut
212 935 510 973 multitudinem
543 936 686 973 melius
717 940 910 973 moratam
943 950 1123 974 censeam
1149 937 1235 973 fieri
1262 951 1387 986 posse.
1449 936 1546 973 Cen·
1571 936 1619 973 15

112 1007 259 1045 turiam
290 1020 384 1045 vero
416 1007 617 1046 iuniorum
650 1008 825 1045 seniores
854 1009 1060 1045 consulere
1091 1009 1276 1054 voluisse,
1308 1009 1453 1058 quibus
1478 1009 1548 1045 im-

113 1079 270 1129 perium
303 1079 492 1127 suffragio
524 1079 740 1127 mandaret,
778 1081 847 1117 vix
878 1084 922 1116 ut
952 1081 1037 1117 veri
1070 1081 1199 1117 simile
1231 1081 1292 1126 sit,
1324 1080 1547 1129 parentium

115 1163 272 1200 quoque
303 1150 376 1188 hoc
409 1151 551 1188 saeoulo
575 1151 666 1188 vilis
692 1151 870 1200 levisque
897 1151 1004 1201 apud
1029 1152 1177 1189 liberos
1202 1153 1420 1189 auctoritas
1444 1152 1548 1188 fecit.

230 1222 428 1259 Praetoria
457 1223 551 1260 inde
584 1223 744 1260 comitia
774 1223 924 1261 habita.
987 1223 1033 1260 P.
1065 1223 1239 1260 Manlius
1272 1223 1400 1260 Vulso
1434 1227 1473 1259 et
1503 1223 1549 1260 L.
1642 1217 1701 1266 23

115 1293 294 1331 Manlius
311 1293 512 1332 Acidinus
537 1298 577 1332 et
594 1295 635 1332 C.
657 1295 856 1331 Laetorius
882 1297 921 1331 et
937 1294 982 1331 L.
1001 1294 1162 1331 Cincius
1179 1294 1411 1331 Alimentus
1429 1295 1551 1331 creati

115 1369 217 1403 sunt.
278 1365 401 1403 Forte
433 1366 490 1404 ita
521 1367 672 1412 incidit,
714 1370 758 1403 ut
790 1366 961 1403 comitiis
992 1367 1179 1415 perfectis
1210 1367 1474 1412 nuntiaretur,
1504 1365 1549 1403 T.
1570 1366 1592 1401 2

116 1432 345 1484 Otacilium,
369 1451 486 1487 quem
512 1437 556 1475 Τ.
575 1437 741 1484 Manlio,
766 1438 844 1474 nisi
869 1438 1149 1487 interpellatus
1174 1438 1270 1475 ordo
1298 1438 1550 1475 comitiorum

116 1513 231 1556 esset,
277 1509 470 1558 collegam
511 1510 717 1547 absentem
759 1509 924 1547 daturus
964 1510 1087 1546 fuisse
1128 1510 1339 1547 videbatur
1369 1509 1552 1559 populus,

117 1585 318 1619 mortuum
356 1582 396 1618 in
429 1580 571 1618 Sicilia
613 1595 708 1618 esse.
767 1581 873 1618 Ludi
903 1581 1165 1630 Apollinares
1198 1585 1236 1618 et
1274 1582 1407 1630 priore
1449 1581 1595 1618 anno-‘3‘

116 1653 276 1690 fuerant
308 1656 357 1699 et,
404 1666 449 1690 eo
481 1666 584 1690 anno
616 1656 660 1689 ut
690 1653 842 1699 fierent,
888 1654 1084 1689 referente
1118 1652 1337 1702 Calpurnio
1369 1656 1551 1701 praetore,

117 1728 278 1763 senatus
311 1725 499 1770 decrevit,
543 1727 588 1761 ut
617 1725 658 1761 in
689 1728 926 1774 perpetuum
957 1728 1208 1762 voverentur.
1268 1724 1419 1761 Eodem
1451 1737 1552 1760 anno
1573 1724 1597 1760 4

117 1797 306 1847 prodigia
344 1797 500 1846 aliquot
536 1796 621 1834 visa
660 1796 922 1845 nuntiataque
961 1800 1062 1833 sunt.
1123 1796 1171 1832 In
1205 1795 1288 1832 aede
1321 1794 1552 1832 Concordiae

119 1868 314 1915 Victoria,
362 1882 449 1918 quae
491 1869 533 1905 in
575 1868 747 1906 culmine
779 1872 873 1915 erat,
918 1868 1084 1905 fulmine
1116 1868 1196 1904 icta
1227 1867 1471 1916 decussaque
1503 1867 1552 1904 ad

120 1940 339 1987 Victorias,
371 1953 459 1990 quae
491 1940 532 1977 in
564 1940 749 1977 antefixis
782 1943 905 1988 erant.
938 1940 1055 1977 haesit
1086 1953 1213 1988 neque
1240 1940 1333 1976 inde
1360 1939 1552 1989 procidit3

120 2015 160 2050 et
189 2011 391 2061 Anagniae
423 2015 463 2049 et
493 2012 690 2060 Fregellis
720 2012 947 2048 nuntiatum
979 2015 1038 2049 est
1069 2024 1224 2048 murum
1256 2015 1471 2060 portasque
1509 2011 1555 2047 de
1574 2010 1596 2047 5

121 2084 216 2122 caelo
246 2088 387 2130 tactas,
434 2087 473 2121 et
511 2085 553 2121 in
593 2084 678 2121 foro
713 2083 938 2121 Subertano
972 2084 1177 2132 sanguinis
1207 2083 1314 2120 rivos
1346 2096 1417 2132 per
1448 2082 1552 2119 diem

119 2159 250 2193 totum
280 2156 453 2202 fluxisse,
499 2159 537 2193 et
567 2156 682 2192 Ereti
712 2156 916 2205 lapidibus
947 2156 1134 2205 pluvisse,
1181 2159 1219 2192 et
1248 2155 1376 2191 Reate
1408 2155 1553 2191 mulam

120 2227 336 2278 peperisse.
396 2227 455 2264 Ea
486 2226 672 2277 prodigia
703 2228 844 2264 hostiis
876 2228 1093 2265 maioribus
1124 2230 1217 2263 sunt
1247 2229 1473 2275 procurata,
1519 2226 1596 2263 et6

121 2299 344 2337 obsecratio
376 2299 417 2336 in
441 2312 563 2335 unum
588 2298 694 2335 diem
718 2300 866 2349 populo
891 2299 1043 2336 indicta
1066 2302 1106 2335 et
1129 2298 1366 2335 novendiale
1390 2310 1556 2334 sacrum.

125 2370 362 2409 Sacerdotes
403 2371 558 2420 publici
596 2370 751 2419 aliquot
793 2384 837 2407 eo
878 2383 979 2408 anno
1023 2370 1224 2407 demortui
1264 2373 1355 2406 sunt
1386 2369 1599 2418 novique7

123 2443 297 2481 suffecti:
342 2444 384 2480 in
422 2443 553 2479 locum
584 2442 652 2480 Μ’.
683 2442 844 2479 AEmilii
874 2441 1060 2479 Numidae
1100 2441 1316 2478 decemviri
1355 2454 1556 2478 sacrorum

123 2515 178 2552 M.
209 2515 402 2552 AEmilius
434 2514 624 2563 Lepidus,
656 2514 698 2550 in
730 2514 857 2550 locum
889 2513 944 2551 M.
979 2513 1191 2563 Pomponii
1224 2512 1428 2549 Mathonis
1460 2525 1556 2561 pon—

122 2586 244 2624 tificis
276 2586 318 2624 C.
349 2586 504 2632 Livius,
550 2586 591 2622 in
631 2586 762 2623 locum
795 2584 861 2634 Sp.
896 2585 1063 2622 Carvilii
1094 2584 1262 2621 Maximi
1307 2584 1469 2632 auguris
1500 2583 1556 2622 M.

124 2656 333 2695 Servilius.
400 2658 447 2696 Τ.
481 2656 674 2695 Otacilius
714 2657 881 2694 Crassus
921 2657 1101 2706 pontifex
1143 2656 1237 2705 quia
1273 2659 1414 2693 exacto
1455 2655 1600 2692 annoS
