1789 2955
497 103 614 138 Liber
639 102 785 138 xxrx.
835 102 894 148 (A.
922 102 986 137 ch.
1012 104 1107 149 205.)
1442 109 1520 147 193

89 245 238 283 pacem.
299 230 416 278 Quod
446 231 525 269 nisi
563 231 669 268 omni
699 231 741 270 vi
781 230 972 281 perficere
1002 234 1260 280 maturasset,
1305 232 1564 272 bellantem2

91 317 178 341 eum
210 317 299 341 cum
329 303 481 341 AEtolis
505 302 552 342 P.
581 302 841 354 Sempronius
871 304 1096 354 proconsul,
1128 317 1329 343 successor
1360 306 1522 356 imperii

90 376 231 414 missus
249 373 429 426 Sulpicio
447 387 534 412 cum
564 375 701 413 decem
716 375 893 413 millibus
916 375 1095 426 peditum
1121 379 1160 414 et
1182 376 1292 414 mille
1317 377 1521 427 equitibus

91 451 130 486 et
145 447 317 496 triginta
340 447 518 497 quinque
544 447 728 485 rostratis
751 448 931 495 navibus,
961 447 1067 485 haud
1083 461 1249 498 parvum
1280 452 1521 487 momentum

89 518 141 558 ad
175 533 289 570 opem
322 519 527 557 ferendam
568 519 696 567 sociis,
730 519 1002 569 oppressisset.
1064 519 1243 557 Vixdum
1273 534 1371 571 pace
1402 520 1562 569 facta‚3

90 591 255 630 nuntius
283 592 370 640 regi
393 592 516 638 venit,
533 591 734 629 Romanos
751 591 1019 640 Dyrrachium
1043 592 1210 640 venisse,
1225 591 1522 643 Parthinosque

89 667 129 702 et
159 663 406 714 propinquas
437 665 575 713 gentes
606 663 707 702 alias
737 667 865 701 motas
905 678 986 702 esse
1018 665 1068 702 ad
1100 678 1209 715 spem
1239 665 1415 703 novandi
1444 678 1521 713 res,

89 736 393 786 Dimallumque
420 735 656 786 oppugnari.
702 735 760 772 Eo
792 748 832 773 se
857 738 1085 774 averterant
1100 736 1274 774 Romani
1299 737 1348 775 ab
1367 737 1520 775 AEtolo-
1538 737 1562 773 4

88 822 188 856 rum,
217 821 295 858 quo
322 807 430 845 missi
454 811 579 854 erant,
612 807 772 854 auxilio,
803 807 910 854 irati,
942 808 1049 858 quod
1074 808 1160 846 sine
1185 809 1423 847 auctoritate
1450 822 1521 847 sua

89 880 279 920 adversus
305 879 433 917 foedus
456 892 544 916 cum
580 891 673 927 rege
696 893 834 929 pacem
864 880 1063 917 fecissent.
1113 880 1173 918 Ea
1196 894 1317 930 quum
1344 881 1521 919 audisset
1539 879 1562 916 5

90 952 321 1003 Philippus,
352 965 401 988 ne
419 951 489 1001 qui
505 953 634 989 motus
652 951 779 989 maior
796 951 838 988 in
863 951 1043 990 finitimis
1069 953 1255 1001 gentibus
1281 953 1519 1003 populisque

88 1027 281 1072 oreretur,
312 1023 469 1073 magnis
500 1023 711 1061 itineribus
742 1022 1007 1074 Apolloniam
1040 1024 1267 1073 contendit,
1299 1039 1376 1075 quo
1409 1024 1517 1063 Sem-

88 1096 253 1147 pronius
284 1109 325 1133 se
355 1098 571 1146 receperat,
601 1096 722 1133 misso
747 1095 922 1134 Laetorio
954 1095 1087 1145 legato
1121 1110 1208 1134 cum
1238 1100 1351 1147 parte
1384 1097 1517 1148 copia—

88 1181 177 1206 rum
210 1171 249 1206 et
280 1167 507 1218 quindecim
538 1167 706 1206 navibus
737 1168 778 1204 in
808 1167 1003 1205 AEtoliam
1041 1167 1092 1205 ad
1136 1168 1321 1207 visendas
1353 1182 1416 1207 res
1448 1182 1517 1219 pa-

90 1253 266 1290 cemque,
313 1240 347 1278 si
391 1243 542 1290 posset,
588 1239 840 1278 turbandam.
900 1239 1114 1290 Philippus
1158 1254 1277 1290 agros
1308 1239 1562 1290 Apolloni-6

88 1312 214 1349 atium
239 1311 415 1350 vastavit
431 1315 480 1360 et,
512 1311 563 1349 ad
578 1311 716 1349 urbem
742 1311 911 1350 admotis
937 1312 1076 1362 copiis,
1110 1315 1347 1363 potestatem
1374 1326 1518 1363 pugnae

86 1384 267 1422 Romano
295 1383 409 1431 fecit;
458 1397 573 1434 quem
616 1387 827 1434 postquam
869 1384 1048 1434 quietum
1080 1399 1211 1423 muros
1242 1386 1518 1424 tantummodo

87 1456 192 1494 tueri
222 1455 336 1504 vidit,
366 1468 439 1493 nec
471 1457 568 1494 satis
597 1455 722 1494 fidens
745 1456 912 1504 viribus,
942 1460 988 1494 ut
1017 1457 1157 1495 urbem
1189 1461 1450 1508 oppugnaret,
1481 1461 1520 1496 et
1538 1459 1561 1495 7

87 1541 177 1566 cum
220 1527 414 1566 Romanis
459 1542 634 1578 quoque,
678 1529 780 1566 sicut
825 1542 912 1566 cum
952 1529 1119 1577 AEtolis,
1163 1529 1327 1580 cupiens
1370 1544 1519 1580 pacem,

88 1601 122 1639 si
151 1603 298 1651 posset,
332 1600 364 1637 si
396 1600 537 1648 minus,
568 1600 744 1638 indutias
772 1601 912 1648 faeere,
943 1601 1046 1638 nihil
1077 1602 1183 1639 ultra
1213 1602 1385 1640 irritatis
1415 1616 1518 1641 novo

88 1673 304 1711 certamine
335 1671 458 1720 odiis,
492 1672 533 1710 in
564 1686 730 1722 regnum
775 1686 815 1710 se
859 1674 1024 1724 recepit.
1085 1673 1166 1711 Per
1212 1674 1317 1711 idem
1363 1674 1563 1725 tempusS

86 1744 207 1783 taedio
240 1744 387 1782 diutini
419 1744 520 1782 belli
537 1744 730 1795 Epirotae,
759 1747 913 1783 tentata
943 1746 1055 1796 prius
1077 1745 1350 1783 Romanorum
1380 1747 1517 1785 volun—

86 1820 189 1865 tate,
219 1817 375 1866 legatos
421 1816 469 1854 de
514 1830 612 1867 pace
645 1818 841 1855 communi
873 1817 923 1855 ad
953 1817 1190 1868 Philippum
1220 1818 1379 1866 misere,
1423 1818 1560 1857 satis9

87 1888 286 1928 confidere
317 1891 601 1927 conventuram
625 1903 711 1927 eam
735 1889 990 1938 affirmantes,
1024 1890 1058 1928 si
1083 1889 1132 1927 ad
1156 1890 1402 1941 colloquium
1429 1904 1517 1929 cum

87 1961 134 2000 P.
167 1959 404 2012 Sempronio
450 1961 689 2011 imperatore
729 1961 910 2000 Romano
950 1963 1134 2000 venisset.
1208 1963 1346 2001 Facile
1392 1963 1516 2013 impe·
1536 1963 1588 2000 10

87 2036 235 2071 tratum
254 2033 401 2084 (neque
427 2033 531 2071 enim
547 2048 597 2071 ne
623 2034 748 2084 ipsius
767 2034 926 2084 quidem
949 2034 1056 2084 regis
1074 2034 1314 2072 abhorrebat
1329 2035 1516 2085 animus),

87 2108 132 2143 ut
162 2106 203 2143 in
235 2104 405 2155 Epirum
434 2106 639 2143 transiret.
707 2105 899 2144 Phoenice
936 2105 1033 2144 urbs
1066 2109 1125 2144 est
1154 2106 1289 2157 Epiri3
1323 2107 1380 2145 ibi
1409 2107 1521 2157 prius
1540 2107 1588 2145 11

89 2177 310 2216 collocutus
341 2191 413 2215 rex
446 2191 531 2215 cum
548 2177 711 2228 Aeropo
743 2181 782 2215 et
804 2178 945 2216 Derda
969 2182 1008 2216 et
1022 2178 1229 2229 Philippo,
1259 2178 1517 2229 Epirotarum

89 2249 347 2299 praetoribus,
393 2253 531 2300 postea
576 2263 664 2288 cum
694 2249 741 2290 P.
774 2249 1011 2301 Sempronio
1057 2250 1327 2301 congreditur.
1388 2250 1520 2288 Affuit
1542 2251 1591 2288 12

87 2322 290 2372 colloquio
322 2320 597 2373 Amynander,
630 2321 903 2361 Athamanum
934 2336 1028 2374 rex,
1077 2325 1115 2360 et
1159 2323 1416 2372 magistratus
1448 2323 1518 2361 alii

85 2393 347 2444 Epirotarum
379 2396 417 2431 et
447 2392 716 2432 Acarnanum.
775 2394 934 2433 Primus
964 2395 1180 2445 Philippus
1218 2398 1366 2445 praetor
1395 2395 1518 2433 verba

85 2465 180 2503 fecit
211 2468 249 2503 et
279 2465 400 2516 petiit
429 2465 545 2503 simul
577 2466 626 2504 ab
657 2479 750 2516 rege
790 2469 829 2504 et
866 2467 916 2505 ab
955 2467 1195 2517 imperatore
1225 2467 1427 2515 Romano,
1472 2470 1517 2504 ut

85 2536 204 2574 finem
234 2536 333 2574 belli
364 2537 540 2576 facerent
565 2538 787 2589 darentque
815 2552 900 2577 eam
924 2538 1104 2590 Epirotis
1129 2539 1295 2577 veniam.
1342 2539 1389 2578 P.
1409 2538 1517 2577 Sem·
1537 2540 1587 2578 13

86 2609 251 2659 pronius
283 2609 533 2648 condiciones
564 2611 675 2660 pacis
707 2610 825 2658 dixit,
855 2614 901 2648 ut
930 2610 1117 2648 Parthini
1157 2614 1195 2649 et
1225 2611 1446 2649 Dimallum
1477 2614 1517 2650 et

86 2679 326 2730 Bargullum
371 2684 411 2718 et
440 2682 668 2731 Eugenium
698 2682 970 2720 Romanorum
1016 2686 1166 2730 essent,
1198 2683 1434 2731 Atintania,
1481 2684 1514 2722 si

87 2752 218 2791 missis
248 2752 417 2790 Romam
448 2753 596 2804 legatis
629 2753 678 2791 ab
711 2758 850 2792 senatu
889 2755 1161 2807 impetrasset,
1193 2758 1238 2792 ut
1267 2755 1514 2794 Macedoniae

153 2822 259 2850 Livius
279 2831 318 2849 ex
334 2831 391 2850 rec.
412 2824 565 2856 Madvigii.
609 2824 663 2850 1v.
1201 2824 1243 2860 13
