1768 2943
239 103 294 145 38
661 102 767 133 Liber
791 102 883 133 XXI.
933 101 987 144 (A.
1016 113 1047 134 u.
1074 113 1103 134 c.
1131 103 1225 146 536.)

238 232 472 281 indignitas.
520 233 585 269 Ad
608 233 846 282 supplicium
876 234 1209 283 depoposcerunt
1225 247 1289 271 me
1307 235 1452 272 ducem
1471 235 1653 284 primum,

239 302 390 339 deinde
415 314 487 339 vos
511 314 667 348 omnes,
694 303 760 351 qui
778 303 1001 352 Saguntum
1026 304 1359 353 oppugnassetis;
1387 306 1550 342 deditos
1568 306 1655 341 ulti-

197 371 313 412 5mis
345 372 584 410 cruciatibus
617 373 796 410 affecturi
830 373 1002 411 fuerunt.
1065 373 1353 411 Crudelissima
1385 387 1432 412 ac
1455 375 1655 423 superbis-

240 443 340 479 sima
362 454 464 492 gens
491 455 563 480 sua
589 444 725 479 omnia
749 444 890 492 suique
913 444 1062 481 arbitrii
1080 444 1194 488 facit;
1225 456 1313 481 cum
1332 429 1476 493 quibus
1494 445 1652 488 bellum,

240 525 330 550 cum
363 513 506 561 quibus
539 525 682 562 pacem
716 514 951 558 habeamus,
984 526 1027 550 se
1060 516 1228 551 modum
1259 515 1471 563 imponere
1498 528 1656 564 aequum

240 589 391 621 censet.
442 583 741 621 Circumscribit
757 584 1005 632 includitque
1022 596 1099 621 nos
1118 585 1296 622 terminis
1313 585 1512 621 montium
1529 586 1656 622 flumi-

240 666 428 701 numque,
455 665 557 701 quos
580 666 665 690 non
681 655 941 698 excedamus,
966 667 1100 702 neque
1118 667 1202 699 eOS‚
1229 667 1331 703 quos
1350 655 1498 699 statuit,
1524 657 1656 692 termi-

198 723 315 763 ssnos
348 725 549 760 observat.
618 723 680 760 Ne
712 724 914 762 transieris
947 724 1162 768 Hiberum;
1201 738 1253 761 ne
1286 725 1384 774 quid
1416 726 1472 761 rei
1504 726 1575 761 tibi
1607 726 1656 762 sit

239 806 327 830 cum
346 793 592 843 Saguntinis.
640 795 692 831 At
709 807 784 831 non
804 796 859 831 ad
872 795 1066 831 Hiberum
1085 800 1146 832 est
1163 795 1398 844 Saguntum.
1446 794 1655 843 Nusquam

200 864 222 903 7
240 870 278 900 te
312 864 481 913 vestigio
514 865 699 902 moveris.
763 866 907 901 Parum
933 871 1006 909 est,
1040 866 1153 913 quod
1175 866 1406 902 veterrimas
1428 866 1655 914 provincias

238 946 363 979 meas,
383 934 557 971 Siciliam
575 947 621 972 ac
641 935 881 980 Sardiniam,
902 933 1073 972 adimis?
1106 935 1238 971 Etiam
1257 936 1299 972 in
1312 935 1533 984 Hispanias
1551 942 1602 980 et,
1621 937 1660 972 si

238 1005 335 1041 inde
344 1017 520 1050 cessero,
529 1005 570 1041 in
580 1005 755 1042 Africam
765 1004 1056 1043 transcendes?
1073 1005 1341 1042 Transcendes
1351 1004 1512 1043 autem?
1528 1006 1656 1043 Tran-

239 1075 448 1112 scendisse
473 1075 580 1112 dico.
628 1075 743 1112 Duos
770 1076 956 1113 consules
982 1076 1098 1113 huius
1123 1076 1231 1121 anni,
1261 1089 1384 1112 unum
1407 1077 1448 1113 in
1466 1076 1654 1120 Africam,

240 1146 407 1181 alterum
431 1146 472 1182 in
490 1145 731 1195 Hispaniam
754 1146 960 1183 miserunt.
1009 1146 1115 1183 Nihil
1139 1158 1309 1194 usquam
1333 1147 1453 1183 nobis
1476 1147 1655 1184 relictum

200 1216 224 1256 8
241 1221 314 1259 est,
339 1216 415 1252 nisi
441 1217 553 1264 quod
578 1216 696 1253 armis
721 1216 1018 1254 vindiearimus.
1066 1216 1145 1252 Illis
1171 1216 1319 1253 timidis
1338 1221 1376 1252 et
1393 1217 1547 1265 ignavis
1566 1229 1656 1253 esse

240 1286 344 1331 licet,
385 1287 451 1334 qui
483 1292 710 1335 respectum
743 1287 907 1332 habent,
941 1300 1044 1336 quos
1077 1299 1149 1324 sua
1180 1292 1298 1331 terra,
1332 1299 1426 1324 suus
1458 1299 1555 1336 ager
1584 1299 1657 1336 per

240 1361 325 1392 tuta
356 1368 404 1393 ac
436 1363 584 1405 pacata
614 1357 759 1394 itinera
786 1357 986 1406 fugientes
1009 1357 1230 1406 accipient;
1263 1358 1377 1394 vobis
1401 1370 1570 1395 necesse
1595 1363 1656 1394 est

241 1426 410 1464 fortibus
433 1427 524 1464 viris
543 1439 633 1464 esse
651 1433 703 1472 et,
729 1428 917 1464 omnibus
934 1428 1037 1464 inter
1053 1428 1261 1465 victoriam
1278 1433 1531 1476 mortemque
1549 1433 1658 1464 certa

241 1497 528 1546 desperatione
551 1498 743 1547 abruptis,
770 1503 838 1535 aut
860 1498 1019 1535 vincere
1045 1503 1125 1542 aut,
1151 1499 1182 1535 si
1201 1498 1362 1535 fortuna
1379 1498 1591 1542 dubitabit,
1617 1497 1656 1534 in

199 1567 224 1608 9
240 1567 382 1615 proelio
414 1568 549 1616 potius
582 1581 702 1617 quam
730 1569 770 1605 in
799 1568 894 1617 fuga
917 1574 1089 1605 mortem
1115 1573 1322 1616 oppetere.
1386 1568 1425 1604 Si
1449 1569 1527 1605 hoc
1552 1569 1657 1605 bene

241 1637 360 1674 fixum
390 1639 578 1675 omnibus
607 1636 889 1689 [destinatum]
917 1639 957 1675 in
987 1638 1124 1675 animo
1153 1644 1226 1683 est,
1255 1638 1398 1675 iterum
1427 1637 1575 1682 dicam,
1603 1637 1658 1673 vi-

241 1707 368 1752 cistis;
403 1709 554 1746 nullum
580 1714 816 1758 contemptu
845 1710 983 1746 mortis
1009 1710 1127 1745 telum
1156 1709 1211 1745 ad
1234 1709 1481 1745 vincendum
1505 1707 1657 1744 homini

241 1778 292 1814 ab
325 1778 387 1815 dis
419 1779 710 1816 immortalibus
743 1779 873 1816 acrius
905 1780 1044 1816 datum
1077 1784 1177 1816 est.»

113 1845 179 1891 45
359 1848 433 1886 His
458 1850 812 1887 adhortationibus
840 1862 963 1898 quum
986 1850 1171 1897 utrinque
1195 1850 1249 1885 ad
1274 1854 1478 1885 certamen
1496 1848 1657 1885 accensi

239 1918 405 1955 militum
414 1919 537 1956 animi
547 1925 696 1964 essent,
710 1921 884 1957 Romani
894 1926 1020 1969 ponte
1029 1919 1216 1956 Ticinum
1226 1919 1407 1967 iungunt,
1419 1919 1658 1966 tutandique

199 1989 374 2038 2pontis
408 2002 530 2027 causa
563 1991 769 2027 castellum
802 1991 966 2039 insuper
995 1990 1231 2039 imponunt;
1271 1989 1433 2034 Poenus,
1474 1988 1657 2026 hostibus

240 2071 364 2108 opere
392 2059 613 2108 occupatis,
641 2060 920 2096 Maharbalem
945 2071 1034 2096 cum
1060 2060 1124 2096 ala
1148 2059 1426 2103 Numidarum,
1458 2058 1657 2106 equitibus

239 2130 482 2178 quingentis,
517 2130 571 2166 ad
603 2130 920 2178 depopulandos
946 2130 1147 2167 sociorum
1173 2130 1312 2179 populi
1338 2128 1512 2165 Romani
1537 2139 1657 2176 agros

200 2199 376 2243 3mittit;
403 2199 528 2237 Gallis
553 2200 663 2248 parci
689 2212 810 2248 quam
834 2200 1006 2237 maxime
1023 2201 1146 2244 iubet,
1173 2200 1480 2249 principumque
1498 2199 1657 2235 animos

240 2270 294 2306 ad
311 2269 585 2307 defectionem
604 2270 820 2307 sollicitari.
876 2271 1006 2307 Ponte
1023 2270 1205 2319 perfecto
1224 2271 1431 2306 traductus
1449 2270 1658 2305 Romanus

239 2340 436 2377 exercitus
480 2340 520 2376 in
563 2352 703 2388 agrum
735 2339 959 2377 Insubrium
1000 2340 1177 2389 quinque
1217 2340 1337 2376 millia
1375 2351 1567 2388 passuum
1606 2339 1657 2375 ab

198 2410 225 2450 4
242 2410 478 2447 Victumulis
496 2410 696 2447 consedit.
729 2410 788 2446 Ibi
802 2410 1006 2446 Hannibal
1025 2415 1155 2447 castra
1169 2411 1365 2454 habebat;
1385 2414 1657 2457 revocatoque

240 2492 414 2529 propere
446 2480 682 2517 Maharbale
714 2485 835 2527 atque
868 2480 1080 2528 equitibus,
1115 2492 1237 2528 quum
1269 2480 1418 2516 instare
1451 2485 1656 2516 certamen

242 2556 435 2595 cerneret,
461 2551 558 2587 nihil
580 2562 757 2599 unquam
775 2550 871 2587 satis
891 2550 1042 2586 dietum
1060 2550 1422 2599 praemonitumque
1439 2549 1495 2585 ad
1514 2549 1657 2585 cohor-

242 2621 390 2657 tandos
414 2621 558 2657 milites
581 2626 703 2665 ratus,
731 2620 885 2657 voeatis
909 2621 962 2656 ad
987 2620 1222 2657 contionem
1247 2625 1355 2657 certa
1379 2619 1542 2668 praemia
1566 2630 1658 2667 pro-
