1789 2955
260 116 340 156 198
682 114 786 146 Liber
812 114 935 146 xxnv.
980 114 1035 158 (A.
1056 126 1084 146 u.
1105 126 1133 146 e.
1153 114 1246 159 540.)

214 244 357 284 9esse.
436 247 681 295 Ablegarent
724 259 821 296 ergo
864 249 1003 296 procul
1041 249 1092 285 ab
1130 248 1336 297 Syracusis
1375 248 1586 297 Siciliaque
1625 254 1665 285 et

254 316 452 364 asportari
469 317 755 354 Alexandriam
779 318 975 362 iuberent,
1001 319 1055 355 ad
1080 319 1203 355 virum
1231 331 1408 363 uxorem,
1438 321 1493 356 ad
1510 325 1663 368 patrem

187 384 242 426 10
254 385 368 422 filias.
418 387 576 424 Aversis
597 387 758 425 auribus
784 388 1007 437 animisque
1030 389 1206 432 adstare,
1232 402 1284 425 ne
1301 395 1458 438 tempus
1476 395 1663 433 tererent,

186 455 235 495 11
254 455 398 492 ferrum
431 458 633 504 quosdam
666 458 930 507 expedientes
962 459 1176 503 cernebat;
1210 464 1292 495 tum
1325 460 1483 496 omissis
1515 471 1588 508 pro
1621 471 1665 496 se

253 526 452 575 precibus,
493 528 635 576 puellis
676 534 718 564 ut
750 529 890 566 saltem
923 534 1147 578 parcerent,
1189 541 1304 565 orare
1336 529 1488 573 institit,
1531 541 1555 566 a
1587 541 1665 577 qua

255 603 371 633 aetate
404 597 524 634 etiam
557 598 695 635 hostes
717 598 841 636 iratos
865 599 1086 642 abstinere;
1120 612 1172 635 ne
1195 604 1389 647 tyrannos
1414 599 1664 641 ulciscendo,

187 667 342 714 12quae
370 667 568 711 odissent,
598 668 749 705 scelera
774 669 849 717 ipsi
874 669 1133 706 imitarentur.
1181 669 1289 706 Inter
1313 670 1397 706 haec
1422 670 1664 706 abstractam

253 748 276 772 a
305 737 576 785 penetralibus
604 737 797 787 iugulant.
851 739 895 776 In
924 739 1096 788 virgines
1124 740 1276 776 deinde
1299 751 1505 789 respersas
1528 739 1664 776 matris

253 819 394 843 cruore
435 807 628 856 impetum
668 808 831 853 faciunt,
875 821 977 858 quae,
1020 809 1195 846 alienata
1237 815 1372 847 mente
1412 810 1526 846 simul
1558 810 1664 847 luctu

252 883 454 926 metuque,
488 878 594 915 velut
625 885 754 927 captae
787 879 920 916 furore
953 891 1002 916 eo
1036 891 1151 917 cursu
1185 892 1227 917 se
1260 893 1308 916 ex
1341 880 1515 917 sacrario
1540 880 1665 928 prori-

251 952 436 996 puerunt,
465 953 520 993 ut,
549 949 582 985 si
609 949 799 998 effugium
828 950 1023 999 patuisset
1046 951 1088 987 in
1112 950 1328 999 publicum,
1358 946 1578 1000 impleturae
1602 963 1664 987 ur-

185 1017 237 1058 13
253 1018 342 1053 bem
389 1019 556 1055 tumultu
600 1019 757 1057 fuerint.
835 1021 940 1057 Tum
983 1033 1145 1070 quoque
1185 1021 1296 1057 haud
1334 1033 1485 1070 magno
1519 1020 1664 1058 aedium

252 1088 384 1137 spatio
423 1089 526 1126 inter
564 1090 723 1127 medios
756 1097 816 1128 tot
849 1097 1025 1128 armatos
1058 1092 1270 1140 aliquoties
1302 1092 1460 1141 integro
1494 1104 1664 1141 corpore

252 1164 465 1196 evaserunt
496 1161 821 1210 tenentibusque‚
856 1174 977 1210 quum
1010 1168 1071 1199 tot
1094 1175 1141 1200 ac
1165 1168 1247 1199 tam
1271 1163 1414 1200 validae
1439 1163 1665 1199 eluctandae

183 1228 237 1269 14
251 1241 394 1266 manus
419 1235 567 1275 essent,
592 1243 682 1268 sese
707 1232 950 1280 eripuerunt.
998 1233 1188 1270 Tandem
1206 1233 1433 1270 vulneribus
1451 1233 1663 1277 confectae,

252 1311 373 1347 quum
384 1301 969 1351 omniareplessentsanguine,
984 1304 1189 1341 exanimes
1199 1310 1447 1342 corruerunt.
1481 1304 1665 1342 Caedem-

251 1382 328 1417 que
351 1382 423 1419 per
447 1383 490 1408 se
511 1371 778 1409 miserabilem
796 1373 1126 1410 miserabiliorem
1144 1387 1260 1412 casus
1280 1375 1386 1420 fecit,
1412 1376 1525 1424 quod
1541 1375 1663 1424 paulo

250 1446 345 1489 post
360 1442 522 1480 nuntius
540 1444 660 1489 venit,
679 1444 840 1481 mutatis
857 1450 1024 1494 repente
1037 1446 1091 1482 ad
1105 1445 1423 1483 misericordiam
1436 1446 1592 1490 animis,
1612 1458 1663 1482 ne

183 1510 579 1551 15interficerentur.
642 1515 704 1551 Ira
733 1515 884 1551 deinde
910 1528 958 1551 ex
980 1515 1258 1554 misericordia
1283 1521 1383 1560 orta,
1418 1517 1531 1564 quod
1555 1516 1662 1553 adeo

252 1582 482 1619 festinatum
507 1585 562 1621 ad
586 1586 823 1634 supplicium
848 1598 981 1634 neque
1004 1586 1117 1623 locus
1134 1587 1355 1635 paenitendi
1374 1592 1442 1623 aut
1458 1598 1663 1635 regressus

182 1651 234 1693 16
250 1653 301 1688 ab
333 1652 390 1689 ira
421 1654 581 1691 relictus
614 1661 733 1692 esset.
796 1656 936 1704 Itaque
969 1656 1138 1693 fremere
1162 1657 1376 1694 multitudo
1403 1662 1442 1694 et
1464 1657 1505 1693 in
1530 1658 1663 1694 locum

250 1723 512 1760 Adranodori
551 1737 598 1762 ac
631 1725 828 1763 Themisti
868 1724 977 1777 (nam
1010 1728 1131 1764 ambo
1164 1733 1357 1776 praetores
1390 1725 1562 1777 fuerant)
1595 1739 1663 1764 co-

249 1793 360 1829 mitia
383 1806 567 1842 poscere,
597 1808 686 1844 quae
712 1808 970 1846 nequaquam
995 1810 1044 1833 ex
1069 1797 1269 1834 sententia
1293 1802 1508 1846 praetorum
1532 1797 1662 1834 futura

250 1869 398 1901 essent.

123 1929 183 1975 27
364 1935 542 1972 Statutus
574 1940 635 1972 est
659 1936 830 1974 comitiis
856 1937 963 1981 dies;
998 1949 1079 1985 quo
1104 1938 1445 1986 necopinantibus
1473 1938 1660 1975 omnibus

248 2017 351 2041 unus
391 2018 440 2042 ex
483 2005 621 2042 ultima
653 2007 768 2042 turba
800 2006 1011 2055 Epicyden
1043 2007 1278 2051 nominavit,
1319 2012 1401 2044 tum
1433 2007 1530 2044 inde
1562 2007 1661 2045 alius

248 2074 554 2124 Hippocratem.
604 2075 836 2113 Crebriores
855 2077 1007 2114 deinde
1025 2077 1086 2114 hae
1103 2089 1224 2114 voces
1243 2082 1282 2114 et
1299 2089 1389 2114 cum
1407 2077 1517 2113 haud
1535 2078 1660 2114 dubio

208 2143 234 2183 2
248 2157 417 2182 assensu
442 2146 706 2183 multitudinis
733 2158 842 2191 esse;
869 2152 908 2183 et
926 2153 1011 2183 erat
1028 2147 1200 2184 confusa
1217 2148 1355 2185 contio
1374 2159 1459 2184 non
1476 2148 1660 2196 populari

248 2216 389 2258 modo,
424 2217 498 2252 sed
521 2216 676 2252 militari
700 2229 862 2265 quoque
888 2218 1015 2262 turba,
1041 2230 1192 2267 magna
1215 2231 1264 2254 ex
1287 2222 1401 2266 parte
1425 2217 1546 2254 etiam
1570 2229 1661 2267 per-

207 2284 365 2333 3fugis,
394 2285 461 2334 qui
490 2286 626 2323 omnia
651 2298 801 2323 novare
826 2288 1056 2336 cupiebant,
1085 2288 1302 2337 permixtis.
1360 2288 1556 2324 Praetores
1580 2287 1660 2324 dis-

248 2356 433 2392 simulare
462 2357 591 2404 primo
617 2357 868 2394 extrahenda
890 2369 951 2402 re;
986 2358 1061 2394 sed
1085 2362 1307 2406 postremo,
1340 2356 1431 2394 victi
1457 2368 1659 2393 consensu

205 2425 287 2465 4et
311 2426 554 2463 seditionem
578 2432 818 2471 metuentes,
849 2428 1113 2476 pronuntiant
1139 2439 1210 2464 eos
1233 2432 1439 2476 praetores.
1497 2425 1583 2463 Nec
1607 2426 1659 2463 illi

247 2497 376 2545 primo
416 2497 549 2534 statim
589 2497 711 2534 creati
750 2498 918 2541 nudare,
959 2498 1057 2545 quid
1090 2497 1247 2540 vellent,
1289 2508 1521 2544 quanquam
1555 2508 1659 2544 aegre

248 2566 445 2611 ferebant,
479 2572 519 2604 et
550 2568 603 2604 de
635 2567 798 2603 indutiis
832 2567 986 2603 dierum
1020 2568 1162 2604 decem
1192 2567 1349 2615 legatos
1373 2566 1452 2603 isse
1475 2567 1530 2602 ad
1554 2567 1658 2615 App.

248 2636 462 2672 Claudium
481 2642 533 2681 et,
559 2637 780 2686 impetratis
798 2636 869 2681 eis,
895 2637 1008 2680 alios,
1028 2637 1095 2685 qui
1113 2638 1165 2673 de
1185 2636 1338 2674 foedere
1356 2636 1524 2685 antiquo
1541 2648 1660 2673 reno-

206 2705 383 2745 5vand0
409 2712 590 2756 agerent,
617 2707 775 2744 missos.
824 2707 889 2743 Ad
906 2706 1179 2756 Murgantiam
1203 2712 1286 2744 tum
1310 2707 1481 2744 classem
1499 2706 1661 2743 navium
