1789 2955
248 117 328 157 154
662 115 765 146 Liber
790 115 916 146 XXIII.
951 114 1006 156 (A.
1031 126 1060 146 u.
1082 126 1109 146 c.
1131 114 1224 155 539.)

240 247 406 283 Iunonis
423 245 612 290 Laciniae,
638 246 703 282 ubi
723 246 834 282 navis
854 247 1012 283 occulta
1028 247 1068 283 in
1087 247 1262 283 statione
1280 253 1378 291 erat,
1403 248 1652 296 perveniunt.

201 316 342 355 3Inde
375 316 546 365 profecti
579 328 699 363 quum
733 317 854 352 altum
888 322 1085 362 tenerent,
1120 318 1327 366 conspecti
1361 331 1384 354 a
1417 318 1545 354 classe
1573 318 1654 354 Ro—

200 387 361 425 41nana
394 391 498 428 sunt,
533 398 621 434 quae
654 386 844 434 praesidio
878 392 962 422 erat
987 386 1182 424 Calabriae
1215 388 1407 424 litoribus.
1470 387 1654 425 Valerius

241 455 407 492 Flaccus
416 467 602 492 cercuros
612 457 666 492 ad
674 457 998 504 persequendam
1007 457 1372 505 retrahendamque
1381 470 1524 493 navem
1533 470 1654 506 quum

241 525 426 570 misisset,
446 527 575 574 primo
596 526 733 574 fugere
749 527 847 575 regii
863 528 1012 572 conati,
1034 528 1200 571 deinde,
1217 528 1654 565 ubiceleritatevincise

241 602 464 640 senserunt,
484 597 648 632 tradunt
665 609 708 633 se
718 597 926 640 Romanis,
946 603 985 633 et
1003 598 1057 632 ad
1076 597 1310 645 praefectum
1322 598 1459 635 classis
1472 600 1653 643 adducti,

199 667 225 706 5
241 677 363 712 quum
388 673 595 713 quaereret,
626 668 692 715 qui
717 674 758 703 et
779 668 889 703 unde
913 673 953 703 et
977 679 1057 714 quo
1083 668 1298 704 tenderent
1321 680 1492 705 cursum.
1518 670 1654 706 Xeno-

223 735 394 783 ·phanes
418 737 547 784 primo
573 738 669 774 satis
693 738 773 774 iam
798 738 921 774 semel
947 737 1037 773 felix
1057 739 1315 774 mendacium
1333 744 1497 783 struere,
1524 752 1547 775 a
1564 740 1654 776 Phi-

239 805 349 853 lippo
375 818 417 841 se
441 808 495 842 ad
513 807 723 844 Romanos
748 808 911 844 missum
931 808 985 843 ad
1002 807 1057 843 M.
1078 807 1296 853 Valerium,
1323 810 1377 844 ad
1395 821 1513 856 quem
1531 822 1653 846 unum

237 875 310 910 iter
343 882 468 912 tutum
502 877 632 922 fuerit,
666 878 911 926 pervenisse,
948 877 1214 926 Campaniam
1240 891 1427 927 superare
1450 881 1652 928 nequisse,

197 947 404 994 lisaeptam
434 947 608 984 hostium
638 948 847 997 praesidiis.
911 948 1073 984 Deinde
1106 954 1148 984 ut
1176 949 1350 985 Punicus
1383 951 1510 987 cultus
1542 951 1654 987 habi·

238 1022 380 1064 tusque
395 1024 606 1066 suspectos
620 1019 777 1067 legatos
788 1018 882 1055 fecit
891 1018 1144 1062 Hannibalis,
1158 1019 1511 1069 interrogatosque
1520 1033 1652 1058 sermo

199 1086 220 1124 T
237 1087 431 1134 prodidit,
456 1093 538 1124 tum
558 1089 771 1125 comitibus
789 1101 928 1124 eorum
948 1089 1124 1125 seductis
1142 1101 1189 1125 ac
1207 1095 1315 1125 metu
1333 1091 1490 1135 territis,
1514 1091 1652 1129 litterae

237 1169 399 1205 quoque
432 1159 482 1193 ab
516 1158 746 1195 Hannibale
779 1160 833 1194 ad
865 1159 1091 1208 Philippum
1124 1161 1296 1197 inventae
1329 1167 1369 1196 et
1400 1167 1519 1210 pacta
1550 1162 1653 1198 inter

199 1227 222 1265 8
239 1239 374 1275 regern
393 1228 670 1265 Macedonum
689 1229 939 1278 Poenumque
963 1231 1122 1267 ducem.
1173 1231 1328 1276 Quibus
1352 1233 1447 1268 satis
1466 1233 1651 1281 cognitis,

237 1298 431 1346 optimum
471 1299 596 1335 visum
631 1306 692 1336 est
723 1301 904 1349 captivos
938 1301 1188 1349 comitesque
1222 1314 1360 1338 eorum
1393 1303 1566 1339 Romam
1598 1304 1653 1339 ad

236 1374 420 1404 senatum
453 1376 521 1405 aut
553 1372 608 1405 ad
637 1371 836 1414 consules,
878 1371 1107 1419 ubicunque
1139 1378 1288 1416 essent,
1330 1385 1450 1420 quam
1482 1374 1651 1421 primum

199 1438 468 1487 9deportare.
537 1442 602 1477 Ad
635 1442 677 1477 id
710 1441 926 1478 celerrimae
959 1441 1136 1489 quinque
1168 1455 1292 1479 naves
1325 1444 1493 1481 delectae
1526 1457 1574 1481 ac
1606 1445 1651 1481 L.

236 1508 420 1546 Valerius
439 1511 594 1555 Antias,
622 1512 687 1559 qui
712 1517 916 1560 praeesset,
942 1512 1099 1556 missus,
1128 1513 1245 1560 eique
1270 1515 1520 1559 mandatum,
1546 1521 1588 1551 ut
1611 1515 1652 1551 in

237 1592 379 1616 omnes
411 1593 535 1617 naves
558 1582 715 1630 legatos
738 1582 954 1631 separatim
979 1583 1276 1620 custodiendos
1299 1585 1498 1620 divideret
1521 1586 1653 1621 daret-

236 1661 314 1696 que
344 1662 525 1698 operam,
556 1665 608 1688 ne
639 1654 751 1700 quod
776 1653 822 1688 iis
846 1652 1091 1700 colloquium
1114 1653 1216 1689 inter
1239 1666 1282 1690 se
1305 1667 1407 1690 neve
1430 1667 1519 1703 quae
1544 1667 1652 1691 com-

235 1721 454 1757 municatio
489 1722 644 1758 consilii
677 1729 797 1759 esset.

169 1791 220 1830 10
351 1791 427 1827 Per
458 1791 567 1828 idem
602 1798 759 1841 tempus
792 1789 933 1830 Romae
967 1805 1088 1841 quum
1111 1795 1158 1830 A.
1184 1793 1394 1831 Cornelius
1418 1795 1650 1841 Mammula,

235 1873 281 1896 ex
310 1862 497 1898 Sardinia
523 1863 730 1910 provincia
759 1864 980 1907 decedens,
1014 1864 1244 1908 rettulisset,
1274 1865 1340 1912 qui
1369 1871 1494 1902 status
1521 1879 1650 1902 rerum

166 1932 210 1970 1]
235 1931 274 1966 in
307 1931 438 1967 insula
469 1938 593 1969 esset:
629 1934 776 1969 bellum
808 1945 855 1969 ac
888 1933 1165 1970 defectionem
1194 1946 1336 1971 omnes
1360 1941 1563 1983 spectare;
1599 1936 1649 1982 Q.

234 2000 424 2045 Mucium,
457 2003 522 2050 qui
553 2004 814 2040 successisset
836 2003 924 2047 sibi,
954 2004 1150 2052 gravitate
1174 2005 1258 2041 caeli
1282 2017 1556 2054 aquarumque
1579 2008 1651 2042 ad-

233 2071 462 2108 venientem
495 2079 720 2122 exceptum,
754 2085 839 2109 non
872 2079 951 2109 tam
985 2074 1026 2110 in
1048 2075 1319 2122 periculosum
1343 2088 1462 2124 quam
1485 2077 1650 2125 longum

234 2142 417 2178 morbum
450 2142 696 2191 implicitum,
732 2145 799 2180 diu
833 2144 886 2179 ad
919 2144 1011 2180 belli
1045 2146 1181 2182 munia
1210 2146 1450 2182 sustinenda
1471 2147 1650 2183 inutilem

166 2213 218 2251 12
234 2211 333 2256 fore,
365 2213 663 2261 exercitumque
691 2215 744 2249 ibi
774 2221 815 2250 ut
838 2215 934 2251 satis
957 2215 1110 2251 firmum
1134 2222 1289 2264 pacatae
1312 2217 1529 2265 provinciae
1551 2230 1650 2266 prae-

234 2282 360 2318 sidem
405 2295 508 2327 esse,
549 2284 604 2320 ita
637 2285 829 2333 imparem
863 2286 983 2329 bello,
1025 2287 1139 2334 quod
1172 2292 1326 2322 motum
1357 2287 1402 2322 iri
1435 2287 1648 2331 videretur,

167 2354 217 2392 123
234 2353 499 2389 decreverunt
540 2360 688 2402 patres,
735 2362 774 2391 ut
814 2356 864 2401 Q.
904 2356 1062 2392 Fulvius
1105 2357 1272 2393 Flaccus
1311 2357 1487 2405 quinque
1528 2358 1650 2394 millia

235 2424 429 2471 peditum,
470 2425 790 2473 quadringentos
829 2426 984 2473 equites
1018 2426 1208 2462 scriberet
1241 2439 1413 2474 eamque
1445 2427 1650 2476 legionem

166 2493 219 2533 14
233 2494 362 2543 primo
381 2506 544 2542 quoque
562 2501 745 2544 tempore
763 2496 802 2532 in
821 2497 1049 2533 Sardiniam
1067 2497 1345 2533 traiiciendam
1364 2504 1532 2541 curaret,
1562 2498 1649 2533 mit-

234 2570 414 2612 teretque
445 2577 534 2601 cum
564 2566 746 2614 imperio,
779 2579 897 2614 quem
927 2567 1002 2615 ipsi
1033 2568 1246 2610 videretur,
1278 2567 1344 2614 qui
1372 2579 1455 2603 rem
1477 2574 1648 2615 gereret,

167 2634 218 2672 15
234 2636 372 2683 quoad
389 2635 546 2672 Mucius
572 2637 854 2673 convaluisset.
909 2638 974 2673 Ad
999 2650 1089 2674 eam
1112 2649 1196 2673 rem
1218 2637 1362 2673 missus
1387 2643 1448 2674 est
1464 2637 1513 2673 T.
1532 2637 1649 2674 Man-
