1789 2955
264 109 318 146 80
649 105 765 140 Liber
789 105 957 140 XXVII.
1008 106 1071 149 (A.
1097 118 1130 140 u.
1158 117 1186 140 c.
1213 107 1305 151 545.)

263 235 472 281 postquam
499 233 637 282 quieta
663 233 794 271 omnia
822 234 927 270 circa
952 246 993 270 se
1018 233 1133 279 vidit,
1165 233 1263 270 alias
1287 236 1420 282 partes
1447 248 1491 271 eo
1522 236 1697 273 tumultu

191 304 238 340 16
258 317 485 354 personare,
509 309 554 342 ut
578 308 703 354 captae
726 305 838 342 urbis
863 304 1063 342 interdum
1089 304 1331 342 excitaretur
1356 306 1516 357 clamor,
1533 307 1695 353 veritus,

264 389 311 412 ne
350 376 456 412 inter
495 377 788 414 cunctationem
827 390 937 414 suam
976 376 1114 413 consul
1152 376 1325 425 aliquam
1363 377 1442 413 vim
1474 377 1621 413 faceret
1651 388 1696 412 ac

263 447 375 496 signa
406 448 584 494 inferret,
630 447 861 497 praesidium
892 448 943 486 ad
975 461 1116 494 arcemy
1162 448 1268 485 unde
1300 448 1471 485 maxime
1501 447 1696 485 terribilis

190 520 238 557 17
260 519 468 556 accidebat
498 533 629 568 sonus,
657 520 844 557 traducit.
891 520 1044 557 Fabius
1072 533 1193 569 quum
1217 523 1256 557 et
1279 533 1327 556 ex
1349 519 1540 569 temporis
1564 519 1697 568 spatio

263 593 301 627 et
326 604 377 627 ex
402 591 561 628 silentio
587 591 686 641 ipso,
718 591 838 641 quod,
863 592 933 629 ubi
957 591 1077 641 paulo
1102 595 1193 628 ante
1218 592 1449 640 strepebant
1475 591 1696 628 excitantes

262 665 528 712 vocantesque
560 663 609 700 ad
642 677 764 713 arma,
797 663 890 701 inde
922 664 1033 700 nulla
1059 663 1267 700 accidebat
1291 677 1382 710 vox,
1413 663 1605 700 deductas
1630 676 1696 699 cu-

263 734 414 771 stodias
447 735 646 783 sensisset,
679 735 774 772 ferri
806 736 932 773 scalas
964 735 1013 772 ad
1038 748 1123 772 eam
1147 738 1302 784 partem
1326 735 1440 781 muri,
1473 748 1551 784 qua
1577 734 1695 771 Brut-

261 806 410 843 tiorum
456 806 658 844 cohortem
704 808 935 857 praesidium
983 807 1136 856 agitare
1180 806 1421 856 proditionis
1461 805 1697 843 conciliator

189 878 529 928 18nuntiaverat7
562 878 684 916 iubet.
744 879 804 916 Ea
835 879 1009 929 primum
1041 883 1179 928 captus
1212 881 1270 915 est
1295 891 1442 924 murus,
1473 877 1696 915 adiuvanti-

261 949 334 986 bus
365 950 736 1000 recipientibusque
768 950 952 997 Bruttiis,
993 954 1032 987 et
1070 954 1344 987 transcensum
1375 949 1417 986 in
1448 950 1588 986 urbem
1619 952 1696 994 est3

261 1020 354 1058 inde
395 1025 434 1059 et
473 1023 656 1071 proxima
695 1022 867 1059 refracta
905 1025 1032 1072 porta,
1078 1026 1124 1059 ut
1161 1021 1362 1071 frequenti
1393 1021 1551 1070 agmine
1583 1021 1696 1070 signa

188 1094 236 1130 19
257 1093 513 1131 inferrentur.
585 1094 685 1131 Tum
729 1095 901 1132 clamore
942 1094 1098 1131 sublato
1138 1094 1210 1131 sub
1251 1096 1382 1131 ortum
1421 1094 1543 1130 ferme
1582 1093 1696 1139 lucis,

260 1166 372 1203 nullo
405 1167 522 1203 obvio
554 1169 718 1213 armato,
750 1167 790 1203 in
822 1166 951 1204 forum
983 1166 1232 1215 perveniunt,
1265 1179 1477 1215 omnesque
1508 1165 1698 1214 undique,

261 1238 330 1286 qui
376 1237 425 1274 ad
471 1251 600 1275 arcem
646 1241 885 1288 portumque
932 1238 1185 1288 pugnabant,
1230 1237 1271 1274 in
1317 1250 1357 1274 se
1403 1240 1695 1274 converterunt.

118 1304 168 1352 16
257 1309 454 1346 Proelium
501 1310 541 1347 in
589 1310 701 1347 aditu
745 1311 822 1348 fori
864 1310 1012 1347 maiore
1051 1310 1203 1359 impetu
1242 1322 1359 1358 quam
1399 1308 1696 1358 perseverantia

261 1381 512 1418 commissum
544 1386 612 1419 est.
672 1382 763 1420 Non
797 1383 940 1429 animo,
977 1394 1057 1418 non
1089 1382 1218 1428 armis,
1250 1395 1328 1418 non
1360 1384 1443 1417 arte
1474 1380 1583 1426 belli,
1616 1393 1694 1418 non

213 1455 235 1490 2
254 1454 392 1501 vigore
425 1467 469 1490 ac
501 1454 654 1491 viribus
687 1455 867 1504 corporis
899 1467 972 1504 par
1002 1453 1183 1491 Romano
1207 1452 1447 1490 Tarentinus
1480 1455 1583 1497 erat3
1617 1452 1694 1501 igi-

257 1527 324 1562 tur
353 1525 449 1574 pilis
479 1528 631 1562 tantum
665 1526 864 1571 coniectis,
895 1526 1008 1575 prius
1040 1539 1164 1575 paene,
1197 1538 1312 1574 quam
1339 1528 1592 1561 consererent
1615 1537 1693 1560 ma-

257 1611 343 1643 nus,
400 1600 514 1646 terga
553 1598 763 1644 dederunt,
802 1598 1031 1647 dilapsique
1069 1611 1140 1647 per
1179 1600 1274 1634 nota
1314 1596 1427 1633 urbis
1467 1596 1613 1633 itinera
1653 1596 1693 1632 in

214 1671 345 1706 Rsuas
378 1670 673 1720 amicorumque
706 1670 855 1709 domos.
917 1669 1010 1707 Duo
1044 1683 1092 1707 ex
1125 1669 1304 1715 ducibus,
1343 1668 1445 1705 Nico
1478 1671 1515 1705 et
1546 1668 1693 1705 Demo-

259 1744 398 1788 crates,
444 1742 603 1779 fortiter
641 1745 865 1792 pugnantes
896 1741 1085 1780 cecidere.
1147 1740 1415 1786 Philemenus
1461 1740 1529 1789 qui
1559 1739 1693 1789 prodi-

255 1813 378 1850 tionis
419 1813 470 1850 ad
510 1813 779 1851 Hannibalem
821 1818 962 1851 auctor
998 1814 1142 1860 fuerat,
1188 1826 1307 1862 quum
1346 1812 1468 1850 citato
1509 1825 1611 1861 equo
1644 1825 1692 1848 ex

210 1887 233 1922 4
252 1886 395 1935 proelio
429 1890 590 1923 avectus
621 1890 736 1933 esset,
774 1899 921 1924 vacuus
952 1886 1072 1935 paulo
1105 1889 1194 1935 post
1221 1898 1344 1934 equus
1371 1898 1507 1921 errans
1531 1897 1603 1933 per
1626 1897 1691 1920 ur-

256 1958 344 1994 bem
376 1958 571 2006 cognitus,
602 1971 742 2008 corpus
773 1971 967 2007 nusquam
999 1957 1205 1994 inventum
1237 1960 1316 2003 est3
1348 1955 1540 1993 creditum
1571 1956 1692 2004 vulgo

213 2032 234 2067 5
254 2033 323 2076 est,
370 2030 410 2066 in
441 2034 606 2080 puteum
638 2033 820 2080 apertum
853 2043 899 2067 ex
933 2043 1034 2079 equo
1065 2029 1346 2079 praecipitasse.
1407 2027 1691 2065 Carthalonem

257 2104 408 2149 autem,
464 2103 697 2151 praefectum
744 2102 892 2139 Punici
937 2101 1133 2151 praesidii,
1187 2114 1274 2138 cum
1321 2100 1691 2137 commemoratione

256 2174 415 2223 paterni
447 2174 624 2223 hospitii,
657 2174 801 2223 positis
833 2174 967 2220 armis,
1008 2173 1234 2210 venientem
1266 2172 1312 2209 ad
1348 2172 1547 2209 consulem
1578 2171 1690 2209 miles

210 2248 231 2282 6
252 2246 395 2284 obvius
427 2247 652 2283 obtruncat.
714 2245 801 2282 Alii
833 2246 933 2283 alios
965 2245 1111 2295 passim
1139 2245 1225 2281 sine
1253 2244 1481 2281 discrimine
1506 2247 1690 2290 armatos,

258 2319 426 2356 inermes
488 2318 663 2364 caedunt,
730 2317 1084 2364 Carthaginienses
1143 2316 1462 2364 Tarentinosque
1522 2316 1687 2365 pariter.

253 2390 408 2427 Bruttii
441 2403 598 2440 quoque
631 2389 746 2426 multi
778 2388 989 2433 interfecti,
1030 2402 1097 2425 seu
1128 2402 1200 2438 per
1231 2401 1416 2433 errorem,
1456 2401 1525 2424 seu
1555 2392 1689 2424 vetere

256 2463 293 2498 in
334 2476 399 2499 eos
442 2463 563 2499 insito
595 2461 701 2508 odio,
746 2474 815 2497 seu
847 2460 895 2497 ad
928 2460 1173 2510 proditionis
1203 2460 1359 2508 famam,
1408 2462 1453 2495 ut
1482 2459 1521 2496 vi
1554 2460 1688 2508 potius

254 2538 373 2583 atque
429 2535 551 2571 armis
603 2537 761 2583 captum
815 2532 1032 2569 Tarentum
1083 2532 1300 2576 videretur,
1347 2530 1685 2578 exstinguendam.

209 2607 228 2640 7
249 2606 350 2642 Tum
392 2619 414 2642 a
453 2605 560 2642 caede
606 2605 654 2642 ad
686 2604 956 2654 diripiendam
987 2604 1124 2640 urbem
1157 2603 1389 2640 discursum.
1450 2603 1586 2640 Millia
1617 2603 1686 2639 tri-

253 2677 366 2725 ginta
405 2677 610 2714 servilium
651 2677 824 2727 capitum
865 2676 1056 2713 dicuntur
1097 2677 1223 2724 capta,
1269 2675 1425 2723 argenti
1455 2675 1515 2712 vis
1546 2675 1687 2724 ingens
