1789 2955
528 86 643 122 Liber
668 85 791 122 XXX.
849 88 910 129 (A.
938 86 1002 121 Ch.
1027 88 1120 130 203.)
1459 92 1538 130 225
1563 96 1571 103 ”

114 213 295 252 Siciliam
327 213 374 251 P.
407 213 572 262 Villius,
604 213 835 251 Ariminum
877 227 963 251 cum
1003 215 1156 253 duabus
1188 215 1413 264 legionibus
1445 214 1538 268 (sub

113 283 181 336 Sp.
230 285 420 323 Lucretio
467 298 521 322 eae
565 285 740 336 fuerant)
786 285 1031 333 Quinctilius
1077 286 1210 325 Varus
1256 291 1315 325 est
1361 288 1536 328 sortitus.

110 356 164 394 Et
194 356 387 394 Lucretio
418 360 676 406 prorogatum
716 357 943 407 imperium,
991 361 1035 395 ut
1067 357 1249 396 Genuam
1295 360 1486 409 oppidum
1517 374 1540 398 a
1562 358 1612 396 10

110 427 282 477 Magone
314 428 440 466 Poeno
473 429 648 466 dirutum
681 427 959 468 exaedificaret.
1021 430 1068 469 P.
1108 429 1289 480 Scipioni
1334 445 1412 468 non
1443 435 1539 469 tem-

109 500 232 551 poris,
265 500 334 537 sed
364 500 424 538 rei
454 500 641 549 gerendae
664 499 752 546 fine,
784 499 909 537 donec
927 501 1170 539 debellatum
1196 503 1236 539 in
1254 502 1396 541 Africa
1426 503 1539 550 foret,

106 574 364 623 prorogatum
398 572 609 622 imperium
641 575 716 618 est3
751 572 1043 622 decretumque,
1074 577 1119 611 ut
1142 575 1385 624 supplicatio
1410 574 1535 621 fieret,
1554 573 1599 610 11

109 643 216 694 quod
248 643 282 681 is
312 644 354 680 in
370 643 554 681 Africam
586 643 832 693 provinciam
855 644 1089 691 traiecisset,
1120 650 1163 684 ut
1194 659 1241 684 ea
1264 660 1327 684 res
1349 647 1537 685 salutaris

106 715 256 766 populo
272 714 454 752 Romano
486 715 645 765 ipsique
677 716 765 753 duci
798 718 918 765 atque
951 717 1148 754 exercitui
1185 722 1298 756 esset.
1358 718 1407 756 In
1439 717 1538 756 Sici·
1627 713 1655 762 2

106 787 202 826 liam
231 787 314 825 tria
359 787 487 825 millia
518 787 692 824 militum
738 790 830 824 sunt
868 789 1040 838 scripta,
1087 790 1198 839 quia,
1244 790 1350 840 quod
1382 790 1538 828 roboris

107 873 153 898 ea
182 859 392 910 provincia
430 858 646 906 habuerat,
688 859 729 896 in
760 858 941 897 Africam
987 864 1257 899 transvectum
1302 862 1452 909 fuerat;
1499 866 1538 900 et

106 932 211 982 quia,
243 945 292 969 ne
325 944 403 981 qua
428 931 563 969 classis
589 944 636 968 ex
667 930 810 968 Africa
833 932 1049 980 traiiceret,
1080 934 1348 983 quadraginta
1371 936 1538 974 navibus

101 1003 293 1042 custodiri
338 1003 543 1054 placuerat
574 1000 725 1040 Siciliae
756 1003 998 1041 maritimam
1030 1018 1161 1052 oram,
1191 1006 1384 1044 tredecim
1416 1021 1538 1046 novas
1556 1004 1579 1040 2

97 1089 219 1114 naves
236 1075 388 1114 Villius
406 1088 536 1113 secum
554 1075 596 1111 in
614 1073 797 1111 Siciliam
815 1074 954 1121 duxit;
988 1080 1129 1114 ceterae
1154 1077 1194 1114 in
1214 1076 1357 1116 Sicilia
1379 1083 1534 1118 veteres

97 1148 269 1186 refectae.
332 1147 439 1184 Huic
487 1147 604 1184 classi
648 1146 703 1184 M.
736 1146 997 1196 PomponiuS,
1043 1148 1190 1197 prioris
1236 1150 1331 1187 anni
1375 1148 1577 1200 praetor,3

95 1222 311 1270 prorogato
344 1218 512 1268 imperio
543 1219 783 1267 praepositus
815 1232 938 1256 novos
972 1220 1121 1257 milites
1160 1235 1208 1258 ex
1238 1221 1363 1259 Italia
1393 1223 1534 1261 advec-

94 1294 156 1330 tos
187 1292 228 1329 in
259 1304 381 1329 naves
413 1291 617 1340 imposuit.
664 1289 811 1328 Parem
843 1291 1004 1329 navium
1032 1304 1237 1329 numerum
1262 1292 1332 1331 On.
1351 1292 1531 1341 Octavio,
1549 1290 1574 1327 4

96 1363 262 1414 praetori
293 1363 389 1400 item
414 1362 563 1412 prioris
587 1362 694 1409 anni,
725 1375 813 1399 cum
839 1362 928 1412 pari
954 1362 1040 1399 iure
1072 1364 1230 1413 imperii
1262 1365 1313 1402 ad
1345 1365 1532 1403 tuendam

97 1433 293 1473 Sardiniae
311 1447 421 1472 oram
438 1438 572 1484 patres
591 1433 870 1481 decreverunt3
904 1434 1102 1473 Lentulus
1126 1439 1274 1485 praetor
1299 1436 1377 1473 duo
1404 1437 1532 1476 millia

93 1507 268 1545 militum
300 1507 396 1544 dare
426 1507 467 1544 in
497 1519 618 1545 naves
649 1507 790 1544 iussus.
846 1506 900 1544 Et
930 1506 1064 1544 Italiae
1096 1520 1177 1554 ora,
1210 1509 1305 1557 quia
1334 1509 1533 1547 incertum
1551 1507 1573 1544 5

94 1582 194 1626 erat,
227 1591 305 1628 quo
338 1578 501 1616 missuri
533 1578 698 1616 classem
734 1577 1090 1628 Carthaginienses
1120 1580 1263 1627 forent,
1292 1580 1533 1618 videbantur

95 1653 242 1698 autem,
272 1650 469 1700 quicquid
495 1649 690 1688 nudatum
713 1649 914 1700 praesidiis
938 1654 1050 1698 esset,
1081 1651 1261 1701 petituri,
1292 1651 1348 1689 M.
1365 1652 1532 1699 Marcio,

93 1722 259 1773 praetori
293 1722 443 1772 prioris
473 1722 580 1769 anni,
626 1734 714 1759 cum
743 1722 909 1759 totidem
950 1722 1119 1760 navibus
1156 1723 1306 1761 tuenda
1338 1723 1433 1762 data
1463 1728 1531 1762 est.

94 1792 192 1832 Tria
221 1794 354 1831 millia
385 1794 559 1832 militum
590 1794 632 1831 in
664 1807 750 1832 eam
782 1793 949 1831 classem
981 1807 1026 1831 ex
1058 1793 1219 1833 decreto
1250 1799 1408 1845 patrum
1439 1809 1529 1834 con·
1549 1793 1572 1830 6

95 1865 202 1904 sules
232 1866 479 1916 scripserunt
510 1869 550 1903 et
581 1865 679 1903 duas
710 1866 890 1914 legiones
935 1865 1110 1903 urbanas
1156 1867 1207 1903 ad
1238 1867 1394 1904 incerta
1423 1867 1532 1904 belli.

94 1937 308 1988 Hispaniae
326 1950 414 1975 cum
444 1937 688 1975 exercitibus
710 1937 956 1987 imperioque
982 1937 1184 1975 veteribus
1210 1938 1532 1988 imperatoribus,
1550 1936 1571 1971 7

101 2009 147 2048 L.
178 2009 354 2048 Lentulo
387 2012 427 2047 et
456 2008 502 2046 L.
533 2008 687 2046 Manlio
718 2008 907 2055 Acidino,
941 2008 1121 2046 decretae.
1177 2009 1340 2059 Viginti
1371 2010 1531 2048 omnino

98 2081 331 2132 legionibus
379 2084 420 2120 et
449 2084 607 2119 centum
639 2081 847 2130 sexaginta
891 2079 1062 2119 navibus
1094 2080 1225 2129 longis
1254 2094 1318 2119 res
1348 2081 1532 2120 Romana

92 2166 138 2192 eo
169 2166 271 2191 anno
311 2155 435 2202 gesta.

209 2224 415 2263 Praetores
447 2225 487 2262 in
517 2225 747 2275 provincias
774 2225 833 2262 ire
858 2225 979 2272 iussi3
1018 2225 1250 2264 consulibus
1282 2223 1572 2276 imperatum‚8

91 2300 148 2347 ut,
174 2297 408 2348 priusquam
437 2297 487 2335 ab
510 2297 611 2334 urbe
635 2296 999 2347 proficiscerentur,
1024 2297 1141 2336 ludos
1163 2309 1327 2347 magnos
1343 2297 1530 2344 facerent,

93 2381 195 2419 quos
241 2367 287 2408 Τ.
335 2368 513 2407 Manlius
559 2367 789 2419 Torquatus
842 2368 1019 2406 dictator
1064 2369 1107 2406 in
1152 2369 1337 2419 quintum
1383 2381 1530 2406 annum

94 2440 280 2488 vovisset,
313 2441 347 2479 si
378 2440 514 2479 eodem
547 2444 656 2479 statu
700 2453 762 2478 res
800 2440 964 2490 publica
1011 2443 1145 2478 staret.
1204 2440 1259 2477 Et
1287 2452 1410 2478 novas
1440 2439 1530 2477 reli·
1551 2438 1574 2475 9

92 2512 230 2561 giones
261 2512 494 2551 excitabant
532 2513 574 2550 in
620 2512 766 2550 animis
811 2512 1016 2549 hominum
1048 2511 1235 2562 prodigia
1266 2524 1314 2548 ex
1345 2511 1528 2561 pluribus

91 2583 192 2622 locis
223 2584 419 2623 nuntiata.
463 2584 624 2623 Aurum
657 2585 697 2622 in
730 2583 933 2634 Capitolio
965 2583 1075 2621 corvi
1105 2596 1184 2621 non
1216 2583 1412 2620 lacerasse
1441 2585 1528 2620 tan-

93 2656 178 2693 tum
210 2655 352 2694 rostris
383 2655 542 2707 crediti,
575 2655 645 2694 sed
677 2655 795 2694 etiam
828 2654 980 2701 edisse3
1025 2667 1155 2692 mures
1186 2653 1307 2692 Antii
1344 2665 1529 2691 coronam

159 2725 268 2751 Livius
289 2733 325 2752 ex
345 2732 402 2752 rec.
421 2725 577 2757 Madvigii.
616 2726 670 2751 IV.
1211 2722 1253 2757 15
