1768 2943
225 96 282 137 54
650 95 755 126 Liber
780 95 872 126 XXI.
924 94 980 137 (A.
1007 106 1037 126 u.
1065 106 1094 127 e.
1121 95 1216 138 536.)

99 223 161 268 62
343 228 484 263 Romae
517 232 586 263 aut
617 227 721 264 circa
754 229 893 263 urbem
925 227 1049 263 multa
1081 239 1130 263 ea
1162 227 1294 264 hieme
1318 228 1506 276 prodigia
1533 227 1639 265 facta

224 303 305 342 aut,
340 298 452 345 quod
485 297 645 333 evenire
677 298 780 334 solet
811 298 931 334 motis
963 297 1088 334 semel
1127 297 1169 333 in
1208 297 1445 346 religionem
1483 299 1638 342 animis,

183 366 347 406 {Zmulta
378 368 563 404 nuntiata
594 373 634 403 et
665 373 815 403 temere
841 368 994 404 credita
1011 373 1115 411 sunt,
1144 368 1185 404 in
1210 369 1310 416 quis,
1334 368 1556 416 ingenuum
1582 369 1640 405 in-

183 436 378 477 3fantem
411 443 644 474 semestrem
686 437 727 473 in
765 436 854 474 foro
888 438 1047 475 olitorio
1081 438 1325 486 triumphum
1358 439 1567 483 clamasse,
1602 445 1641 475 et

224 509 265 544 z'n
298 508 388 545 foro
421 508 563 544 boario
592 509 737 543 bovem
769 507 811 543 in
843 507 1000 544 tertiam
1024 509 1373 557 contignationem
1398 521 1470 545 sua
1494 515 1640 557 sponte

225 579 459 615 escendisse
483 584 604 626 atque
626 577 724 613 inde
748 578 915 614 tumultu
939 578 1209 615 habitatorum
1228 580 1404 615 territum
1423 591 1512 616 sese
1530 579 1640 614 deie-

181 648 339 693 4cisse‚
373 654 413 685 et
444 648 604 684 navium
637 648 814 696 speciem
848 649 899 684 de
933 649 1031 685 caelo
1064 648 1273 694 affulsisse,
1308 656 1347 685 et
1379 650 1509 686 aedem
1532 649 1639 698 Spei,

223 732 311 768 quae
345 725 406 756 est
428 719 470 755 in
503 718 592 754 foro
618 718 791 762 olitorio,
819 717 982 755 fulmine
1007 719 1140 763 ictam,
1166 725 1205 755 et
1222 719 1391 756 Lanuvii
1418 721 1574 757 hastam
1597 732 1640 755 se

223 790 492 827 commovisse
525 794 565 824 et
597 800 758 825 corvum
791 788 830 824 in
866 790 995 825 aedem
1028 789 1194 826 Iunonis
1217 790 1431 827 devolasse
1455 797 1574 838 atque
1599 790 1640 826 in

182 854 313 909 ffiipso
345 859 540 908 pulvinari
573 859 825 902 consedisse,
860 864 899 894 et
922 859 962 895 in
991 872 1089 908 agro
1108 861 1359 897 Amiternino
1384 861 1515 897 multis
1541 860 1640 897 locis

223 931 432 967 hominum
472 930 608 978 specie
647 930 786 978 procul
827 929 1007 966 candida
1038 935 1149 966 veste
1181 931 1289 967 visos
1328 943 1403 967 nec
1438 943 1526 966 cum
1559 931 1640 966 ullo

224 1012 480 1050 congressos,
515 1006 555 1036 et
585 1001 626 1036 in
658 1000 809 1036 Piceno
843 999 1044 1047 lapidibus
1077 1001 1263 1048 pluvisse,
1298 1008 1338 1037 et
1366 1000 1479 1037 Caere
1512 1007 1640 1037 sortes

225 1077 475 1116 extenuatas,
510 1077 550 1107 et
576 1071 616 1107 in
645 1070 778 1107 Gallia
805 1070 941 1118 lupum
970 1070 1074 1118 vigili
1102 1071 1282 1119 gladium
1306 1084 1354 1107 ex
1378 1071 1526 1119 vagina
1551 1083 1642 1120 rap-

183 1136 307 1179 Gtum
340 1142 566 1179 abstulisse.
630 1140 694 1177 Ob
728 1146 862 1177 cetera
894 1141 1081 1189 prodigia
1124 1141 1246 1178 libros
1279 1143 1392 1178 adire
1425 1141 1642 1178 decemviri

223 1213 338 1257 iussi;
373 1213 486 1260 quod
519 1217 654 1248 autem
686 1210 888 1260 lapidibus
920 1211 1111 1259 pluvisset
1131 1212 1173 1248 in
1197 1212 1362 1257 Piceno,
1396 1211 1641 1249 novendiale

224 1295 379 1320 sacrum
406 1283 602 1326 edictum;
637 1287 676 1318 et
700 1281 873 1318 subinde
897 1282 982 1319 aliis
1007 1283 1274 1331 procurandis
1295 1295 1424 1331 prope
1446 1288 1533 1318 tota
1551 1282 1642 1319 civi·

184 1348 284 1390 Ttas
318 1359 487 1402 operata
519 1353 603 1389 fuit.
666 1352 771 1388 Nam
810 1353 980 1401 primum
1021 1353 1199 1390 omnium
1243 1354 1335 1390 urbs
1375 1354 1540 1390 lustrata
1582 1359 1643 1389 est

183 1418 448 1472 Shostiaeque
479 1424 666 1468 maiores,
701 1423 844 1471 quibus
877 1423 1029 1460 editum
1063 1430 1135 1468 est,
1170 1424 1232 1460 dis
1261 1435 1388 1468 caesae,
1423 1429 1463 1459 et
1487 1424 1642 1460 donum

224 1508 272 1531 ex
304 1495 388 1531 auri
421 1495 564 1543 pondo
598 1493 866 1542 quadraginta
898 1493 1121 1530 Lanuvium
1160 1494 1305 1531 Iunoni
1345 1500 1550 1542 portatum
1581 1501 1643 1531 est

224 1572 264 1602 et
289 1566 446 1614 signum
473 1577 645 1602 aeneum
669 1570 865 1601 matronae
881 1564 1027 1601 Iunoni
1053 1565 1093 1601 in
1112 1565 1313 1601 Aventino
1334 1564 1640 1608 dedicaverunt,

224 1643 264 1673 et
286 1636 572 1673 lectisternium
591 1635 717 1680 Caere,
744 1635 810 1671 ubi
836 1640 965 1671 sortes
990 1640 1208 1672 attenuatae
1232 1641 1359 1679 erant,
1388 1635 1640 1683 imperatum,

183 1702 208 1741 9
224 1713 264 1744 et
288 1706 530 1756 supplicatio
554 1706 741 1743 Fortunae
765 1707 806 1741 in
824 1705 993 1754 Algid03
1027 1707 1168 1743 Romae
1197 1718 1359 1754 quoque
1387 1711 1427 1741 et
1453 1705 1643 1742 lectister-

224 1778 333 1814 nium
365 1777 558 1814 iuventuti
591 1782 631 1813 et
663 1776 902 1825 supplicatio
936 1777 990 1812 ad
1023 1777 1153 1813 aedem
1177 1776 1361 1813 Herculis
1389 1775 1642 1819 nominatim,

225 1849 376 1884 deinde
414 1848 601 1884 universo
639 1848 793 1896 populo
832 1847 937 1884 circa
975 1846 1112 1883 omnia
1150 1846 1371 1894 pulvinaria
1403 1845 1570 1889 indicta,
1604 1851 1644 1881 et

157 1914 210 1954 10
225 1918 359 1955 Genio
393 1919 568 1954 maiores
601 1918 742 1954 hostiae
776 1929 889 1954 caesae
918 1917 1107 1965 quinque,
1136 1922 1176 1952 et
1204 1915 1250 1952 C.
1279 1916 1420 1952 Atilius
1449 1916 1643 1952 Serranus

224 1994 371 2036 praetor
403 1993 498 2024 vota
531 1988 734 2037 suscipere
766 1988 910 2032 iussus,
944 1988 975 2024 si
999 1987 1040 2023 in
1067 1987 1211 2023 decem
1236 1998 1368 2023 annos
1396 1999 1460 2023 res
1483 1986 1644 2035 publica

157 2056 205 2095 ll
225 2059 375 2095 eodem
407 2058 584 2095 stetisset
615 2064 734 2095 statu.
798 2058 896 2094 Haec
928 2063 1143 2107 procurata
1170 2063 1345 2105 votaque
1374 2069 1422 2093 ex
1450 2057 1558 2094 libris
1586 2057 1644 2093 Si-

226 2128 382 2177 byllinis
415 2141 564 2177 magna
596 2142 644 2165 ex
677 2135 790 2177 parte
823 2129 1052 2165 levaverant
1083 2127 1279 2176 religione
1311 2127 1484 2163 animos.

100 2193 163 2239 63
345 2198 567 2236 Consulum
592 2199 897 2247 designatorum
920 2199 1020 2234 alter
1037 2198 1269 2242 Flaminius,
1288 2197 1351 2234 cui
1370 2209 1427 2234 eae
1446 2197 1642 2245 legiones,

227 2281 314 2317 quae
346 2269 562 2306 Placentiae
595 2269 876 2313 hibernabant,
911 2275 1019 2306 sorte
1052 2274 1283 2312 evenerant,
1318 2267 1496 2304 edictum
1523 2272 1562 2303 et
1584 2266 1644 2302 lit-

226 2346 332 2382 teras
364 2340 419 2375 ad
452 2339 660 2377 consulem
692 2339 810 2383 misit,
845 2345 886 2375 ut
917 2339 950 2375 is
983 2339 1178 2376 exercitus
1210 2339 1343 2375 idibus
1375 2337 1529 2374 Martiis
1558 2337 1644 2373 Ari·

186 2408 323 2448 Qmini
355 2410 520 2446 adesset
551 2409 591 2445 in
624 2409 776 2446 castris.
840 2409 916 2446 Hic
948 2409 988 2445 in
1021 2409 1228 2458 provincia
1260 2408 1511 2445 consulatum
1545 2407 1643 2443 inire

228 2480 439 2517 consilium
478 2485 563 2516 erat
600 2479 769 2516 memori
807 2485 985 2515 veterum
1025 2479 1288 2516 certaminum
1328 2491 1418 2516 cum
1450 2478 1642 2527 patribus,

228 2563 315 2598 quae
339 2551 519 2587 tribunus
543 2550 672 2599 plebis
699 2556 739 2585 et
763 2561 851 2598 quae
879 2555 1024 2598 postea
1047 2550 1189 2586 consul
1216 2549 1323 2597 prius
1348 2550 1400 2585 de
1418 2549 1642 2592 consulatu,
