1768 2943
231 100 287 142 82
651 97 755 129 Liber
781 98 891 129 XXII.
926 96 979 140 (A.
1008 107 1038 128 u.
1067 107 1095 128 c.
1122 95 1218 139 537.)

230 236 402 267 tatorem
430 229 634 266 obstitisse
661 230 716 266 rei
742 230 847 265 bene
869 230 1075 277 gerendae,
1101 229 1175 266 sed
1197 229 1409 269 absentem
1433 229 1553 265 etiam
1577 241 1648 277 ge-

231 308 300 337 stae
334 302 509 344 obstare,
544 306 583 336 et
613 300 655 336 in
687 300 880 337 ducendo
914 299 1019 336 bello
1053 300 1196 336 sedulo
1219 306 1378 348 tempus
1400 305 1541 343 terere,
1565 311 1646 347 quo

232 372 379 407 diutius
417 371 459 407 in
496 371 732 419 magistratu
770 371 819 407 sit
861 371 1051 418 solusque
1083 377 1123 406 et
1155 371 1296 406 Romae
1328 375 1369 406 et
1399 370 1440 406 in
1473 370 1647 406 exercitu

189 441 438 490 5imperium
472 441 633 477 habeat.
698 441 860 489 Quippe
899 441 1107 478 consulum
1147 441 1314 476 alterum
1352 441 1393 476 in
1425 440 1512 477 acie
1545 440 1648 477 ceei-

233 513 353 555 disse,
388 512 555 548 alterum
588 511 723 559 specie
747 511 886 548 classis
907 512 1068 548 Punicae
1098 511 1392 559 persequendae
1424 510 1564 559 procul
1596 510 1648 546 ab

191 582 215 623 6
231 583 344 618 Italia
378 582 628 630 ablegatum;
664 582 768 619 duos
794 587 985 630 praetores
1011 581 1144 618 Sicilia
1167 587 1288 629 atque
1312 580 1498 617 Sardinia
1529 592 1649 617 occu-

232 660 363 702 patos,
397 664 564 700 quarum
597 658 739 689 neutra
771 653 850 689 hoc
882 658 1064 701 tempore
1086 652 1294 701 provincia
1315 657 1487 700 praetore
1509 656 1647 700 egeat;

232 724 287 760 M.
311 723 533 760 Minucium
557 723 790 771 magistrum
816 724 1007 772 equitum,
1033 735 1086 759 ne
1111 723 1270 759 hostem
1287 723 1454 766 videret,
1480 734 1532 758 ne
1551 722 1649 769 quid

192 794 286 833 Trei
319 795 471 830 bellicae
503 800 673 842 gereret,
707 806 835 843 prope
868 794 908 830 in
942 794 1127 830 custodia
1153 794 1346 830 habitum.
1394 793 1534 841 Itaque
1561 792 1650 828 her-

233 865 319 901 cule
351 877 436 901 non
470 864 675 901 Samnium
707 865 849 907 modo,
884 876 965 912 quo
997 864 1299 915 iamttanquam
1321 870 1431 900 trans
1454 863 1649 899 Hiberum

233 947 330 983 agro
364 935 499 971 Poenis
533 946 774 971 concessum
807 936 868 979 sit,
903 935 977 971 sed
1010 934 1265 983 Campanum
1298 933 1577 981 Calenumque
1609 938 1650 969 et

233 1005 445 1042 Falernum
478 1018 618 1055 agrum
650 1011 902 1054 pervastatos
936 1017 1039 1049 esse,
1074 1005 1245 1042 sedente
1263 1004 1428 1041 Casilini
1450 1004 1650 1041 dictatore

192 1078 216 1116 8
233 1082 272 1112 et
303 1077 530 1126 legionibus
555 1077 693 1125 populi
713 1076 887 1112 Romani
912 1087 1051 1124 agrum
1070 1087 1185 1112 suum
1203 1081 1371 1112 tutante.
1420 1075 1650 1111 Exercitum

234 1148 462 1196 cupientem
495 1159 676 1196 pugnare
705 1152 745 1182 et
769 1146 1001 1195 magistrum
1026 1147 1204 1194 equitum
1223 1147 1382 1183 clausos
1400 1157 1529 1194 prope
1547 1145 1650 1181 intra

234 1218 378 1253 vallum
409 1224 610 1262 retentos;
651 1224 843 1265 tanquam
883 1218 1068 1254 hostibus
1100 1218 1266 1266 captivis
1299 1229 1411 1253 arma
1442 1216 1649 1264 adempta.

193 1287 218 1328 9
235 1287 436 1332 Tandem,
471 1295 513 1325 ut
537 1288 778 1325 abscesserit
799 1288 896 1324 inde
922 1288 1109 1331 dictator,
1142 1294 1185 1323 ut
1207 1287 1424 1324 obsidione
1445 1287 1650 1330 liberatos,

167 1358 220 1398 10
234 1366 344 1395 extra
377 1359 521 1395 vallum
554 1371 741 1408 egressos
775 1358 928 1395 fudisse
961 1370 1009 1394 ac
1042 1357 1205 1407 fugasse
1237 1359 1388 1395 hostes.
1453 1357 1565 1403 Quas
1598 1356 1652 1393 ob

234 1441 309 1472 res,
345 1430 375 1465 si
402 1430 590 1477 antiquus
614 1428 771 1466 animus
794 1429 927 1478 plebei
949 1430 1146 1465 Romanae
1164 1434 1283 1472 esset,
1308 1429 1516 1464 audaciter
1534 1439 1578 1464 se
1596 1427 1650 1463 la-

233 1506 361 1535 turum
396 1499 517 1536 fuisse
543 1501 595 1536 de
619 1500 860 1548 abrogando
881 1499 931 1545 Q.
951 1499 1063 1535 Fabii
1087 1500 1277 1547 imperio;
1311 1510 1419 1535 nunc
1445 1499 1650 1535 modicam

234 1570 489 1618 rogationem
522 1571 864 1619 promulgaturum
899 1571 951 1605 de
979 1570 1182 1618 aequando
1207 1570 1386 1618 magistri
1410 1569 1586 1617 equitum
1613 1575 1652 1605 et

168 1640 215 1679 11
236 1640 443 1676 dictatoris
475 1640 572 1676 iure.
621 1640 706 1678 Nec
739 1646 876 1677 tamen
908 1653 960 1677 ne
992 1640 1046 1677 ita
1079 1641 1242 1688 quidem
1275 1640 1383 1688 prius
1410 1640 1652 1676 mittendum

236 1712 289 1746 ad
322 1711 538 1747 exercitum
572 1711 623 1757 Q.
657 1711 838 1756 Fabium,
873 1723 994 1759 quam
1027 1712 1235 1748 consulem
1267 1711 1307 1747 in
1339 1711 1472 1747 locum
1498 1709 1544 1747 C.
1564 1710 1652 1746 Fla-

235 1782 345 1818 minii
379 1781 615 1818 suffecisset.

168 1851 220 1891 12
353 1852 537 1888 Dictator
555 1853 814 1889 contionibus
833 1865 876 1890 se
893 1853 1084 1889 abstinuit
1100 1853 1141 1888 in
1159 1852 1321 1888 actione
1338 1851 1503 1887 minime
1522 1862 1652 1899 popu-

237 1923 317 1959 lari.
382 1922 443 1958 Ne
475 1923 515 1958 in
549 1928 690 1959 senatu
724 1923 889 1970 quidem
922 1923 1017 1959 satis
1050 1922 1173 1970 aequis
1205 1922 1366 1958 auribus
1398 1921 1650 1964 audiebatur,

236 2005 356 2040 quum
420 1993 580 2029 hostem
636 1994 766 2030 verbis
825 1993 1033 2038 extolleret
1094 1992 1326 2040 bienniique
1359 1993 1523 2035 „clades
1581 2003 1653 2040 per

168 2061 220 2102 13
236 2063 500 2099 temeritatem
534 2068 655 2111 atque
686 2063 884 2100 inscitiam
919 2065 1066 2101 ducum
1093 2069 1283 2112 acceptas
1306 2063 1472 2099 referret
1503 2067 1539 2098 et
1570 2074 1653 2098 ma-

236 2133 359 2182 gistro
378 2134 570 2180 equitum,
605 2135 717 2182 quod
736 2140 877 2171 contra
895 2135 1047 2171 dictum
1066 2147 1180 2171 suum
1197 2139 1432 2182 pugnasset,
1451 2133 1651 2170 rationem

170 2192 222 2242 1'4
237 2203 390 2239 diceret
421 2204 678 2240 reddendam
711 2217 814 2241 esse.
871 2205 910 2241 Si
943 2217 1071 2253 penes
1103 2217 1146 2241 se
1180 2183 1334 2241 summa
1367 2203 1522 2252 imperii
1556 2215 1652 2240 con-

203 2321 207 2324 q
239 2274 392 2321 siliique
425 2274 486 2317 sit,
520 2275 761 2323 propediem
790 2275 1038 2320 effecturum,
1072 2281 1114 2312 ut
1146 2275 1275 2312 sciant
1306 2274 1504 2317 homines,
1539 2274 1652 2310 bono

237 2344 479 2390 imperatore
513 2345 622 2381 baud
645 2347 781 2394 magni
806 2346 1009 2382 fortunam
1033 2346 1228 2382 momenti
1253 2357 1356 2389 esse,
1390 2350 1567 2380 mentem
1592 2356 1652 2380 ra-

171 2415 223 2454 15
239 2415 472 2462 tionemque
491 2415 704 2459 dominari,
739 2422 778 2452 et
802 2417 843 2453 in
869 2423 1052 2465 ternpore
1070 2422 1110 2452 et
1127 2417 1213 2452 sine
1230 2415 1454 2464 ignominia
1472 2426 1653 2452 servasse

239 2492 453 2522 exereitum
487 2498 606 2533 quam
640 2487 763 2522 multa
786 2486 907 2524 millia
931 2487 1105 2523 hostium
1131 2487 1331 2523 occidisse
1349 2486 1543 2522 maiorem
1565 2485 1653 2533 glo-

172 2556 222 2595 1(ἷί
238 2556 336 2592 riam
370 2568 472 2592 esse.
523 2556 649 2592 Huius
672 2557 832 2604 generis
858 2557 1107 2593 orationibus
1134 2556 1276 2592 frustra
1300 2556 1459 2600 habitis,
1492 2560 1533 2592 et
1555 2567 1653 2591 con-

240 2627 321 2662 sule
355 2634 491 2663 creato
525 2626 580 2663 M.
613 2627 734 2663 Atilio
768 2627 937 2675 Regulo,
980 2639 1031 2663 ne
1074 2638 1251 2675 praesens
1290 2627 1342 2662 de
1382 2626 1464 2662 iure
1497 2625 1652 2674 imperii
