1789 2955
482 85 598 121 Liber
620 85 767 120 XXIX.
816 86 874 129 (A.
903 84 967 119 Oh.
993 85 1086 128 204.)
1422 85 1500 122 201

76 219 182 255 ratos
198 217 492 268 servilibusque
512 217 694 255 omnibus
712 216 922 267 suppliciis
941 215 1138 254 cruciatos
1155 212 1313 260 occidit,
1329 213 1505 249 mortuos

79 288 222 327 deinde
252 290 460 340 prohibuit
490 290 665 340 sepeliri.
710 289 796 326 Has
829 288 903 326 dea
933 301 1070 338 poenas
1101 302 1123 326 a
1153 286 1295 336 templi
1328 283 1389 322 sui
1422 295 1508 333 spo·
1530 280 1579 318 15

76 360 290 400 liatoribus
320 361 454 410 habet,
484 376 556 400 nec
588 365 677 399 ante
703 361 859 399 desinet
890 360 1072 398 omnibus
1098 373 1162 397 eos
1194 358 1346 407 agitare
1377 354 1505 400 furiis,

77 445 194 483 quam
233 434 408 484 reposita
453 448 564 473 sacra
608 434 778 485 pecunia
822 433 862 470 in
907 431 1105 470 thesauris
1137 430 1268 468 fuerit.
1329 427 1507 466 Maiores
1528 427 1577 463 16

78 504 277 555 quondam
306 506 435 544 nostri
467 507 580 555 gravi
597 505 918 544 Crotoniensium
950 504 1070 552 bello,
1101 503 1195 553 quia
1226 505 1338 540 extra
1368 500 1506 537 urbem

75 577 271 628 templum
301 582 382 625 est,
427 579 647 616 transferre
678 578 718 615 in
749 577 887 615 urbem
919 590 1004 614 eam
1035 575 1246 626 pecuniam
1276 573 1506 617 voluerunt3

75 651 196 687 noctu
227 650 365 688 audita
397 663 445 687 ex
478 650 645 688 delubro
683 664 761 688 vox
794 652 871 696 est,
918 649 1168 686 abstinerent
1205 659 1363 692 manus,
1394 644 1506 681 deam

76 734 146 759 sua
177 721 356 773 [templa]
391 722 651 760 defensuram.
707 722 812 770 Quia
850 720 1034 759 movendi
1073 719 1165 757 inde
1204 719 1412 756 thesauros
1450 728 1510 752 re·
1532 715 1580 751 17

77 793 175 842 ligio
206 794 364 832 incussa
395 798 499 842 erat,
543 808 655 833 muro
688 793 932 832 circumdare
970 792 1164 842 templum
1194 791 1424 834 voluerunt3
1458 786 1507 824 ad

80 864 330 916 aliquantum
353 867 432 904 iam
463 867 691 905 altitudinis
716 866 891 905 excitata
915 868 1028 903 erant
1044 864 1199 910 moenia,
1231 875 1351 912 quum
1376 859 1507 897 subito

79 937 257 989 collapsa
272 939 389 976 ruina
404 942 509 978 sunt.
551 938 632 977 Sed
659 942 698 976 et
721 952 826 976 nunc
843 941 883 975 et
898 941 992 975 tuno
1011 940 1050 975 et
1067 950 1170 987 saepe
1188 936 1286 973 alias
1305 933 1377 970 dea
1402 944 1512 969 suam
1533 930 1582 967 18

77 1009 210 1048 sedem
240 1024 433 1062 suumque
463 1012 655 1062 templum
694 1015 763 1048 aut
804 1013 935 1048 tutata
977 1013 1037 1047 est
1076 1012 1145 1047 aut
1185 1022 1208 1046 a
1244 1003 1509 1045 violatoribus

78 1083 219 1132 gravia
249 1083 410 1134 piacula
441 1084 590 1134 exegit;
622 1087 776 1122 nostras
818 1083 985 1120 iniurias
1017 1095 1087 1119 nec
1119 1082 1252 1131 potest
1282 1091 1353 1115 nec
1383 1076 1510 1127 possit

79 1154 182 1192 alius
213 1155 354 1193 ulcisci
386 1170 503 1206 quam
534 1170 615 1203 vos,
646 1159 780 1206 patres
819 1154 1051 1204 conscripti.
1112 1152 1182 1190 Ad
1221 1164 1291 1190 vos
1321 1152 1511 1188 vestram-
1534 1148 1583 1184 19

79 1239 155 1276 que
186 1225 306 1264 fidem
337 1229 536 1279 supplices
567 1227 828 1276 confugimus.
874 1226 989 1265 Nihil
1012 1229 1149 1264 nostra
1166 1226 1344 1269 interest,
1374 1223 1508 1258 utrum

79 1298 152 1336 sub
185 1299 256 1337 illo
287 1299 430 1348 legato,
463 1300 536 1338 sub
559 1301 629 1338 illo
654 1299 841 1350 praesidio
865 1299 1015 1337 Locros
1050 1311 1133 1335 esse
1158 1296 1299 1334 sinatis
1331 1308 1380 1331 an
1407 1293 1508 1330 irato

79 1369 305 1408 Hannibali
337 1374 378 1409 et
393 1371 530 1410 Poenis
562 1371 612 1410 ad
644 1371 886 1422 supplicium
919 1370 1085 1408 dedatis.
1130 1368 1221 1407 Non
1251 1367 1509 1418 postulamus,

78 1445 123 1480 ut
154 1444 354 1494 extemplo
386 1444 516 1494 nobis,
548 1448 593 1482 ut
623 1444 671 1482 de
703 1444 876 1490 absente,
915 1447 960 1481 ut
991 1441 1143 1480 indicta
1174 1453 1292 1478 causa
1322 1437 1510 1483 credatis3

76 1515 223 1563 veniat,
256 1529 388 1554 coram
420 1516 505 1566 ipse
537 1516 690 1564 audiat,
722 1517 809 1566 ipse
841 1516 982 1553 diluat.
1029 1513 1074 1552 Si
1100 1513 1313 1564 quicquam
1343 1509 1516 1556 sceleris,
1534 1508 1586 1545 20

82 1587 188 1638 quod
218 1587 337 1626 homo
370 1589 412 1626 in
441 1588 622 1626 homines
647 1588 763 1626 edere
786 1590 929 1638 potest,
962 1588 1003 1625 in
1029 1600 1100 1625 nos
1130 1583 1399 1637 praetermisit,
1431 1595 1510 1619 non

79 1673 318 1708 recusamus,
349 1660 449 1710 quin
466 1664 505 1698 et
529 1674 600 1698 nos
627 1660 759 1698 omnia
783 1659 920 1698 eadem
946 1660 1102 1705 iterum,
1133 1659 1166 1696 si
1181 1657 1265 1708 pati
1290 1667 1510 1706 possumus,

79 1731 278 1782 patiamur
309 1735 347 1770 et
376 1732 446 1770 ille
477 1733 584 1770 omni
625 1732 760 1770 divino
802 1732 1051 1782 humanoque
1090 1731 1285 1769 liberetur
1322 1727 1506 1765 scelere.“

195 1803 294 1842 Haec
326 1817 447 1855 quum
479 1803 527 1841 ab
560 1804 704 1853 legatis
737 1804 845 1841 dicta
884 1808 1033 1852 essent,
1065 1803 1350 1854 quaesissetque
1382 1799 1430 1837 ab
1464 1799 1513 1837 iis
1599 1797 1648 1844 19

80 1874 126 1923 Q.
158 1875 329 1927 Fabius,
370 1875 655 1914 detulissentne
695 1890 759 1914 eas
792 1877 972 1926 querelas
1012 1875 1062 1913 ad
1092 1876 1139 1913 P.
1171 1873 1420 1924 Scipionem,
1452 1884 1510 1908 re-

80 1947 338 1998 sponderunt,
368 1948 508 1986 missos
545 1949 696 1997 legatos
721 1962 815 1995 esse,
848 1948 915 1987 sed
940 1962 1028 1986 eum
1052 1947 1151 1986 belli
1174 1947 1369 1997 apparatu
1399 1956 1511 1981 occu-

80 2023 217 2070 patum
250 2033 332 2058 esse
363 2023 402 2058 et
429 2021 469 2058 in
496 2020 676 2059 Africam
702 2024 771 2058 aut
802 2020 879 2058 iam
904 2020 1110 2058 traiecisse
1142 2022 1210 2056 aut
1237 2018 1341 2055 intra
1364 2027 1511 2066 paucos

83 2091 167 2129 dies
198 2092 476 2139 traiecturum;
510 2096 547 2131 et
578 2093 701 2143 legati
734 2092 865 2142 gratia
896 2095 1044 2142 quanta
1075 2095 1178 2130 esset
1207 2089 1313 2141 apud
1344 2089 1512 2138 impera·
1533 2091 1555 2126 2

79 2166 230 2211 torem,
261 2167 446 2214 expertos
479 2178 584 2211 esse,
624 2178 743 2214 quum
784 2165 889 2202 inter
927 2178 1014 2202 eum
1056 2168 1093 2202 et
1128 2164 1313 2202 tribunos
1352 2160 1512 2209 cognita

82 2248 200 2274 causa
229 2235 413 2274 tribunos
444 2236 485 2274 in
515 2237 650 2274 vincla
674 2237 899 2284 coniecerit,
929 2237 1104 2285 legatum
1130 2249 1240 2286 aeque
1265 2237 1418 2273 sontem
1445 2235 1512 2269 aut

87 2308 215 2358 magis
269 2308 390 2346 etiam
440 2309 480 2346 in
531 2322 576 2346 ea
623 2311 819 2359 potestate
857 2308 1078 2359 reliquerit.
1151 2308 1277 2346 Iussis
1322 2304 1513 2344 excedere
1532 2307 1555 2344 3

79 2393 100 2418 e
125 2381 276 2432 templo
300 2381 458 2431 legatis,
489 2394 569 2418 non
586 2380 807 2418 Pleminius
833 2380 961 2429 modo,
994 2381 1062 2418 sed
1089 2381 1205 2418 etiam
1232 2378 1369 2429 Scipio
1400 2376 1509 2428 prin-

80 2451 212 2502 cipum
252 2452 500 2491 orationibus
542 2452 722 2491 lacerari.
793 2451 903 2491 Ante
941 2466 1075 2492 omnes
1107 2453 1154 2500 Q.
1186 2451 1338 2490 Fabius
1375 2452 1509 2487 natum

83 2537 171 2562 eum
202 2523 253 2562 ad
285 2524 614 2575 corrumpendam
646 2523 903 2575 disciplinam
927 2525 1140 2562 militarem
1164 2536 1350 2573 arguere;
1385 2522 1442 2558 sic
1473 2523 1512 2558 et
1530 2522 1554 2558 4

82 2596 125 2634 in
155 2596 357 2647 Hispania
385 2597 476 2648 plus
507 2610 632 2647 prope
670 2610 741 2647 per
782 2596 1016 2634 seditionem
1054 2595 1226 2633 militum
1258 2607 1374 2645 quam
1405 2592 1511 2630 bello

82 2669 290 2716 amissum3
323 2672 486 2707 externo
518 2671 557 2707 et
582 2669 693 2718 regio
719 2682 826 2706 more
853 2671 892 2707 et
917 2667 1126 2716 indulgere
1141 2666 1314 2705 licentiae
1338 2665 1509 2702 militum
