1768 2943
254 114 337 156 110
676 111 781 143 Liber
808 110 918 142 XXII.
955 109 1010 153 (A.
1038 121 1068 142 u.
1095 120 1124 142 c.
1151 108 1245 153 538.)

249 256 356 281 nunc
381 244 558 280 minores
582 242 795 291 pontifices
819 242 1037 291 appellant,
1063 242 1130 290 qui
1155 254 1244 279 cum
1269 242 1460 279 Floronia
1484 248 1664 292 stuprum

251 314 414 357 fecerat,
448 326 472 350 a
504 312 695 362 pontifice
723 312 898 348 maximo
922 324 972 349 eo
995 325 1122 360 usque
1144 313 1261 361 virgis
1283 313 1324 349 in
1347 313 1511 349 comitio
1535 325 1661 351 caesus

207 384 346 428 4erat‚
390 389 433 420 ut
473 383 576 419 inter
616 384 782 419 verbera
820 383 1051 431 exspiraret.
1130 383 1221 420 Hoc
1260 383 1376 420 nefas
1408 395 1531 431 quum
1562 384 1664 420 inter

249 461 321 499 tot,
355 460 398 490 ut
421 454 474 497 fit,
509 454 648 489 clades
672 454 712 489 in
730 453 960 502 prodigium
983 466 1140 490 versum
1164 459 1284 498 esset,
1304 453 1520 490 decemviri
1542 454 1663 491 libros

208 524 362 564 5adire
393 523 489 561 iussi
523 528 626 567 sunt,
661 528 701 559 et
733 523 783 569 Q.
818 524 964 561 Fabius
994 525 1127 561 Pictor
1157 523 1339 572 Delphos
1371 524 1426 559 ad
1458 525 1664 560 oraculum

249 596 393 632 missus
418 600 480 630 est
497 593 754 637 sciscitatum,
781 594 923 642 quibus
941 595 1126 643 precibus
1145 594 1428 643 suppliciisque
1447 594 1549 630 deos
1566 606 1662 643 pos-

249 671 338 703 sent
376 665 550 714 placare,
591 669 632 699 et
672 675 858 711 quaenam
890 664 1020 701 futura
1052 664 1140 701 finis
1173 665 1294 701 tantis
1326 664 1508 700 cladibus
1542 664 1658 702 foret.

207 736 232 775 6
247 735 410 772 Interim
452 747 500 771 ex
545 733 732 770 fatalibus
771 735 878 771 libris
917 735 1112 771 sacrificia
1150 735 1303 782 aliquot
1341 734 1659 771 extraordinaria

249 806 368 850 facta,
402 806 505 841 inter
536 816 625 852 quae
658 803 797 840 Gallus
830 811 869 841 et
899 805 1029 849 Galla,
1065 804 1229 841 Graecus
1263 810 1302 840 et
1327 804 1469 841 Graeca
1501 805 1542 841 in
1575 805 1664 841 foro

248 876 390 913 boario
416 876 489 912 sub
514 880 659 911 terram
684 875 758 910 vivi
776 875 941 911 demissi
959 880 1052 911 sunt
1068 875 1109 911 in
1127 875 1260 911 locum
1277 887 1375 911 saxo
1395 880 1658 923 consaeptum,

247 947 327 983 iarn
359 951 454 982 ante
486 945 627 981 hostiis
657 945 855 989 humanis,
888 945 1052 981 minime
1076 946 1264 981 Romano
1289 957 1419 989 sacro,
1452 945 1660 982 imbutum.

209 1016 229 1056 7
364 1016 538 1053 Placatis
571 1015 679 1059 satis,
714 1021 755 1051 ut
786 1016 988 1059 rebantur,
1023 1016 1111 1052 deis
1143 1015 1200 1052 M.
1231 1015 1424 1051 Claudius
1448 1014 1661 1052 Marcellus

247 1088 298 1123 ab
317 1086 433 1123 Ostia
455 1086 561 1121 mille
585 1091 625 1121 et
648 1085 893 1133 quingentos
919 1086 1077 1130 milites,
1103 1098 1206 1134 quos
1229 1086 1271 1122 in
1296 1086 1466 1122 classem
1490 1085 1660 1134 scriptos

209 1156 233 1197 8
248 1157 438 1200 habebat,
463 1157 650 1199 Romam,
676 1161 718 1191 ut
735 1156 820 1191 urbi
838 1156 1028 1204 praesidio
1047 1160 1195 1199 essent,
1222 1156 1357 1199 mittit;
1381 1156 1481 1204 ipse,
1501 1156 1662 1204 legione

247 1227 415 1264 classica
445 1224 508 1275 (ea
540 1226 648 1274 legio
682 1226 798 1262 tertia
826 1223 925 1275 erat)
959 1238 1049 1262 cum
1081 1226 1248 1262 tribunis
1279 1226 1446 1262 militum
1474 1226 1660 1262 Teanum

246 1297 465 1334 Sidicinum
500 1296 721 1345 praemissa,
766 1297 894 1333 classe
926 1296 1074 1332 tradita
1105 1296 1149 1332 P.
1183 1296 1301 1332 Furio
1335 1296 1448 1332 Philo
1481 1297 1661 1345 collegae,

205 1367 230 1407 9
245 1379 399 1416 paucos
425 1371 519 1415 post
541 1367 630 1403 dies
649 1366 870 1403 Canusium
887 1367 1046 1414 magnis
1062 1367 1269 1403 itineribus
1288 1366 1513 1403 contendit.
1561 1366 1663 1403 Inde

247 1438 421 1474 dictator
446 1449 494 1473 ex
518 1438 757 1473 auctoritate
781 1442 939 1485 patrum
965 1437 1095 1473 dictus
1120 1436 1176 1473 M.
1224 1436 1360 1473 Iunius
1385 1442 1424 1472 et
1441 1436 1505 1473 Ti.
1554 1437 1665 1473 Sem-

246 1508 411 1557 pronius
442 1507 633 1554 magister
665 1508 857 1555 equitum,
892 1508 1040 1543 dilectu
1075 1507 1225 1550 edicto,
1259 1507 1436 1543 iuniores
1468 1507 1520 1543 ab
1544 1507 1661 1544 annis

247 1577 526 1627 septendecim
559 1583 598 1613 et
629 1578 831 1625 quosdam
863 1582 1122 1626 praetextatos
1155 1577 1351 1619 scribunt;
1393 1582 1581 1624 quattuor
1615 1589 1663 1613 ex

176 1647 230 1688 10
246 1649 307 1684 his
331 1648 514 1696 legiones
539 1652 578 1683 et
601 1647 707 1683 mille
731 1648 887 1695 equites
911 1647 1056 1684 effecti.
1109 1647 1211 1683 Item
1235 1647 1290 1683 ad
1307 1647 1442 1683 socios
1459 1647 1666 1684 Latinum-

244 1731 322 1767 que
347 1730 499 1754 nomen
522 1718 577 1753 ad
600 1717 744 1753 milites
763 1729 811 1753 ex
829 1717 1001 1754 formula
1017 1717 1285 1765 accipiendos
1302 1717 1474 1753 mittunt.
1523 1719 1658 1761 Arma,

245 1789 336 1832 tela,
377 1788 455 1824 alia
493 1788 623 1836 parari
663 1787 802 1823 iubent
834 1793 874 1824 et
905 1793 1040 1824 vetera
1072 1787 1202 1835 spolia
1234 1787 1410 1823 hostium
1442 1787 1660 1823 detrahunt

178 1858 227 1898 11
244 1859 402 1907 templis
427 1857 742 1906 porticibusque.
797 1858 848 1894 Et
871 1858 991 1894 aliam
1016 1857 1187 1894 formam
1211 1857 1305 1893 novi
1330 1858 1499 1894 dilectus
1521 1857 1662 1905 inopia

244 1929 459 1964 liberorum
492 1927 668 1975 capitum
700 1939 747 1963 ac
780 1928 1002 1964 necessitas
1035 1928 1167 1971 dedit;
1202 1932 1297 1963 octo
1329 1927 1452 1963 millia
1474 1927 1664 1963 iuvenum

245 1998 469 2034 validorum
501 2010 550 2033 ex
581 1998 762 2040 servitiis,
802 1998 910 2046 prius
943 1997 1194 2034 sciscitantes
1228 1997 1421 2045 singulos,
1461 1997 1662 2033 vellentne

178 2068 230 2107 12
244 2068 426 2112 militare,
453 2072 589 2115 empta
614 2067 773 2115 publice
798 2073 1064 2104 armaverunt.
1113 2066 1190 2103 Hic
1214 2067 1328 2103 miles
1352 2067 1481 2115 magis
1499 2067 1661 2115 placuit,

245 2149 366 2186 quum
398 2137 528 2186 pretio
561 2137 717 2173 minore
749 2138 977 2174 redimendi
1011 2137 1194 2186 captivos
1227 2137 1347 2185 copia
1378 2136 1502 2172 fieret.

120 2205 182 2248 58
362 2207 548 2255 Namque
572 2207 777 2244 Hannibal
803 2208 1028 2244 secundum
1052 2212 1134 2242 tam
1157 2218 1394 2254 prosperam
1418 2207 1472 2242 ad
1498 2204 1664 2242 Cannas

244 2290 424 2327 pugnam
455 2278 615 2314 victoris
650 2278 779 2325 magis
812 2289 933 2324 quam
965 2277 1112 2312 bellum
1139 2276 1316 2324 gerentis
1338 2276 1516 2312 intentus
1544 2275 1660 2319 curis,

204 2347 380 2395 2quum,
415 2347 581 2395 captivis
606 2347 813 2395 productis
839 2346 1155 2394 segregatisque,
1190 2345 1338 2388 socios,
1363 2344 1465 2380 sicut
1487 2350 1581 2380 ante
1607 2345 1662 2380 ad

245 2417 437 2453 Trebiam
479 2417 886 2464 Trasumennumque
927 2417 1071 2459 lacum,
1115 2415 1292 2463 benigne
1333 2414 1530 2450 allocutus
1573 2414 1661 2450 sine

245 2488 374 2535 pretio
408 2487 638 2530 dimisisset,
671 2487 882 2522 Romanos
914 2497 1077 2533 quoque
1101 2489 1283 2528 vocatos,
1317 2483 1430 2530 quod
1453 2494 1660 2530 nunquam

206 2554 344 2595 3alias
377 2561 512 2600 antea,
546 2557 641 2592 satis
673 2555 757 2592 miti
785 2566 973 2591 sermone
998 2554 1229 2601 alloquitur:
1262 2564 1348 2588 non
1371 2552 1661 2588 internecivum

247 2625 321 2661 sibi
354 2637 443 2662 esse
476 2637 567 2662 cum
590 2625 786 2661 Romanis
817 2625 985 2667 bellum;
1019 2624 1073 2659 de
1105 2622 1303 2670 dignitate
1336 2626 1458 2668 atque
1489 2619 1662 2668 imperio
