1789 2955
461 81 576 116 Liber
601 81 767 116 XXVII.
820 81 879 124 (A.
907 81 973 115 Ch.
996 82 1092 123 208.)
1439 81 1491 118 89

57 212 112 250 M.
144 210 331 249 Valerius
354 209 543 247 Laevinus
576 210 631 257 (ei
663 222 820 259 quoque
853 208 955 246 enim
987 210 1247 257 prorogatum
1279 206 1490 255 imperium

59 284 135 332 est)
168 283 347 331 classem,
380 295 468 331 quae
501 281 551 319 ad
575 281 757 319 Siciliam
786 284 882 326 erat,
912 279 1074 317 navium
1106 278 1363 327 septuaginta
1395 278 1494 315 obti-

60 357 194 401 neret3
243 353 411 391 adderet
449 366 494 390 eo
536 353 705 402 triginta
736 365 866 398 naves,
913 365 1000 401 quae
1033 350 1082 388 ad
1113 350 1331 387 Tarentum
1363 350 1496 399 priore

59 439 162 465 anno
193 426 374 471 fuerant;
407 437 495 462 cum
527 438 573 462 ea
603 428 762 462 centum
792 424 954 462 navium
987 423 1122 469 classe,
1153 423 1186 459 si
1216 421 1422 460 videretur
1450 422 1497 465 ei.

62 497 283 548 praedatum
322 498 363 534 in
394 495 579 535 Africam
609 496 826 534 traiiceret.
885 495 939 532 Et
970 495 1015 531 P.
1048 493 1242 544 Sulpicio,
1287 497 1331 530 ut
1363 493 1499 531 eadem
1523 492 1572 527 lO

59 570 184 608 classe
225 568 503 607 Macedoniam
543 568 818 617 Graeciamque
857 567 1106 617 provinciam
1138 566 1313 613 haberet,
1359 579 1495 615 proro-

59 645 195 691 gatum
226 641 268 678 in
299 653 445 678 annum
477 641 687 690 imperium
715 642 785 677 est.
846 638 911 676 De
942 638 1106 685 duabus,
1152 651 1239 687 quae
1279 637 1328 675 ad
1360 637 1497 674 urbem

59 714 230 752 Romam
266 713 439 758 fuerant,
483 712 713 760 legionibus
751 711 853 748 nihil
892 713 1099 748 mutatum.
1160 708 1500 759 Supplementum,
1523 707 1568 742 ll

60 799 138 836 quo
170 798 271 835 opus
303 788 418 831 esset,
463 786 509 821 ut
539 783 763 821 scriberent
794 783 987 829 consules,
1025 782 1276 831 permissum.
1338 780 1430 818 Una
1461 783 1499 817 et

58 857 210 907 viginti
242 856 470 906 legionibus
503 869 547 893 eo
579 869 683 893 anno
711 854 915 891 defensum
944 854 1156 903 imperium
1180 853 1405 890 Romanum
1431 855 1500 888 est.

60 929 114 968 Et
144 928 191 967 P.
225 928 384 966 Licinio
416 927 527 966 Varo
560 927 723 977 praetori
755 926 908 963 urbano
939 925 1143 974 negotium
1177 924 1323 971 datum,
1354 927 1399 960 ut
1431 937 1497 960 na-
1520 921 1568 958 1‘2

60 1014 127 1040 ves
159 1001 301 1050 longas
331 999 501 1048 triginta
531 1003 686 1037 veteres
717 998 909 1045 reficeret,
941 1010 1027 1047 quae
1060 996 1184 1034 Ostiae
1217 999 1341 1042 erant,
1373 998 1411 1032 et
1443 995 1499 1032 vi·

61 1073 165 1122 ginti
195 1085 318 1110 novas
349 1085 469 1109 naves
500 1071 618 1109 sociis
643 1071 854 1108 navalibus
879 1070 1107 1119 compleret,
1140 1072 1183 1105 ut
1208 1067 1501 1117 quinquaginta

60 1144 224 1183 navium
255 1144 380 1182 classe
411 1157 521 1182 oram
549 1143 668 1180 maris
694 1143 869 1180 vicinam
893 1142 988 1179 urbi
1012 1142 1203 1178 Romanae
1227 1140 1333 1176 tueri
1357 1141 1501 1188 posset.

63 1215 106 1254 G.
154 1215 396 1266 Calpurnius
441 1216 590 1253 vetitus
636 1215 685 1252 ab
732 1215 897 1252 Arretio
944 1226 1102 1250 movere
1149 1212 1378 1257 exercitum,
1424 1209 1504 1246 nisi
1527 1209 1575 1244 13

62 1301 184 1338 quum
215 1300 420 1325 successor
450 1288 641 1333 venisset-3
674 1286 779 1324 idem
812 1290 850 1323 et
873 1286 1032 1323 Tubulo
1060 1285 1309 1334 imperatum,
1340 1285 1384 1318 ut
1410 1280 1502 1318 inde

62 1360 264 1411 praecipue
295 1362 468 1409 caveret,
500 1372 549 1396 ne
582 1372 660 1408 qua
691 1372 794 1396 nova
825 1358 995 1396 consilia
1026 1359 1275 1406 caperentur.

177 1431 377 1469 Praetores
409 1431 451 1468 in
476 1430 706 1481 provincias
729 1430 923 1480 profecti,
956 1429 1136 1467 consules
1160 1427 1303 1475 religio
1328 1425 1505 1470 tenebat,
1597 1418 1653 1466 23

65 1503 183 1554 quod,
215 1503 417 1553 prodigiis
449 1503 605 1552 aliquot
634 1502 843 1548 nuntiatis,
875 1516 954 1539 non
985 1501 1102 1539 facile
1135 1499 1317 1536 litabant.
1374 1497 1427 1534 Et
1457 1509 1506 1534 ex
1526 1496 1548 1531 ‘2

65 1576 284 1625 Campania
315 1575 499 1612 nuntiata
530 1578 654 1620 erant,
671 1573 819 1623 Capuae
853 1574 950 1610 duas
984 1573 1100 1618 aedes,
1116 1571 1306 1609 Fortunae
1333 1573 1371 1606 et
1397 1569 1504 1606 Mar-

62 1648 127 1694 tis,
161 1650 201 1685 et
230 1647 414 1697 sepulcra
446 1646 602 1695 aliquot
632 1646 681 1683 de
713 1647 807 1683 caelo
839 1648 965 1691 tacta,
1014 1644 1148 1682 Cumis
1181 1642 1296 1692 (adeo
1330 1641 1505 1678 minimis

65 1720 186 1757 etiam
226 1719 347 1757 rebus
387 1732 512 1768 prava
549 1717 696 1766 religio
730 1718 873 1755 inserit
904 1717 1015 1765 deos)
1047 1728 1177 1753 mures
1209 1715 1250 1751 in
1281 1713 1364 1750 aede
1395 1712 1506 1750 Iovis

66 1805 205 1830 aurum
244 1791 404 1837 rosisse,
451 1790 590 1828 Casini
629 1803 793 1827 examen
836 1789 971 1839 apium
1012 1788 1152 1835 ingens
1183 1787 1223 1823 in
1255 1786 1340 1823 foro
1374 1796 1507 1821 conse-

65 1864 184 1910 disse,
216 1865 256 1900 et
280 1861 404 1900 Ostiae
435 1875 592 1900 murum
623 1865 859 1911 portamque
891 1860 940 1897 de
973 1859 1069 1897 caelo
1100 1862 1260 1904 tactam,
1287 1857 1398 1894 Caere
1421 1856 1507 1894 vul·
1527 1856 1550 1892 3

65 1935 216 1973 turium
254 1934 455 1972 involasse
494 1934 537 1971 in
582 1933 706 1971 aedem
737 1933 859 1979 Iovis,
892 1930 1095 1970 Vulsiniis
1140 1929 1333 1978 sanguine
1378 1929 1506 1965 lacum

66 2019 260 2044 manasse.
320 2006 477 2044 Horum
508 2005 786 2056 prodigiorum
820 2017 938 2042 causa
970 2003 1075 2040 diem
1106 2015 1229 2039 unum
1263 1999 1508 2051 supplicatio
1527 2000 1551 2035 4

67 2078 156 2116 fuit.
216 2078 297 2115 Per
328 2078 415 2115 dies
448 2078 604 2128 aliquot
642 2076 785 2114 hostiae
824 2075 993 2112 maiores
1034 2075 1121 2112 sine
1162 2074 1345 2111 litatione
1388 2084 1508 2116 caesae,

69 2150 219 2200 diuque
260 2163 340 2188 non
381 2150 595 2199 impetrata
633 2162 711 2199 pax
753 2147 881 2186 deum.
943 2147 992 2184 In
1032 2147 1164 2196 capita
1202 2145 1420 2190 consulum,
1467 2157 1508 2180 re

69 2222 233 2272 publica
264 2222 468 2268 incolumi,
500 2221 725 2258 exitiabilis
756 2219 1036 2269 prodigiorum
1069 2221 1233 2256 eventus
1263 2217 1395 2255 vertit.

184 2293 291 2331 Ludi
321 2292 587 2343 Apollinares
629 2291 676 2338 Q.
708 2291 866 2338 Fulvio,
913 2290 1022 2340 App.
1060 2290 1236 2329 Claudio
1270 2287 1552 2327 consulibns5

71 2378 97 2404 a
127 2366 173 2404 P.
199 2365 388 2403 Cornelio
406 2363 520 2402 Sulla
550 2367 721 2414 praetore
751 2363 905 2400 urbano
937 2362 1108 2412 primum
1131 2361 1229 2399 sacti
1255 2363 1384 2405 erant;
1418 2358 1510 2395 inde

71 2450 206 2476 omnes
237 2437 425 2487 deinceps
451 2440 644 2487 praetores
670 2436 813 2473 urbani
836 2436 1030 2479 fecerant3
1064 2433 1132 2471 sed
1157 2434 1198 2470 in
1217 2445 1338 2469 unum
1364 2442 1510 2467 annum

71 2509 273 2549 vovebant
303 2509 449 2558 dieque
483 2509 634 2546 incerto
666 2506 876 2544 faciebant.
937 2505 997 2543 Eo
1031 2518 1132 2542 anno
1165 2503 1395 2554 pestilentia
1427 2514 1514 2550 gra·
1533 2504 1556 2536 (i

71 2581 133 2619 vis
163 2580 309 2618 incidit
339 2594 410 2630 per
440 2580 581 2618 urbem
613 2591 821 2628 agrosque,
852 2590 940 2626 quae
971 2580 1103 2614 tamen
1135 2575 1261 2624 magis
1290 2574 1328 2611 in
1353 2573 1511 2611 morbos

74 2653 216 2701 longos
248 2665 366 2702 quam
396 2652 437 2689 in
468 2650 757 2702 perniciabiles
790 2648 927 2687 evasit.
988 2648 1087 2685 Eius
1120 2646 1364 2696 pestilentiae
1399 2657 1515 2683 causa
1537 2646 1557 2680 ἰ’
