1768 2943
544 105 648 136 Liber
672 105 800 137 xxm.
841 105 896 147 (A.
924 106 987 137 Ch.
1014 105 1108 149 216.)
1405 88 1408 91 ’
1442 108 1520 149 121

103 242 243 273 natum
271 236 396 272 multo
426 235 500 272 sibi
529 236 658 284 magis
683 248 804 283 quam
829 236 936 284 plebi
962 236 1137 281 fecisset,
1169 238 1257 274 sine
1280 239 1414 283 armis,
1443 239 1523 274 iam

104 306 291 343 omnibus
306 306 642 349 concedentibus,
661 306 962 342 dominabatur.
1008 306 1114 343 Hinc
1128 313 1352 351 senatores,
1372 309 1523 346 omissa
1536 308 1562 348 2

103 376 310 425 dignitatis
349 376 622 423 libertatisque
660 376 870 420 memoria,
913 376 1075 425 plebem
1115 378 1288 421 adulari;
1334 377 1561 423 salutare,3

103 447 278 495 benigne
304 446 486 490 invitare,
516 446 720 495 apparatis
744 446 930 494 accipere
957 447 1098 495 epulis,
1128 459 1197 484 eas
1226 460 1370 485 causas
1399 450 1522 486 susci-

102 529 211 566 pere,
245 516 281 552 ei
315 528 475 565 semper
506 517 608 565 parti
642 517 802 560 adesse,
843 518 1070 553 secundum
1103 530 1194 553 eam
1226 518 1334 554 litem
1367 519 1521 556 iudices

102 587 213 631 dare,
252 598 341 635 quae
373 586 502 635 magis
535 587 740 636 popularis
772 587 985 635 aptiorque
1019 588 1059 624 in
1092 589 1232 637 vulgus
1266 589 1392 625 favori
1425 602 1522 626 con—

101 657 279 694 ciliando
312 662 439 701 esset;
472 658 552 693 iam
584 669 679 694 vero
712 657 809 693 nihil
840 657 882 693 in
915 663 1059 694 senatu
1091 660 1157 707 agi
1181 659 1306 703 aliter,
1341 672 1462 708 quam
1489 659 1562 699 si4

102 728 229 777 plebis
256 727 312 764 ibi
342 733 450 765 esset
476 729 704 764 concilium.
759 728 894 764 Prona
920 739 1080 776 semper
1105 729 1242 766 civitas
1266 730 1305 766 in
1330 731 1523 767 luxuriam

101 810 185 835 non
216 798 473 846 ingeniorum
504 799 632 834 modo
665 799 774 842 vitio,
810 799 884 835 sed
909 799 1091 835 affluenti
1116 800 1236 848 copia
1259 802 1523 850 voluptatium

101 874 141 906 et
179 869 376 905 illecebris
416 868 548 904 omnis
587 868 833 905 amoenitatis
865 869 1074 906 maritimae
1107 871 1398 919 terrestrisque,
1440 868 1564 909 tum-5

101 952 198 976 vero
236 940 292 976 ita
326 939 524 987 obsequio
557 939 783 987 principum
816 944 855 975 et
887 939 1049 976 licentia
1081 940 1215 988 plebei
1248 941 1441 985 lascivire,
1484 949 1525 978 ut

100 1022 177 1047 nec
214 1010 371 1046 libidini
403 1021 481 1046 nec
513 1009 737 1057 sumptibus
769 1011 918 1047 modus
952 1016 1072 1047 esset.
1147 1012 1212 1047 Ad
1245 1010 1564 1061 contemptumss

100 1081 247 1129 legum,
287 1081 606 1129 magistratuum,
648 1085 812 1116 senatus
853 1081 1025 1117 accessit
1063 1086 1159 1125 turn,
1206 1088 1300 1130 post
1334 1082 1523 1119 Cannen—

101 1163 187 1188 sem
226 1151 399 1193 cladem,
442 1155 497 1194 ut,
542 1150 654 1186 cuius
692 1150 827 1198 aliqua
867 1152 1112 1188 verecundia
1146 1158 1243 1197 erat,
1290 1154 1521 1190 Romanum

100 1233 264 1270 quoque
311 1225 549 1269 spernerent
595 1220 819 1268 imperium.
902 1221 950 1257 Id
997 1223 1125 1259 modo
1175 1229 1260 1259 erat
1306 1224 1347 1260 in
1394 1221 1561 1269 mora‚7

100 1303 152 1327 ne
190 1291 394 1339 extemplo
434 1291 669 1335 deficerent,
711 1292 825 1339 quod
865 1293 1114 1329 connubium
1147 1299 1346 1330 vetustum
1379 1296 1523 1332 multas

101 1361 271 1398 familias
310 1361 439 1398 claras
477 1373 526 1397 ac
564 1366 754 1409 potentes
788 1362 984 1399 Romanis
1018 1363 1244 1406 miscuerat,
1286 1370 1326 1401 et
1359 1362 1563 1416 [quod],8

100 1444 223 1481 quum
249 1432 466 1468 militarent
492 1432 647 1479 aliquot
676 1433 788 1481 apud
816 1433 1042 1477 Romanos,
1077 1434 1294 1471 maximum
1322 1436 1523 1472 vinculum

101 1507 215 1539 erant
238 1503 407 1539 trecenti
432 1502 601 1550 equites,
634 1503 908 1540 nobilissimus
935 1504 1105 1552 quisque
1132 1504 1449 1553 Campanorum,
1483 1506 1521 1541 in

100 1573 288 1622 praesidia
326 1573 548 1610 Sicularum
590 1573 747 1609 urbium
790 1574 939 1610 delecti
983 1576 1033 1610 ab
1068 1575 1265 1611 Romanis
1310 1588 1359 1612 ac
1398 1576 1520 1612 missi.

101 1643 257 1680 Horum
289 1649 480 1692 parentes
513 1643 760 1692 cognatique
794 1656 900 1692 aegre
933 1645 1198 1693 pervicerunt,
1240 1651 1283 1681 ut
1315 1646 1435 1694 legati
1468 1647 1521 1682 ad

101 1714 309 1751 consulem
342 1715 574 1750 Romanum
606 1714 869 1750 mitterentur.

216 1783 248 1819 Ii
264 1784 451 1820 nondum
470 1783 691 1820 Canusium
709 1784 950 1832 profectum,
971 1786 1046 1821 sed
1065 1785 1256 1823 Venusiae
1276 1798 1366 1822 cum
1384 1786 1523 1834 paucis

99 1866 147 1890 ac
180 1853 457 1891 semiermibus
490 1854 699 1891 consulem
731 1854 985 1899 invenerunt,
1021 1867 1142 1903 quam
1165 1861 1326 1904 poterat
1351 1857 1523 1893 maxime

98 1924 368 1961 miserabilem
396 1925 515 1961 bonis
543 1924 678 1967 sociis,
708 1924 892 1972 superbis
919 1930 1040 1973 atque
1065 1926 1308 1971 infidelibus,
1338 1932 1381 1963 ut
1409 1933 1523 1963 erant

100 1994 315 2044 Campani,
344 1996 634 2044 spernendum.
692 1994 745 2030 Et
771 1994 881 2030 auxit
908 2007 1040 2032 rerum
1069 2008 1230 2032 suarum
1259 1997 1399 2045 suique
1425 1996 1564 2036 con—2

99 2071 295 2114 temptum
321 2066 463 2103 consul
487 2065 605 2102 nimis
630 2065 868 2113 detegendo
894 2065 1054 2102 cladem
1071 2068 1368 2115 nudandoque.
1417 2066 1560 2107 Nam3

100 2147 221 2184 quum
246 2136 381 2184 legati,
408 2148 514 2184 aegre
533 2135 636 2172 ferre
654 2140 839 2171 senatum
858 2137 1135 2185 populumque
1154 2138 1423 2186 Campanum,
1450 2139 1523 2174 ad-

98 2206 200 2242 versi
218 2206 433 2254 quicquam
452 2206 635 2242 evenisse
654 2206 863 2249 Romanis,
882 2207 1140 2244 nuntiassent
1157 2209 1522 2257 pollicerenturque

100 2276 250 2321 omnia,
285 2288 374 2325 quae
407 2277 462 2313 ad
493 2277 641 2313 bellum
676 2288 779 2324 opus
812 2282 962 2320 essent,
1001 2278 1184 2315 «Morem
1209 2279 1362 2328 magis»
1395 2278 1562 2327 inquit4

104 2347 324 2395 «loquendi
350 2359 440 2384 cum
465 2347 586 2384 sociis
611 2348 810 2391 servastis,
838 2347 1051 2396 Campani,
1080 2349 1279 2394 iubentes,
1306 2362 1395 2398 quae
1421 2361 1523 2398 opus

99 2423 236 2454 essent
259 2418 314 2454 ad
338 2418 500 2461 bellum,
524 2418 736 2466 imperare,
764 2431 885 2467 quam
903 2420 1194 2456 convenienter
1211 2421 1266 2456 ad
1283 2425 1524 2468 praesentem

100 2486 271 2525 sortunae
309 2494 458 2525 nostrae
498 2493 645 2525 statum
688 2490 810 2526 locuti
845 2489 952 2526 estis.
1033 2490 1144 2536 Quid
1177 2491 1284 2527 enim
1316 2490 1436 2526 nobis
1468 2487 1563 2529 ad5

101 2556 266 2595 Cannas
283 2559 465 2596 relictum
483 2564 556 2603 est,
575 2563 630 2602 ut,
649 2559 745 2607 quia
762 2560 914 2607 aliquid
933 2560 1170 2604 habeamus,
1189 2561 1245 2604 id,
1265 2561 1377 2608 quod
1392 2561 1521 2603 deest,

100 2629 248 2676 expleri
273 2630 324 2665 ab
350 2629 471 2666 sociis
496 2629 688 2667 velimus?
720 2631 885 2667 Pedites
911 2632 1025 2667 vobis
1044 2631 1302 2679 imperemus,
1329 2634 1520 2679 tanquam
