1789 2955
272 84 323 121 52
664 79 776 114 Liber
801 77 946 113 XXVI.
993 79 1055 122 (A.
1080 90 1115 113 u.
1141 89 1170 113 c.
1195 79 1292 120 544.)

271 209 389 255 mani,
420 208 518 245 duce
550 208 638 258 ipso
669 207 941 257 praecipiente,
973 219 1185 256 parumper
1216 219 1378 252 cessere,
1411 208 1457 243 ut
1486 206 1696 256 propiores

225 281 252 317 4
269 280 459 318 subsidiis
498 279 538 316 in
578 280 792 317 certamine
829 279 916 329 ipso
955 277 1249 316 summittendis
1280 282 1420 315 essent.
1481 277 1535 315 Et
1564 278 1694 327 primo

270 351 377 390 haud
400 352 569 401 impares
585 355 730 389 stetere
747 351 867 397 acies3
892 350 1070 388 subsidia
1089 349 1234 387 deinde
1252 350 1473 387 identidem
1489 350 1698 388 summissa

271 438 291 462 e
334 424 472 462 castris
510 436 590 460 non
628 427 858 460 averterunt
898 423 1025 460 solum
1064 423 1105 459 in
1143 422 1277 470 fugam
1308 422 1452 469 hostes,
1497 422 1565 459 sed
1597 422 1696 459 adeo

272 496 402 534 effusis
420 496 661 544 institerunt,
688 498 742 541 ut,
767 495 845 532 nisi
861 495 1041 544 receptui
1059 494 1276 539 cecinisset,
1303 494 1492 543 permixti
1508 493 1696 544 fugienti-

223 569 249 605 5
269 569 342 606 bus
368 567 565 618 irrupturi
587 567 709 604 fuisse
732 567 773 604 in
797 567 935 604 urbem
959 566 1200 604 viderentur.
1247 565 1482 616 Trepidatio
1508 579 1602 603 vero
1618 579 1698 603 non

272 641 310 678 in
334 641 477 691 proelio
502 640 628 676 maior
644 652 760 689 quam
778 643 864 677 tota
879 639 980 677 urbe
997 639 1093 684 fuit,
1119 638 1253 675 multae
1271 638 1460 675 stationes
1476 651 1623 688 pavore
1640 640 1698 675 at-

270 727 347 763 que
374 714 469 761 fuga
492 711 657 749 desertae
681 715 773 749 sunt
795 712 1007 761 relictique
1034 710 1148 756 muri,
1177 724 1309 760 quum,
1342 724 1420 760 qua
1446 711 1589 759 cuique
1616 712 1700 747 erat

226 787 248 823 6
267 785 504 836 proximum,
529 783 797 822 desiluissent.
844 783 961 830 Quod
984 783 1054 820 ubi
1079 795 1261 831 egressus
1279 781 1414 832 Scipio
1432 783 1473 820 in
1489 782 1698 828 tumulum,

272 872 387 908 quem
418 856 612 894 Mercurii
643 859 798 902 vocant,
836 854 1132 899 animadvertit,
1170 854 1307 891 multis
1337 855 1519 904 partibus
1550 854 1700 891 nudata

273 929 547 967 defensoribus
571 928 715 965 moenia
737 940 834 971 esse,
860 940 995 965 omnes
1025 940 1044 963 e
1068 927 1209 964 castris
1234 927 1383 963 excitos
1406 927 1464 963 ire
1481 927 1532 963 ad
1548 938 1699 975 oppug-

230 1004 251 1038 7
272 1002 443 1039 nandam
459 999 600 1037 urbem
618 1004 657 1037 et
673 1000 778 1037 ferre
795 1000 923 1037 scalas
941 999 1064 1036 iubet.
1109 998 1202 1048 Ipse
1219 999 1341 1035 trium
1359 1011 1441 1048 prae
1457 1012 1497 1036 se
1514 998 1699 1035 iuvenum

272 1073 496 1111 validorum
523 1073 644 1109 scutis
669 1072 865 1122 oppositis
889 1072 1047 1120 (ingens
1071 1071 1174 1107 enim
1198 1071 1276 1108 iam
1302 1071 1361 1107 vis
1388 1071 1516 1108 omnis
1543 1069 1702 1118 generis

273 1146 442 1184 telorum
467 1158 488 1182 e
513 1144 638 1182 muris
661 1144 838 1194 volabat)
863 1143 912 1180 ad
929 1144 1069 1181 urbem
1086 1143 1279 1189 succedit,
1305 1143 1500 1189 hortatur,
1524 1142 1703 1191 imperat,

226 1220 250 1256 8
270 1231 357 1269 quae
376 1218 415 1255 in
433 1230 514 1255 rem
532 1221 634 1262 sunt,
653 1217 839 1266 quodque
856 1216 1071 1265 plurimum
1088 1215 1137 1252 ad
1150 1215 1421 1253 accendendos
1434 1215 1607 1252 militum
1619 1213 1701 1251 ani-

274 1304 358 1328 mos
375 1291 574 1335 intererat,
584 1289 699 1326 testis
717 1292 994 1338 spectatorque
1010 1288 1170 1325 virtutis
1187 1291 1306 1337 atque
1323 1287 1494 1336 ignaviae
1511 1287 1703 1335 cuiusque

228 1365 250 1400 9
270 1363 396 1402 adest.
442 1362 587 1411 Itaque
610 1361 651 1398 in
675 1361 840 1398 vulnera
864 1373 908 1397 ac
932 1361 1011 1397 tela
1035 1364 1173 1406 ruunt3
1201 1373 1328 1409 neque
1347 1360 1438 1396 illos
1455 1359 1558 1396 muri
1574 1370 1703 1407 neque

276 1436 546 1485 superstantes
577 1433 720 1470 armati
751 1446 884 1470 arcere
916 1436 1078 1482 queunt,
1109 1432 1207 1482 quin
1239 1431 1420 1469 certatim
1448 1430 1702 1468 adscendant.

205 1508 254 1544 10
272 1507 324 1545 Et
347 1507 396 1544 ab
421 1506 591 1543 navibus
617 1505 754 1542 eodem
777 1509 955 1554 tempore
973 1518 1030 1550 ea,
1056 1517 1143 1554 quae
1160 1505 1261 1541 mari
1280 1505 1458 1550 alluitur,
1482 1516 1575 1553 pars
1592 1502 1702 1540 urbis

278 1578 503 1629 oppugnari
528 1582 657 1627 coepta
681 1581 751 1616 est.
800 1577 985 1615 Ceterum
1007 1578 1202 1614 tumultus
1227 1577 1319 1613 inde
1342 1577 1468 1613 maior
1493 1589 1611 1625 quam
1642 1574 1702 1611 vis

207 1653 251 1689 11
275 1650 457 1689 adhiberi
480 1653 647 1700 poterat.
694 1650 803 1687 Dum
827 1649 1047 1699 applicant,
1077 1649 1169 1685 dum
1190 1649 1339 1698 raptim
1357 1652 1560 1698 exponunt
1576 1647 1703 1684 scalas

277 1723 518 1772 militesque,
548 1723 653 1770 dum,
685 1736 761 1772 qua
785 1722 927 1771 cuique
953 1721 1176 1771 proximum
1201 1725 1269 1767 est,
1301 1721 1341 1758 in
1364 1725 1511 1758 terram
1538 1719 1704 1758 evadere

281 1798 509 1846 properant,
542 1795 627 1845 ipsa
653 1794 908 1832 festinatione
933 1798 971 1831 et
996 1794 1209 1831 certamine
1235 1794 1305 1830 alii
1336 1793 1437 1831 alios
1468 1792 1703 1842 impediunt.

133 1865 191 1914 45
277 1868 391 1905 Inter
413 1868 497 1905 haec
514 1867 738 1917 repleverat
754 1867 831 1904 iam
850 1866 997 1904 Poenus
1015 1867 1176 1903 armatis
1193 1879 1338 1910 muros,
1364 1870 1403 1903 et
1419 1866 1480 1903 vis
1498 1877 1640 1912 magna
1657 1876 1706 1901 ex

236 1941 258 1977 2
278 1941 433 1989 ingenti
457 1940 573 1989 copia
590 1944 776 1988 congesta
791 1938 963 1976 telorum
981 1938 1284 1988 suppeditabat3
1309 1937 1378 1975 sed
1393 1950 1522 1987 neque
1539 1936 1617 1974 viri
1635 1948 1706 1973 nec

281 2013 361 2050 tela
387 2025 457 2049 nec
483 2012 695 2061 quicquam
719 2010 829 2048 aliud
854 2024 965 2060 aeque
991 2024 1109 2060 quam
1132 2011 1275 2048 moenia
1301 2011 1388 2060 ipsa
1412 2022 1495 2047 sese
1520 2008 1705 2046 defende-

282 2085 391 2122 bant.
437 2083 556 2120 Rarae
581 2084 685 2121 enim
702 2084 817 2121 scalae
835 2083 1041 2120 altitudini
1060 2084 1210 2132 aequari
1228 2085 1424 2132 poterant,
1452 2085 1490 2119 et
1506 2093 1582 2131 quo
1602 2092 1706 2129 quae-

237 2158 260 2193 3
279 2170 355 2206 que
372 2156 546 2202 altiores,
562 2170 607 2194 eo
626 2155 864 2193 infirmiores
883 2159 1006 2193 erant.
1052 2155 1196 2205 Itaque
1213 2168 1333 2205 quum
1350 2167 1523 2192 summus
1539 2152 1706 2203 quisque

284 2228 450 2266 evadere
474 2241 553 2266 non
580 2232 723 2278 posset,
750 2228 930 2264 subirent
953 2231 1085 2265 tamen
1110 2228 1192 2274 alii,
1219 2241 1336 2265 onere
1360 2229 1445 2277 ipso
1471 2225 1708 2274 frangeban-

282 2304 360 2337 tur.
406 2300 591 2347 Quidam,
616 2300 812 2337 stantibus
837 2301 963 2346 scalis,
995 2314 1115 2350 quum
1139 2300 1308 2338 altitudo
1340 2300 1553 2348 caliginem
1583 2297 1710 2335 oculis

237 2374 262 2410 4
281 2372 499 2418 offudisset,
532 2371 582 2409 ad
611 2375 758 2409 terram
789 2372 913 2409 delati
945 2377 1049 2411 sunt.
1116 2372 1170 2409 Et
1201 2386 1320 2422 quum
1352 2371 1500 2422 passim
1530 2369 1708 2406 homines

287 2445 480 2493 scalaeque
510 2447 681 2491 ruerent,
713 2446 751 2480 et
777 2444 862 2493 ipso
886 2457 1068 2481 successu
1094 2444 1260 2482 audacia
1285 2447 1403 2493 atque
1428 2442 1614 2479 alacritas
1640 2443 1708 2480 ho-

242 2517 403 2554 5stium
435 2520 638 2563 cresceret,
671 2516 827 2565 signum
857 2516 1035 2565 receptui
1068 2517 1204 2554 datum
1236 2518 1314 2562 est,
1352 2514 1458 2564 quod
1489 2528 1599 2564 spem
1629 2527 1709 2551 non

288 2588 494 2638 praesentis
520 2588 636 2626 modo
662 2588 711 2625 ab
739 2590 851 2625 tauto
879 2587 1093 2625 certamine
1121 2600 1164 2624 ac
1192 2587 1326 2625 labore
1353 2587 1498 2636 quietis
1525 2586 1710 2633 obsessis,

290 2660 358 2698 sed
390 2660 508 2698 etiam
539 2661 576 2697 in
603 2663 803 2710 posterum
828 2659 950 2706 dedit,
981 2659 1100 2697 scalis
1125 2662 1164 2697 et
1186 2672 1330 2696 corona
1354 2659 1443 2709 capi
1465 2660 1603 2697 urbem
1630 2672 1709 2696 non
