1768 2943
240 89 320 130 128
662 87 764 118 Liber
784 86 910 118 XXIII.
951 85 1007 129 (A.
1030 97 1060 118 u.
1082 96 1111 117 c.
1134 86 1228 129 538.)

197 217 222 258 3
238 219 360 255 duelli
383 218 521 267 populi
547 218 721 255 Romani
746 218 832 254 erit.
882 218 1026 267 Pythio
1051 218 1240 267 Apollini,
1270 230 1311 255 re
1339 218 1500 266 publica
1523 224 1654 254 vestra

237 290 342 325 bene
365 294 482 337 gesta
506 294 757 337 servataque,
783 302 801 324 e
819 289 938 325 lucris
954 289 1104 325 meritis
1122 289 1278 325 donum
1294 288 1496 332 mittitote,
1521 289 1655 336 deque

237 359 388 407 praeda,
427 359 627 395 manubiis
661 359 881 407 spoliisque
913 359 1112 395 honorem
1145 359 1356 401 habetote;
1395 358 1599 394 lasciviam
1632 370 1656 394 a

196 427 351 468 4vobis
376 429 674 477 prohibetote.»
733 428 832 465 Haec
858 429 924 465 ubi
949 441 997 465 ex
1021 428 1166 466 Graeco
1192 428 1369 464 carmine
1394 427 1656 476 interpretata

241 499 432 543 recitavit,
457 504 540 535 tum
559 499 670 543 dixit,
698 510 741 535 se
760 499 926 535 oraculo
945 511 1151 548 egressum
1170 498 1372 546 extemplo
1390 497 1450 534 his
1469 498 1656 535 omnibus

194 568 337 609 5divis
370 581 454 605 rem
487 569 665 605 divinam
697 574 784 605 ture
817 581 864 606 ac
897 569 991 606 vino
1021 569 1179 613 fecisse,
1212 569 1445 615 iussumque
1469 579 1493 603 a
1520 567 1658 615 templi

238 640 428 683 antistite,
455 640 556 676 sicut
580 645 799 676 coronatus
823 640 959 676 laurea
985 651 1141 676 corona
1167 644 1207 674 et
1225 638 1431 674 oraculum
1448 637 1602 673 adisset
1619 643 1659 673 et

237 722 320 746 rem
353 709 531 746 divinam
563 709 738 754 fecisset,
772 710 827 746 ita
863 715 1104 746 coronatum
1128 721 1272 745 navem
1298 708 1554 745 adscendere
1581 720 1657 744 nec

197 779 222 819 6
239 786 333 817 ante
351 781 561 829 deponere
579 793 683 824 eam,
703 792 823 828 quam
842 781 1016 816 Romam
1034 779 1301 828 pervenisset;
1331 790 1388 823 se,
1408 789 1658 826 quaecunque

238 852 435 900 imperata
467 851 558 896 sint,
593 863 684 887 cum
716 863 872 887 summa
896 850 1092 898 religione
1118 861 1165 886 ac
1190 849 1400 898 diligentia
1426 854 1659 885 exsecutum

240 934 435 959 coronam
458 923 600 958 Romae
624 922 666 958 in
690 933 759 957 ara
783 920 981 969 Apollinis
1007 920 1262 969 deposuisse.
1321 919 1493 955 Senatus
1519 919 1659 956 decre-

239 993 305 1036 vit,
338 998 381 1028 ut
413 1004 471 1029 eae
502 1005 566 1029 res
599 992 746 1028 divinae
779 991 1179 1039 supplicationesque
1213 990 1342 1039 primo
1369 1000 1532 1036 quoque
1560 995 1659 1025 tem·

241 1075 340 1111 pore
372 1075 463 1099 cum
495 1075 590 1099 cura
622 1063 775 1098 fierent.

200 1131 222 1171 7
357 1133 464 1169 Dum
512 1134 597 1170 haec
640 1133 782 1168 Romae
831 1137 953 1179 atque
999 1132 1038 1168 in
1084 1131 1198 1168 Italia
1242 1135 1447 1180 geruntur,
1496 1131 1659 1168 nuntius

240 1204 415 1240 victoriae
455 1204 510 1240 ad
543 1203 707 1240 Cannas
742 1202 1031 1250 Carthaginem
1064 1207 1230 1238 venerat
1261 1201 1386 1250 Mago
1420 1200 1659 1239 Hamilcaris

242 1273 354 1318 filius,
397 1287 483 1311 non
523 1286 571 1310 ex
610 1274 698 1322 ipsa
738 1273 825 1309 acie
865 1285 889 1309 a
922 1272 1041 1308 fratre
1075 1273 1232 1316 missus,
1273 1273 1348 1309 sed
1380 1278 1559 1308 retentus
1592 1272 1660 1308 ali-

243 1349 341 1391 quot
380 1345 468 1381 dies
506 1345 548 1380 in
579 1343 824 1392 recipiendis
858 1343 1083 1379 civitatibus
1116 1342 1372 1387 Bruttiorum,
1416 1347 1459 1378 ul
1490 1354 1660 1390 quaeque

200 1412 499 1454 8deficiebant.
562 1414 612 1458 Is,
648 1426 769 1462 quum
803 1413 839 1449 ei
873 1418 1037 1449 senatus
1070 1413 1189 1449 datus
1215 1420 1334 1458 esset,
1369 1425 1432 1449 res
1457 1418 1594 1462 gestas
1619 1413 1660 1450 in

241 1485 355 1520 ltalia
386 1498 410 1521 a
435 1485 554 1521 fratre
582 1485 766 1533 exponit:
803 1495 897 1521 cum
923 1495 991 1519 sex
1015 1483 1325 1532 imperatoribus
1351 1495 1455 1528 eum,
1491 1496 1660 1532 quorum

242 1560 431 1603 quattuor
463 1555 664 1598 consules,
699 1555 782 1591 duo
811 1554 985 1590 dictator
1009 1565 1058 1590 ac
1081 1555 1273 1603 magister
1296 1554 1473 1603 equiturn
1499 1554 1657 1599 fuerint,

201 1624 332 1665 9cum
364 1638 433 1662 sex
466 1626 744 1662 consularibus
777 1624 1016 1661 exercitibus
1049 1626 1137 1662 acie
1170 1627 1423 1667 conflixisse;
1459 1624 1660 1661 occidisse

243 1708 362 1744 supra
380 1696 557 1732 ducenta
574 1696 696 1731 millia
714 1696 903 1739 hostium,
933 1707 1052 1744 supra
1070 1695 1364 1743 quinquaginta
1381 1695 1552 1743 cepisse.
1601 1694 1662 1731 Ex

242 1771 429 1814 quattuor
454 1766 687 1803 consulibus
713 1767 818 1803 duos
844 1766 1063 1809 occidisse;
1099 1779 1147 1802 ex
1173 1766 1333 1802 duobus
1359 1765 1540 1802 saucium
1564 1765 1662 1802 alte-

240 1848 339 1879 rum,
382 1837 550 1872 alterum
593 1842 680 1872 toto
725 1837 876 1873 amisso
921 1837 1096 1873 exercitu
1137 1836 1199 1873 vix
1239 1848 1329 1873 cum
1368 1835 1661 1884 quinquaginta

173 1904 227 1946 10
242 1906 470 1943 hominibus
495 1906 698 1955 effugisse.
748 1906 985 1955 Magistrum
1010 1906 1201 1955 equitum,
1232 1918 1322 1954 quae
1347 1906 1569 1942 consularis
1587 1918 1660 1954 po-

245 1982 368 2013 testas
403 1977 465 2021 sit,
500 1976 633 2013 fusum
671 1977 944 2025 fugatumque;
980 1977 1234 2021 dictatorem,
1269 1977 1363 2024 quia
1392 1988 1434 2012 se
1461 1976 1504 2012 in
1532 1977 1662 2012 aciem

174 2046 222 2085 11
241 2059 447 2095 nunquam
482 2047 739 2090 commiserit,
773 2047 935 2084 unicum
961 2047 1099 2083 haberi
1122 2048 1422 2096 imperatorem.
1484 2045 1660 2084 Bruttios

241 2118 490 2165 Apulosque,
531 2117 674 2165 partim
707 2118 945 2154 Samnitium
983 2130 1031 2155 ac
1062 2117 1322 2154 Lucanorum
1360 2116 1561 2153 defecisse
1607 2117 1662 2153 ad

241 2187 406 2223 Poenos.
455 2186 652 2236 Capuam,
679 2188 792 2235 quod
810 2194 932 2236 caput
948 2200 1033 2224 non
1052 2187 1288 2236 Campaniae
1305 2188 1446 2232 modo,
1475 2188 1550 2224 sed
1567 2193 1662 2236 post

242 2257 435 2294 afflictam
458 2269 542 2293 rem
567 2258 795 2294 Romanam
815 2257 1023 2295 Cannensi
1048 2270 1186 2307 pugna
1202 2258 1326 2295 Italiae
1351 2258 1412 2301 sit,
1440 2257 1660 2294 Hannibali

176 2325 229 2366 12
245 2340 287 2364 se
314 2327 545 2364 tradidisse.
593 2327 670 2363 Pro
700 2328 760 2364 his
785 2329 906 2365 tantis
929 2334 1070 2376 totque
1093 2328 1270 2366 victoriis
1294 2339 1430 2364 verum
1456 2340 1546 2364 esse
1570 2339 1661 2376 gra-

143 2392 186 2436 12
249 2403 308 2434 tes
336 2397 424 2434 deis
451 2397 743 2434 immortalibus
771 2399 836 2446 agi
865 2398 1098 2446 haberique.
1161 2399 1226 2435 Ad
1253 2398 1377 2435 fidem
1401 2398 1554 2434 deinde
1578 2404 1661 2434 tam

242 2469 419 2504 laetarum
463 2479 595 2504 rerum
627 2467 780 2503 effundi
813 2468 854 2504 in
886 2468 1084 2504 vestibulo
1118 2469 1235 2505 curiae
1267 2469 1380 2506 iussit
1412 2468 1556 2504 anulos
1591 2480 1660 2504 au-

243 2549 348 2582 reos,
399 2538 466 2586 qui
514 2542 648 2574 tantus
691 2549 857 2574 acervus
901 2537 985 2581 suit,
1034 2543 1076 2574 ut
1118 2538 1374 2575 metientibus
1418 2550 1538 2586 supra
1580 2544 1658 2575 tres

205 2605 408 2645 2modios
432 2609 616 2656 explesse
641 2608 720 2644 sint
744 2607 910 2656 quidam
935 2613 1140 2653 auctores;
1171 2608 1278 2644 fama
1296 2608 1435 2653 tenuit,
1462 2620 1550 2656 quae
1568 2621 1659 2657 pro-
