1789 2955
281 92 362 128 222
672 89 787 124 Liber
811 89 958 125 XXIX.
1010 89 1073 135 (A.
1099 104 1135 126 u.
1162 103 1191 126 0.
1218 92 1311 137 550.)

278 216 383 253 stiva
413 217 627 254 iactatione
674 218 900 255 severitatis
932 218 1112 265 inflatus,
1143 218 1199 256 M.
1231 219 1409 268 Livium,
1443 223 1537 271 quia
1566 223 1709 273 populi

207 286 257 323 10
276 287 425 325 iudicio
458 292 561 325 esset
591 290 811 335 damnatus,
843 304 988 340 equum
1018 291 1192 328 vendere
1230 291 1359 331 iussit.
1419 293 1524 330 Item
1554 293 1609 331 M.
1640 294 1709 331 Li—

278 358 383 405 vius,
416 372 535 408 quum
568 360 619 397 ad
649 361 801 398 tribum
831 361 1073 399 Arniensem
1110 365 1150 399 et
1179 376 1323 400 nomen
1355 365 1517 414 collegae
1547 369 1710 404 ventum

277 433 348 476 est,
380 431 553 469 vendere
586 445 728 481 equum
768 432 810 470 C.
837 433 1049 471 Claudium
1082 434 1201 472 iussit
1233 435 1399 473 duarum
1423 450 1555 474 rerum
1582 450 1710 485 causa,

275 502 406 548 unius,
438 504 544 553 quod
569 505 714 542 falsum
732 505 922 543 adversus
947 519 988 543 se
1011 506 1286 544 testimonium
1318 507 1498 554 dixisset,
1530 509 1708 556 alterius,

206 573 381 623 llquod
428 589 507 613 non
553 577 708 614 sincera
752 577 831 615 fide
877 591 1007 614 secum
1053 578 1095 615 in
1132 578 1306 626 gratiam
1336 579 1516 617 redisset.
1576 581 1709 631 AEque

274 645 422 683 foedum
454 651 650 686 certamen
682 649 921 698 inquinandi
950 649 1094 686 famam
1140 650 1305 688 alt-erius
1351 664 1438 688 cum
1477 665 1557 689 suae
1592 653 1709 690 famae

203 721 251 756 12
271 717 414 756 damno
446 720 593 758 factum
627 725 686 759 est
723 721 835 758 exitu
874 735 1060 758 censurae.
1122 721 1252 768 Quum
1299 723 1339 759 in
1385 723 1492 772 leges
1537 724 1710 763 iurasset

276 789 318 827 C.
353 791 548 830 Claudius
580 797 619 830 et
648 794 688 830 in
722 794 906 830 aerarium
939 793 1193 840 escendisset,
1233 794 1340 831 inter
1369 796 1531 833 nomina
1563 809 1709 844 eorum,

209 866 256 902 13
275 876 374 912 quos
406 865 568 903 aerarios
597 865 865 915 relinquebat,
896 865 1007 902 dedit
1051 865 1217 914 collegae
1247 879 1400 903 nomen.
1460 867 1623 905 Deinde
1653 868 1709 906 M.

273 935 415 974 Livius
447 937 489 974 in
520 938 703 975 aerarium
740 938 869 983 venit;
914 940 1058 987 praeter
1104 937 1286 975 Maeciam
1331 939 1503 986 tribum,
1550 952 1638 988 quae
1669 953 1710 978 se

274 1021 401 1057 neque
419 1010 723 1047 condemnasset
739 1022 866 1058 neque
885 1010 1190 1046 condemnatum
1215 1014 1284 1047 aut
1308 1010 1509 1048 consulem
1533 1014 1602 1048 aut
1618 1024 1707 1048 cen-

273 1095 400 1118 sorem
432 1082 606 1129 fecisset,
638 1082 832 1132 populum
862 1082 1086 1119 Romanum
1120 1095 1286 1128 omnem,
1319 1085 1509 1131 quattuor
1555 1085 1594 1120 et
1637 1083 1708 1120 tri-

201 1154 249 1189 14
270 1154 382 1202 ginta
412 1154 556 1201 tribus,
589 1154 750 1191 aerarios
780 1153 961 1203 reliquit,
985 1153 1091 1202 quod
1117 1156 1156 1190 et
1180 1153 1431 1191 innocentem
1457 1168 1496 1191 se
1524 1154 1708 1192 condem-

271 1229 431 1264 nassent
477 1229 516 1263 et
562 1226 868 1262 condemnatum
914 1225 1115 1263 consulem
1162 1230 1202 1263 et
1255 1239 1456 1263 censorem
1510 1226 1708 1273 fecissent,

269 1312 398 1348 neque
429 1298 597 1335 infitiari
627 1301 800 1347 possent,
832 1300 900 1334 aut
930 1297 1080 1334 iudicio
1112 1298 1232 1334 semel
1264 1301 1332 1334 aut
1360 1297 1531 1335 comitiis
1563 1297 1625 1335 bis
1657 1297 1706 1335 ab

203 1370 251 1407 15
270 1384 311 1407 se
342 1374 549 1420 peccatum
581 1383 681 1407 esse:
714 1370 818 1406 inter
835 1372 1026 1418 quattuor
1059 1373 1097 1406 et
1122 1369 1292 1418 triginta
1315 1370 1446 1407 tribus
1474 1372 1513 1407 et
1531 1369 1572 1407 C.
1590 1369 1706 1408 Clau-

269 1442 378 1479 dium
410 1442 594 1479 aerarium
625 1442 730 1487 fore,
780 1441 886 1491 quod
918 1441 951 1478 si
984 1442 1207 1490 exemplum
1248 1441 1413 1478 haberet
1444 1442 1506 1479 bis
1538 1442 1706 1480 eundem

269 1515 455 1551 aerarium
472 1513 742 1562 relinquendi,
776 1512 817 1550 C.
837 1512 1051 1550 Claudium
1076 1513 1311 1550 nominatim
1338 1527 1378 1551 se
1410 1514 1514 1550 inter
1542 1514 1704 1551 aerarios

202 1587 249 1621 16
268 1586 389 1623 fuisse
422 1586 667 1623 relicturum.
716 1584 892 1622 Pravum
926 1589 1128 1622 certamen
1153 1589 1336 1622 notarum
1367 1586 1473 1622 inter
1505 1598 1704 1632 censores3

270 1658 480 1707 castigatio
513 1656 793 1695 inconstantiae
824 1656 965 1705 populi
997 1657 1178 1693 censoria
1196 1660 1236 1693 et
1252 1657 1450 1706 gravitate
1480 1661 1706 1707 temporum

199 1729 430 1767 17illorum
463 1730 596 1779 digna.
655 1729 707 1766 In
751 1728 903 1766 invidia
948 1741 1130 1766 censores
1163 1742 1285 1778 quum
1317 1733 1469 1774 essent,
1503 1729 1706 1767 crescendi

268 1815 314 1838 ex
347 1802 396 1838 iis
427 1804 539 1839 ratus
570 1815 655 1839 esse
688 1801 934 1839 occasionem
953 1799 1022 1837 Cn.
1040 1800 1201 1837 Baebius
1225 1800 1412 1838 tribunus
1437 1801 1567 1851 plebis
1600 1802 1704 1839 diem

267 1873 317 1910 ad
349 1873 540 1923 populum
571 1873 755 1923 utrisque
787 1872 903 1910 dixit.
950 1871 1011 1909 Ea
1035 1886 1097 1909 res
1125 1886 1319 1910 consensu
1344 1876 1501 1922 patrum
1526 1873 1704 1911 discussa

267 1948 336 1992 est,
368 1959 416 1982 ne
446 1949 584 1994 postea
615 1945 788 1982 obnoxia
818 1943 1004 1994 populari
1034 1957 1139 1981 aurae
1172 1958 1337 1982 censura
1368 1947 1481 1982 esset.

123 2011 179 2059 38
384 2016 535 2054 Eadem
569 2020 706 2054 aestate
738 2017 778 2053 in
810 2016 984 2053 Bruttiis
1006 2015 1231 2066 Clampetia
1262 2031 1285 2054 a
1310 2017 1470 2054 consule
1501 2016 1543 2053 vi
1575 2019 1702 2065 capta,

271 2088 489 2125 Consentia
520 2093 559 2125 et
589 2088 793 2125 Pandosia
840 2092 879 2124 et
911 2087 1110 2136 ignobiles
1156 2089 1244 2126 aliae
1286 2089 1467 2126 civitates
1497 2088 1705 2125 voluntate

227 2161 248 2195 2
268 2161 309 2197 in
342 2160 537 2198 dicionem
569 2164 774 2197 venerunt.
836 2159 891 2196 Et
936 2173 1057 2210 quum
1089 2160 1339 2197 comitiorum
1385 2161 1463 2197 iam
1495 2162 1704 2209 appeteret

264 2237 430 2281 tempus,
463 2231 690 2270 Cornelium
721 2231 855 2281 potius
896 2245 942 2268 ex
975 2231 1161 2278 Etruria,
1208 2232 1279 2269 ubi
1325 2232 1427 2269 nihil
1473 2231 1570 2268 belli
1602 2233 1702 2277 erat,

219 2304 241 2340 3
260 2304 428 2342 Romam
460 2303 582 2341 acciri
612 2303 775 2352 placuit.
837 2303 878 2340 Is
918 2304 1098 2341 consules
1131 2304 1200 2341 Cn.
1233 2302 1447 2341 Servilium
1474 2302 1702 2352 Caepionem

219 2377 299 2413 4et
330 2376 372 2413 C.
421 2375 636 2413 Servilium
677 2373 890 2412 Geminum
936 2377 1097 2414 creavit.
1159 2376 1261 2413 Inde
1307 2375 1495 2425 praetoria
1542 2374 1702 2412 comitia

264 2448 415 2485 habita.
478 2447 615 2484 Creati
646 2446 692 2483 P.
727 2446 934 2484 Cornelius
964 2447 1173 2494 Lentulus,
1204 2447 1250 2486 P.
1285 2446 1529 2494 Quinctilius
1557 2445 1702 2491 Varus,

223 2520 245 2556 5
265 2519 310 2557 P.
343 2520 479 2556 AElius
511 2519 658 2565 Paetus,
690 2518 736 2555 P.
770 2517 921 2555 Villius
953 2518 1182 2568 Tappulus;
1222 2518 1266 2556 hi
1299 2519 1377 2556 duo
1411 2531 1532 2567 quum
1565 2516 1701 2554 aediles

264 2591 394 2640 plebis
427 2595 568 2638 essent,
599 2594 791 2640 praetores
822 2591 946 2627 creati
978 2594 1080 2627 sunt.
1128 2590 1277 2628 Consul
1311 2590 1482 2628 comitiis
1513 2588 1700 2639 perfectis

265 2663 315 2699 ad
348 2662 563 2699 exercitum
597 2663 637 2699 in
668 2661 874 2699 Etruriam
904 2661 1022 2699 redit.
