1789 2955
255 68 304 104 16
658 63 773 99 Liber
796 64 939 100 XXVI.
988 67 1049 109 (A.
1074 78 1109 100 u.
1135 77 1164 102 c.
1189 67 1284 111 543.)

250 194 447 240 postremo
486 192 535 229 ad
566 193 713 228 moenia
744 192 831 242 ipsa
863 198 902 231 et
932 193 981 230 ad
1013 198 1148 242 portas
1194 193 1379 241 accessit3
1424 193 1593 231 Romam
1638 207 1681 231 se

249 263 526 312 adempturum
554 263 621 309 eis,
645 264 722 300 nisi
750 265 978 302 omitterent
995 265 1184 315 Capuam,
1210 264 1404 311 ostendit;
1435 278 1513 302 non
1539 266 1680 303 omise-

182 336 230 372 12
248 338 352 370 runt.
412 334 536 372 Feras
567 335 728 382 bestias,
759 349 861 373 caeco
893 337 1044 386 impetu
1075 350 1121 374 ac
1151 337 1262 374 rabie
1293 336 1522 383 concitatas,
1562 337 1596 374 si
1627 337 1679 375 ad

250 405 399 441 cubilia
431 410 469 443 et
501 407 653 443 catulos
686 420 820 444 earum
852 409 909 446 ire
940 422 1094 458 pergas,
1127 407 1178 445 ad
1218 421 1332 457 opem
1362 408 1442 445 suis
1472 408 1679 446 ferendam

180 478 230 515 13
247 480 424 523 ave1·tas;
457 477 660 516 Romanos
687 479 816 517 Roma
843 481 1114 526 circumsessa,
1137 480 1334 528 coniuges,
1360 479 1487 525 liberi,
1511 493 1678 529 quorum

245 547 426 596 ploratus
457 549 549 586 hinc
580 563 704 599 prope
735 552 1065 598 exaudiebantur,
1103 564 1192 597 arae,
1233 552 1321 596 foci,
1352 551 1467 587 deum
1499 551 1679 598 delubra,

246 620 429 668 sepulcra
459 622 654 659 maiorum
684 626 877 661 temerata
922 638 965 661 ac
1004 623 1155 661 violata
1201 637 1223 660 a
1264 623 1400 673 Capua
1445 635 1523 658 non
1568 635 1679 659 aver·

245 693 401 737 terunt;
433 695 546 729 tanta
563 692 733 729 aviditas
751 692 943 741 supplicii
962 691 1185 741 expetendi,
1201 695 1315 728 tanta
1331 693 1538 741 sanguinis
1550 694 1678 731 nostri

175 762 226 798 14
244 762 455 800 hauriendi
488 768 547 801 est
577 763 682 809 sitis3
728 776 800 800 nec
840 763 991 800 iniuria
1021 763 1207 808 forsitam
1254 776 1323 799 nos
1369 777 1527 814 quoque
1571 765 1678 802 idem

243 833 484 884 fecissemus,
517 836 550 872 si
582 835 675 872 data
706 835 866 872 fortuna
898 837 1010 871 esset.
1071 834 1214 883 Itaque
1246 836 1431 883 quoniam
1463 836 1583 874 aliter
1615 837 1676 874 dis

242 904 536 944 immortalibus
570 911 630 944 est
659 907 798 953 visum,
845 920 965 956 quum
1011 910 1176 943 mortem
1215 921 1263 944 ne
1301 920 1484 945 recusare
1515 908 1676 957 quidem

242 975 416 1026 debeam,
445 979 645 1016 cruciatus
663 979 1017 1028 contumeliasque,
1041 992 1137 1028 quas
1160 983 1276 1028 parat
1291 979 1428 1026 hostis,
1452 979 1544 1016 dum
1561 980 1676 1027 liber,

243 1047 334 1084 dum
367 1050 445 1085 mei
475 1054 618 1099 potens
649 1064 748 1097 sum,
795 1051 968 1099 effugere
999 1055 1146 1096 morte,
1192 1054 1458 1100 praeterquam
1499 1051 1676 1099 honesta,

172 1120 222 1158 15
241 1119 361 1156 etiam
387 1121 467 1157 leni
493 1134 664 1170 possum.
711 1123 802 1159 Non
829 1123 973 1159 videbo
991 1122 1099 1172 App.
1120 1122 1333 1159 Claudium
1360 1126 1399 1159 et
1417 1123 1462 1170 Q.
1486 1123 1674 1160 Fulvium

241 1191 412 1229 victoria
431 1193 621 1230 insolenti
637 1194 840 1241 subnixos,
867 1208 996 1244 neque
1024 1195 1181 1232 vinctus
1206 1207 1276 1243 per
1299 1195 1437 1231 urbem
1454 1194 1675 1231 Romanam

237 1263 432 1313 triumphi
459 1266 729 1314 spectaculum
760 1267 911 1315 trahar,
944 1271 989 1303 ut
1023 1266 1164 1303 deinde
1196 1267 1236 1302 in
1269 1279 1426 1302 carcere
1458 1266 1508 1304 ad
1538 1266 1673 1315 palum

240 1335 453 1383 deligatus,
486 1337 660 1375 lacerato
684 1338 812 1387 virgis
835 1342 961 1387 tergo,
992 1338 1184 1374 cervicem
1210 1338 1339 1374 securi
1365 1337 1555 1374 Romanae
1582 1337 1673 1374 sub—

239 1406 390 1453 iiciam3
439 1421 510 1445 nec
543 1409 652 1445 dirui
687 1409 926 1459 incendique
966 1410 1140 1459 patriam
1170 1408 1328 1455 videbo,
1373 1422 1446 1445 nec
1490 1409 1581 1458 rapi
1623 1408 1674 1445 ad

238 1481 419 1527 stuprum
461 1484 609 1517 matres
643 1480 864 1530 Campanas
895 1482 1155 1530 virginesque
1202 1486 1239 1518 et
1281 1481 1472 1529 ingenuos
1513 1493 1672 1529 pueros.

168 1552 218 1588 16
236 1552 397 1598 Albam,
426 1553 530 1589 unde
555 1552 632 1602 ipsi
657 1553 818 1590 oriundi
844 1557 968 1599 erant,
1001 1566 1023 1589 a
1046 1553 1315 1590 fundamentis
1339 1555 1591 1602 proruerunt,
1623 1564 1672 1588 ne

237 1625 369 1673 stirps,
414 1638 463 1660 ne
505 1625 694 1662 memoria
726 1625 925 1673 originum
973 1637 1131 1660 suarum
1179 1628 1368 1661 exstaret:
1415 1623 1559 1660 nedum
1607 1636 1672 1660 eos

237 1696 384 1746 Capuae
409 1709 598 1745 parsuros
627 1696 797 1740 credam,
824 1697 887 1733 cui
915 1696 1140 1733 infestiores
1169 1710 1286 1745 quam
1305 1695 1541 1744 Carthagini
1567 1699 1670 1733 sunt.

164 1767 214 1802 17
232 1767 377 1817 Itaque
411 1769 558 1817 quibus
589 1772 765 1804 vestrum
799 1772 889 1805 ante
920 1768 1002 1804 fato
1035 1768 1192 1814 cedere,
1239 1781 1354 1817 quam
1387 1767 1470 1804 haec
1499 1770 1561 1803 tot
1590 1770 1673 1803 tam

235 1840 377 1876 acerba
407 1839 581 1886 videant,
627 1840 669 1876 in
701 1839 834 1876 animo
867 1842 936 1886 est,
980 1839 1030 1876 iis
1068 1839 1175 1889 apud
1216 1853 1276 1875 me
1306 1838 1423 1876 hodie
1455 1838 1582 1887 epulae
1613 1838 1672 1874 in-

165 1910 215 1946 18
233 1914 393 1948 structae
419 1914 651 1960 parataeque
679 1915 781 1947 sunt.
837 1909 1003 1948 Satiatis
1030 1911 1123 1948 vino
1148 1911 1316 1960 ciboque
1339 1910 1526 1960 poculum
1552 1909 1670 1957 idem,

236 1983 342 2031 quod
381 1982 479 2019 mihi
513 1982 647 2020 datum
694 1983 826 2028 fuerit,
874 1984 1195 2028 circumferetur3
1241 1995 1287 2020 ea
1325 1982 1437 2031 potio
1477 1994 1618 2030 corpus
1649 1994 1673 2018 a

236 2055 426 2100 cruciatu,
459 2054 634 2090 animum
666 2067 688 2090 a
721 2054 984 2101 contumeliis,
1017 2055 1162 2099 oculos,
1194 2067 1310 2091 aures
1341 2068 1363 2091 a
1395 2053 1580 2090 videndis
1604 2065 1671 2089 au·

236 2124 472 2174 diendisque
511 2125 693 2162 omnibus
725 2125 878 2162 acerbis
911 2125 1179 2174 indignisque,
1218 2138 1304 2174 quae
1345 2129 1504 2162 manent
1533 2125 1672 2171 victos,

234 2196 472 2233 vindicabit.
518 2195 658 2233 Parati
684 2202 811 2243 erunt,
837 2199 906 2247 qui
932 2211 1076 2246 magno
1100 2211 1198 2246 rogo
1226 2199 1266 2234 in
1293 2197 1506 2247 propatulo
1524 2196 1669 2233 aedium

171 2269 219 2304 19
237 2281 403 2322 acacenso
435 2281 602 2317 corpora
633 2269 813 2305 exanima
845 2269 1042 2306 iniiciant.
1103 2269 1201 2306 Haec
1233 2283 1313 2306 una
1342 2270 1407 2306 via
1438 2273 1476 2305 et
1505 2268 1671 2304 honesta

232 2328 274 2376 et
304 2339 433 2376 libera
464 2339 513 2376 ad
537 2343 717 2377 mortem.
778 2340 831 2376 Et
859 2341 934 2389 ipsi
962 2341 1149 2377 virtutem
1176 2335 1430 2377 mirabuntur
1454 2341 1596 2387 hostes,
1630 2342 1670 2375 et

235 2411 442 2448 Hannibal
473 2411 593 2448 fortes
626 2411 755 2448 socios
788 2412 886 2448 sciet
917 2412 966 2448 ab
999 2425 1038 2448 se
1066 2412 1240 2449 desertos
1266 2425 1309 2449 ac
1337 2411 1516 2461 proditos
1541 2412 1665 2447 esse.“

92 2479 145 2526 14
348 2483 464 2519 Hanc
505 2483 724 2520 orationem
757 2482 891 2520 Virrii
932 2483 1068 2531 plures
1115 2497 1200 2520 cum
1248 2496 1411 2521 assensu
1456 2481 1670 2518 audierunt

235 2567 352 2602 quam
383 2554 478 2590 forti
519 2555 651 2591 animo
691 2553 743 2599 id,
790 2553 898 2603 quod
945 2553 1185 2602 probabant,
1230 2554 1393 2603 exsequi
1439 2555 1666 2602 potuerunt.

187 2626 210 2661 2
230 2625 362 2679 RJaior
386 2638 478 2674 pars
501 2630 674 2675 senatus³
702 2625 846 2662 multis
864 2637 968 2674 saepe
985 2625 1102 2661 bellis
1121 2629 1320 2674 expertam
1338 2625 1478 2674 populi
1494 2622 1668 2661 Romani
