1789 2955
511 90 627 125 Liber
651 89 819 125 XXVII.
869 90 930 132 (A.
958 89 1023 123 Ch.
1049 90 1146 132 209.)
1494 93 1543 128 77

113 217 346 267 impetretis,
377 230 494 266 quam
526 217 704 267 petitis.“
770 215 1022 261 Cohortibus‚
1061 228 1148 264 quae
1179 216 1293 264 signa
1325 216 1549 261 amiserant,
1568 217 1590 250 9

112 289 303 326 hordeum
350 288 439 326 dari
484 289 612 336 iussit,
659 288 989 336 centurionesque
1030 287 1336 336 manipulorum,
1378 300 1544 336 quorum

109 360 223 408 signa
252 360 399 397 amissa
428 360 598 408 fuerant,
630 360 830 398 destrictis
860 359 1005 407 gladiis
1037 360 1252 396 discinctos
1284 359 1467 404 destitui;
1508 363 1545 395 et

109 435 155 469 ut
184 434 343 481 postero
377 432 440 469 die
465 446 611 481 omnes⁷
638 432 804 482 equites,
830 431 995 480 pedites,
1021 431 1163 468 armati
1187 431 1381 476 adessent,
1406 430 1544 467 edixit.

109 504 173 541 Ita
206 504 339 541 contio
367 503 532 541 dimissa
562 504 784 549 fatentium,
829 503 914 539 iure
954 516 998 540 ac
1038 503 1179 540 merito
1219 516 1301 540 sese
1333 502 1548 550 increpitos
1569 502 1619 537 10

108 588 236 624 neque
266 575 339 612 illo
371 575 436 612 die
466 575 597 612 virum
630 587 869 625 quemquam
900 574 941 610 in
973 575 1057 611 acie
1088 574 1269 611 Romana
1299 573 1420 610 fuisse
1444 586 1542 622 prae—

107 650 169 683 ter
205 659 327 683 unum
364 645 523 693 ducem,
571 647 635 683 cui
672 649 742 684 aut
772 648 896 683 morte
928 645 1251 683 satisfaciendum
1283 648 1351 682 aut
1381 645 1544 693 egregia

107 718 275 755 victoria
292 721 404 755 esset.
450 718 620 755 Postero
637 718 703 754 die
721 717 852 755 ornati
868 717 1088 766 armatique
1106 717 1154 754 ad
1172 717 1344 754 edictum
1363 716 1542 754 aderant.

110 789 335 838 Imperator
367 803 433 827 eos
461 790 665 827 collaudat
694 789 1019 839 pronuntiatque,
1050 802 1072 825 a
1103 789 1247 837 quibus
1286 792 1375 825 orta
1414 788 1546 837 pridie
1569 788 1613 824 11

106 860 200 909 fuga
231 863 343 907 esset,
377 861 570 908 cohortes,
611 874 778 910 quaeque
810 861 924 909 signa
955 861 1192 906 amisissent,
1229 874 1268 897 se
1301 860 1342 896 in
1373 860 1543 909 primam

107 931 231 968 aciem
264 931 542 979 inducturum;
575 932 731 970 edicere
762 934 839 970 iam
871 945 955 970 sese
988 932 1180 978 omnibus,
1212 931 1469 981 pugnandum
1502 945 1547 969 ac
1569 932 1617 967 12

104 1002 345 1041 vincendum
372 1018 467 1052 esse,
497 1008 535 1041 et
561 1004 821 1042 annitendum
846 1004 1013 1052 singulis
1040 1004 1329 1053 universisque,
1357 1017 1405 1040 ne
1430 1004 1542 1053 prius

105 1074 302 1112 hesternae
340 1076 445 1125 fugae
477 1089 595 1125 quam
626 1075 828 1113 hodiernae
859 1076 1038 1113 victoriae
1070 1076 1175 1112 fama
1204 1076 1373 1112 Romam
1404 1089 1541 1125 perve-

105 1146 200 1184 niat.
260 1146 363 1184 Inde
396 1148 485 1186 cibo
518 1161 686 1197 corpora
716 1147 871 1185 firmare
903 1148 1011 1193 iussi,
1053 1150 1108 1194 ut,
1150 1147 1182 1184 si
1223 1148 1380 1195 longior
1412 1161 1546 1197 pugna
1568 1149 1616 1184 13

105 1221 217 1264 esset,
261 1218 416 1257 viribus
456 1219 694 1257 sufficerent.
765 1219 848 1257 Ubi
888 1220 1020 1256 onmia
1061 1219 1169 1256 dicta
1210 1220 1393 1268 factaque
1439 1224 1542 1265 sunt,

105 1289 250 1338 quibus
306 1291 578 1328 excitarentur
630 1291 753 1328 animi
810 1291 996 1338 militum,
1051 1291 1092 1327 in
1140 1291 1263 1328 aciem
1308 1291 1541 1340 procedunt.

104 1361 223 1408 Quod
252 1362 324 1399 ubi
354 1363 579 1400 Hannibali
610 1363 837 1399 nuntiatum
879 1366 949 1408 est,
998 1362 1123 1409 „Cum
1161 1376 1205 1399 eo
1237 1363 1449 1400 nimirum⁶⁶
1484 1364 1542 1400 in·
1629 1361 1683 1408 14

92 1433 191 1482 ‚quit
225 1432 364 1480 „hoste
394 1448 457 1472 res
483 1438 557 1485 est,
591 1435 660 1484 qui
684 1447 756 1471 nec
779 1434 923 1471 bonam
948 1448 1020 1471 nec
1045 1435 1188 1471 malam
1213 1435 1317 1472 ferre
1340 1435 1539 1472 fortunam

101 1505 241 1555 possit.
285 1504 365 1543 Seu
380 1506 491 1553 vicit,
515 1506 702 1544 ferociter
719 1506 844 1543 instat
858 1506 992 1552 victis,
1021 1520 1090 1543 seu
1106 1507 1237 1544 victus
1255 1511 1325 1553 est,
1346 1507 1541 1544 instaurat

102 1589 190 1613 cum
215 1577 436 1615 victoribus
463 1579 699 1616 certamen.“
759 1576 883 1625 Signa.
908 1578 1001 1614 inde
1029 1591 1169 1614 canere
1195 1579 1310 1615 iussit
1340 1582 1378 1615 et
1406 1579 1540 1628 copias
1560 1581 1581 1615 ²2

101 1647 248 1685 educit.
295 1649 523 1699 Pugnatum
554 1650 746 1699 utrinque
779 1649 985 1698 aliquanto
1010 1663 1127 1698 quam
1154 1650 1286 1699 pridie
1311 1650 1441 1686 acrius
1468 1653 1538 1694 est,

100 1719 236 1757 Poenis
268 1721 318 1757 ad
345 1721 604 1759 obtinendum
633 1722 861 1758 hesternum
888 1721 1006 1757 decus
1032 1722 1317 1768 annitentibus,
1347 1722 1540 1759 Romanis

102 1791 151 1829 ad
170 1792 402 1830 demendam
419 1793 691 1842 ignominiam.
740 1791 910 1829 Sinistra
927 1792 991 1828 ala
1008 1793 1056 1829 ab
1076 1793 1268 1831 Romanis
1287 1798 1326 1830 et
1348 1794 1540 1840 cohortes,
1561 1795 1583 1831 3

101 1876 187 1913 quae
218 1864 434 1901 amiserant
466 1864 591 1913 signa,
623 1865 662 1901 in
694 1864 823 1914 prima
855 1864 939 1900 acie
970 1864 1205 1913 pugnabant
1236 1869 1276 1902 et
1305 1866 1411 1914 legio
1438 1866 1539 1902 vice·

100 1935 209 1982 sima,
241 1935 291 1973 ab
323 1935 466 1974 dextro
499 1950 624 1974 cornu
655 1936 860 1973 instructa.
921 1934 966 1971 L.
985 1934 1197 1973 Cornelius
1214 1936 1409 1974 Lentulus
1441 1941 1480 1974 et
1498 1937 1581 1975 04

103 2006 295 2045 Claudius
326 2007 435 2046 Nero
468 2009 593 2057 legati
634 2007 822 2045 cornibus
860 2011 1075 2056 praeerant;
1115 2008 1332 2046 Marcellus
1369 2010 1536 2047 mediam

100 2080 226 2117 aciem
263 2079 446 2117 hortator
485 2080 682 2129 testisque
723 2092 897 2128 praesens
937 2078 1131 2117 firmabat.
1200 2080 1268 2117 Ab
1306 2081 1581 2119 Hannibale-5

98 2151 273 2201 Hispani
303 2152 473 2200 primam
504 2152 740 2189 obtinebant
770 2150 952 2196 frontem,
1000 2155 1040 2188 et
1079 2151 1120 2188 id
1160 2152 1317 2190 roboris
1356 2154 1397 2190 in
1429 2153 1534 2190 omni

99 2224 278 2260 exercitu
310 2226 404 2260 erat.
464 2223 598 2270 Quum
630 2235 775 2272 anceps
807 2222 877 2258 diu
907 2235 1044 2272 pugna
1075 2227 1188 2270 esset,
1220 2223 1428 2261 Hannibal
1460 2225 1536 2261 ele·
1558 2226 1580 2259 6

98 2295 268 2345 phantos
300 2295 341 2332 in
372 2294 541 2345 primam
574 2295 698 2332 aciem
729 2294 867 2330 induci
895 2294 1023 2341 iussit,
1069 2295 1102 2331 si
1141 2309 1256 2344 quem
1294 2296 1460 2332 iniicere
1492 2309 1536 2333 ea

98 2379 160 2403 res
191 2367 408 2404 tumultum
441 2380 485 2403 ac
515 2379 703 2416 pavorem
734 2369 877 2415 posset.
934 2365 988 2402 Et
1017 2366 1145 2416 primo
1176 2368 1392 2404 turbarunt
1423 2367 1538 2415 signa
1558 2369 1579 2402 7

99 2437 348 2488 ordinesque,
381 2441 420 2475 et
441 2438 591 2487 partim
617 2438 843 2484 occulcatis,
873 2438 1021 2487 partim
1046 2438 1253 2487 dissipatis
1277 2443 1440 2485 terrore,
1465 2439 1534 2488 qui

99 2509 207 2546 circa
237 2513 361 2556 erant,
392 2509 642 2547 nudaverant
672 2522 751 2546 una
783 2512 896 2558 parte
928 2509 1063 2557 aciem,
1100 2510 1300 2558 latiusque
1333 2512 1427 2559 fuga
1458 2524 1536 2547 ma·
1556 2511 1580 2547 8

97 2583 242 2627 nasset,
280 2581 323 2618 ni
364 2581 407 2620 C.
439 2581 646 2619 Decimius
678 2580 827 2618 Flavus
867 2581 1054 2618 tribunus
1093 2581 1277 2627 militum,
1318 2581 1430 2629 signo
1473 2595 1533 2619 ar-

98 2655 213 2701 repto
243 2652 364 2701 primi
393 2651 555 2699 hastati,
597 2653 842 2702 manipulum
875 2652 959 2689 eius
991 2652 1098 2701 signi
1130 2653 1241 2702 sequi
1273 2666 1313 2689 se
1345 2652 1533 2690 iussisset.
