1789 2955
562 84 677 118 Liber
703 83 848 119 XXIX.
900 86 957 127 (A.
985 84 1048 118 Ch.
1075 83 1168 127 204.)
1497 87 1578 124 213

141 211 334 261 appellat.
397 210 771 260 Carthaginiensem
803 211 978 249 nobilem
1011 211 1217 258 feminam,
1264 211 1413 249 sororis
1458 210 1583 249 filiam
1605 210 1653 245 12

144 282 400 330 Hannibalis,
435 295 521 332 quae
552 283 733 332 proxime
766 283 917 320 OEzalci
963 284 1050 332 regi
1095 287 1220 333 nupta
1264 284 1411 330 fuerat,
1444 282 1578 320 matri-

143 353 275 392 monio
321 354 399 391 sibi
444 354 576 403 iungit
621 367 689 403 spe
721 353 1115 403 Carthaginiensium
1147 354 1373 401 societatis,
1419 358 1458 392 et
1488 368 1576 392 cum
1599 355 1647 391 13

141 424 324 475 Syphace
354 425 574 475 hospitium
605 428 805 463 vetustum
832 426 976 474 legatis
1007 427 1140 464 missis
1164 428 1340 472 renovat,
1373 426 1505 463 omnia
1532 439 1578 463 ea

142 496 295 534 auxilia
324 510 554 548 praeparans
579 497 768 535 adversus
785 497 1053 537 Masinissam.
1101 498 1155 535 Et
1180 497 1406 544 Masinissa,
1438 497 1576 535 audita
1670 493 1725 543 30

141 571 269 606 morte
299 569 447 618 patrui,
481 569 573 607 dein
604 583 699 607 nece
724 570 862 607 fratris
887 570 1090 620 patruelis,
1124 584 1170 607 ex
1188 569 1388 619 Hispania
1406 570 1445 606 in
1464 569 1576 608 Mau-

142 640 339 678 retaniam
372 641 501 691 (Baga
533 655 578 678 ea
607 644 841 691 tempestate
879 655 950 678 rex
981 642 1217 679 Maurorum
1256 643 1357 690 erat)
1403 642 1575 680 traiecit.

140 711 210 749 Ab
258 725 303 749 eo
349 713 518 762 supplex
565 712 712 750 infimis
742 714 929 763 precibus
962 714 1154 751 auxilium
1187 713 1343 760 itineri,
1390 714 1619 763 quoniam?

144 783 253 820 bello
286 797 364 821 non
380 787 549 834 poterat,
581 788 771 834 quattuor
794 785 922 822 millia
938 784 1170 822 Maurorum
1189 785 1430 835 impetravit.
1479 785 1577 823 Cum
1598 788 1620 822 3

139 854 208 902 iis,
242 856 447 905 praemisso
493 857 635 895 nuntio
667 857 716 894 ad
748 860 935 907 paternos
967 871 1138 906 suosque
1180 857 1338 906 amicos,
1373 871 1493 907 quum
1526 857 1575 894 ad

139 926 238 964 fines
270 928 384 976 regni
416 928 676 979 pervenisset,
711 929 922 978 quingenti
954 930 1075 967 ferme
1092 928 1278 967 Numidae
1303 929 1353 966 ad
1377 943 1465 966 eum
1485 942 1574 966 con-

138 1003 344 1036 venerunt.
404 1000 538 1049 Igitur
569 1000 722 1038 Mauris
768 1001 874 1048 inde,
919 1002 1022 1038 sicut
1069 1005 1328 1047 convenerat,
1375 1004 1484 1039 retro
1524 1001 1620 1038 ad4

137 1084 273 1120 regem
303 1072 493 1122 remissis,
537 1086 764 1122 quanquam
804 1073 1011 1123 aliquanto
1053 1073 1185 1110 minor
1231 1086 1300 1122 spe
1346 1072 1576 1120 multitudo,

138 1156 211 1180 nec
244 1157 332 1181 cum
366 1158 445 1193 qua
476 1148 630 1182 tantam
661 1158 744 1182 rem
777 1145 941 1194 aggredi
975 1145 1071 1182 satis
1112 1145 1289 1191 auderet,
1322 1148 1573 1192 convenerat,

137 1219 248 1255 ratus
279 1215 433 1264 agendo
465 1229 509 1254 ac
541 1216 742 1253 moliendo
774 1217 879 1253 vires
911 1230 1068 1266 quoque
1107 1217 1158 1254 ad
1190 1216 1386 1265 agendum
1418 1216 1575 1266 aliquid
1595 1215 1617 1251 5

136 1286 409 1334 collecturum,
439 1288 709 1337 proficiscenti
740 1288 789 1326 ad
822 1287 1044 1338 Syphacem
1076 1288 1310 1325 Lacumazae
1348 1289 1490 1338 regulo
1522 1288 1573 1326 ad

134 1357 340 1408 Thapsum
365 1360 550 1398 occurrit.
599 1360 816 1410 Trepidum
843 1373 986 1409 agmen
1012 1373 1133 1409 quum
1165 1360 1206 1397 in
1238 1361 1375 1398 urbem
1408 1361 1573 1409 refugis·
1594 1361 1616 1396 6

136 1435 207 1477 set,
239 1434 278 1467 et
307 1432 447 1469 urbem
464 1432 679 1470 Masinissa
704 1433 832 1482 primo
861 1432 1011 1481 impetu
1043 1432 1154 1481 capit
1185 1435 1223 1469 et
1255 1446 1303 1469 ex
1334 1433 1456 1482 regiis
1474 1433 1573 1471 alios

134 1501 341 1540 tradentes
374 1517 414 1541 se
445 1505 605 1554 recipit,
637 1505 737 1543 alios
763 1504 843 1541 vim
870 1507 1058 1553 parantes
1087 1503 1253 1551 occidit;
1284 1518 1376 1554 pars
1401 1506 1574 1543 maxima

137 1587 226 1611 cum
257 1574 345 1624 ipso
376 1589 500 1625 puero
533 1576 639 1613 inter
669 1576 885 1613 tumultum
918 1576 967 1613 ad
1000 1574 1241 1625 Syphacem,
1290 1589 1367 1625 quo
1398 1577 1572 1626 primum

135 1645 393 1684 intenderant
424 1648 515 1694 iter,
547 1651 826 1698 pervenerunt.
889 1648 1013 1684 Fama
1057 1647 1177 1684 huius
1218 1648 1382 1684 modicae
1428 1649 1487 1686 rei
1533 1648 1615 1686 in7

134 1718 341 1768 principio
373 1733 504 1756 rerum
536 1733 728 1770 prospere
760 1722 857 1756 actae
890 1718 1090 1756 convertit
1121 1718 1170 1756 ad
1204 1718 1458 1757 Masinissam
1489 1721 1572 1760 Nu-

139 1789 278 1836 midas,
311 1790 612 1841 affluebantque
638 1792 817 1841 undique
841 1806 889 1829 ex
907 1791 1014 1840 agris
1038 1791 1216 1840 vicisque
1242 1795 1395 1829 veteres
1420 1793 1572 1831 milites

134 1859 248 1898 Galae
297 1866 336 1899 et
381 1863 604 1901 incitabant
659 1864 841 1901 iuvenem
895 1863 945 1900 acl
989 1862 1306 1912 recuperandum
1361 1868 1572 1913 paternum

135 1946 314 1982 regnum.
363 1935 538 1973 Numero
571 1936 744 1973 militum
777 1936 1027 1985 aliquantum
1052 1934 1304 1972 Mazaetullus
1336 1937 1570 1987 superabat3
1591 1937 1615 1973 8

140 2018 229 2042 nam
264 2009 304 2043 et
335 2007 421 2056 ipse
459 2021 546 2045 eum
579 2008 808 2053 exercitum,
857 2020 934 2057 quo
975 2006 1194 2056 Capussam
1226 2007 1398 2055 vicerat,
1445 2013 1483 2046 et
1522 2023 1571 2046 ex

139 2079 314 2127 receptis
345 2083 437 2128 post
468 2080 614 2117 caedem
639 2080 745 2128 regis
769 2079 926 2129 aliquot
942 2079 1126 2126 habebat,
1152 2082 1191 2116 et
1214 2092 1313 2128 puer
1330 2079 1572 2118 Lacumazes

134 2148 185 2186 ab
237 2149 420 2200 Syphace
469 2152 618 2189 auxilia
664 2152 847 2200 ingentia
879 2150 1112 2188 adduxerat.
1173 2151 1412 2198 Quindecim
1444 2153 1616 2190 millia9

137 2220 319 2270 peditum
350 2223 593 2270 Mazaetullo,
628 2224 761 2260 decem
794 2223 922 2260 millia
955 2223 1132 2272 equitum
1157 2227 1281 2270 erant,
1305 2223 1451 2272 quibus
1484 2238 1571 2262 cum

135 2291 374 2341 Masinissa,
418 2309 670 2345 nequaquam
708 2297 863 2332 tantum
910 2294 1089 2344 peditum
1129 2295 1358 2344 equitumve
1389 2296 1573 2344 habente,

137 2365 224 2402 acie
257 2366 445 2404 conflixit.
491 2367 606 2405 Vicit
630 2371 760 2405 tamen
795 2370 832 2405 et
862 2371 1040 2406 veterum
1071 2366 1245 2404 militum
1271 2367 1398 2404 virtus
1423 2370 1463 2405 et
1478 2381 1570 2418 pru-

136 2436 273 2475 dentia
305 2438 411 2475 inter
441 2439 623 2476 Romana
655 2442 694 2476 et
725 2438 880 2476 Punica
911 2452 1021 2476 arma
1053 2439 1263 2476 exercitati
1295 2438 1422 2486 ducis,
1455 2452 1571 2489 regu·
1594 2439 1642 2476 lO

135 2508 197 2546 lus
231 2523 319 2547 cum
349 2512 485 2548 tutore
517 2514 556 2548 et
588 2511 734 2560 exigua
758 2511 1077 2549 Masaesuliorum
1109 2524 1229 2548 manu
1260 2511 1300 2548 in
1319 2510 1570 2560 Carthagini-

135 2593 267 2618 ensem
300 2595 440 2630 agrum
469 2583 658 2632 perfugit.
720 2583 785 2620 Ita
815 2587 1049 2632 recuperato
1081 2595 1206 2631 regno
1238 2586 1416 2632 paterno,
1446 2583 1570 2621 Masi-

135 2652 265 2696 nissa,
313 2653 408 2702 quia
454 2654 531 2691 sibi
577 2654 767 2692 adversus
799 2653 1021 2704 Syphacem
1066 2653 1174 2692 haud
1220 2655 1339 2704 paulo
1381 2655 1570 2693 maiorem
