1789 2955
251 94 331 131 218
647 90 762 125 Liber
787 90 933 125 XXIX.
982 92 1042 134 (A.
1069 103 1103 124 u.
1131 101 1161 125 o.
1187 91 1281 134 550.)

253 217 437 267 „AEstiva
467 217 540 254 sub
558 218 673 255 tectis
691 218 940 267 equitatus!“
976 217 1118 266 inquit.
1182 217 1298 265 „Sint
1323 218 1387 255 vel
1411 218 1559 268 plures,
1591 218 1684 255 dum

204 289 364 326 &talem
412 289 552 326 ducem
598 289 810 327 liabeant.“
873 289 931 326 Eo
979 290 1109 326 minus
1155 290 1235 326 sibi
1282 289 1514 327 cessandum
1562 292 1685 335 ratus,

250 374 326 411 quo
359 361 421 398 illi
453 361 614 409 segnius
646 374 727 397 rem
760 365 935 410 agerent,
968 361 1221 398 Masinissam
1255 374 1341 398 cum
1370 361 1553 410 equitatu
1583 373 1683 410 prae-

247 433 407 469 missum
439 432 567 481 portis
601 432 835 481 obequitare
880 435 998 482 atque
1030 433 1182 470 hostem
1214 433 1263 469 ad
1318 446 1493 482 pugnam
1540 433 1685 469 elicere

246 504 375 550 iubet;
407 504 477 541 ubi
509 504 636 542 omnis
669 503 885 541 multitudo
918 517 958 541 se
998 503 1201 541 effudisset
1231 504 1472 553 graviorque
1517 504 1596 541 iam
1644 503 1684 540 in

245 577 461 613 certamine
493 579 607 621 esset,
641 589 759 625 quam
790 579 835 612 ut
865 576 982 613 facile
1014 575 1203 613 sustineri
1230 578 1374 625 posset,
1407 575 1564 612 cederet
1589 588 1684 624 pau-

204 648 379 693 91atim3
411 661 451 684 se
484 648 526 684 in
557 651 735 698 tempore
768 660 911 698 pugnae
953 647 1228 685 obventurum.
1291 646 1464 683 Tantum
1496 650 1687 691 moratus,

245 723 438 769 quantum
471 720 567 756 satis
599 719 792 769 temporis
823 732 1044 769 praegresso
1062 719 1189 756 visum
1216 719 1267 756 ad
1293 719 1512 756 eliciendos
1541 719 1686 763 hostes,

246 805 335 828 cum
366 791 548 828 Romano
582 791 765 840 equitatu
796 795 973 837 secutus,
1003 791 1235 840 tegentibus
1265 790 1449 837 tumulis,
1497 791 1567 840 qui
1599 804 1684 840 per—

249 867 473 913 opportune
506 863 611 900 circa
642 863 716 900 viae
748 863 872 901 flexus
905 863 1081 912 oppositi
1113 866 1238 909 erant,
1270 862 1450 900 occultus
1484 862 1688 912 processit.

181 938 229 973 10
247 935 463 972 Masinissa
497 948 543 971 ex
579 935 796 984 composito
828 948 931 971 nunc
962 935 1174 981 terrentis,
1222 948 1326 972 nunc
1358 935 1539 971 timentis
1571 934 1688 971 modo

248 1010 314 1044 aut
360 1008 458 1057 ipsis
504 1006 768 1056 obequitabat
814 1007 941 1056 portis
997 1010 1065 1043 aut
1118 1007 1313 1053 cedendo,
1360 1020 1482 1056 quum
1527 1006 1694 1047 timoris

247 1079 448 1117 simulatio
495 1079 701 1116 audaciam
748 1078 853 1115 hosti
902 1079 1062 1124 faceret,
1108 1079 1157 1115 ad
1203 1078 1491 1128 insequendum
1537 1082 1686 1115 temere

177 1154 221 1189 ll
245 1151 446 1189 eliciebat.
493 1150 680 1188 Nondum
714 1164 847 1188 omnes
881 1151 1033 1199 egressi
1065 1154 1189 1198 erant,
1219 1152 1409 1200 varieque
1434 1150 1515 1188 dux
1544 1151 1684 1199 fatiga·

245 1224 373 1269 batur,
407 1223 505 1260 alios
537 1223 629 1259 vino
664 1226 701 1260 et
733 1236 869 1260 somno
916 1236 1057 1271 graves
1104 1237 1214 1260 arma
1261 1236 1402 1272 capere
1448 1225 1488 1259 et
1529 1223 1684 1259 frenare

247 1308 367 1345 equos
400 1295 590 1344 cogendo,
623 1294 725 1339 aliis,
756 1308 804 1331 ne
837 1295 967 1344 sparsi
999 1297 1038 1332 et
1069 1295 1266 1332 inconditi
1299 1295 1384 1332 sine
1417 1294 1566 1339 ordine,
1599 1293 1685 1331 sine

173 1368 223 1404 12
244 1367 370 1416 signis
402 1366 586 1404 omnibus
617 1366 745 1416 portis
764 1370 1031 1411 excurrerent,
1063 1366 1303 1404 obsistendo.
1349 1366 1489 1403 Primo
1523 1366 1689 1403 incaute

245 1452 284 1476 se
316 1439 547 1476 invehentes
565 1438 780 1476 Masinissa
805 1438 1052 1488 excipiebat;
1085 1452 1177 1476 mox
1206 1439 1341 1489 plures
1367 1438 1487 1475 simul
1520 1438 1689 1474 conferti

246 1515 360 1560 porta
393 1510 506 1547 effusi
539 1513 794 1559 aequaverant
827 1514 1046 1555 certamem
1078 1514 1279 1560 postremo
1307 1510 1385 1547 iam
1416 1510 1545 1546 omnis
1579 1510 1687 1559 equi—

178 1585 225 1619 13
244 1586 349 1619 tatus
367 1582 511 1632 proelio
530 1595 649 1631 quum
669 1583 835 1628 adesset,
867 1582 1056 1620 sustineri
1081 1583 1188 1619 ult-ra
1212 1582 1421 1631 nequiere3
1454 1595 1533 1618 non
1550 1585 1684 1620 tamen

247 1654 367 1691 effusa
398 1655 493 1703 fuga
523 1653 762 1700 Masinissa,
803 1653 871 1690 sed
919 1653 1093 1691 cedendo
1143 1653 1289 1691 sensim
1335 1654 1506 1703 impetus
1553 1666 1686 1690 eorum

248 1726 500 1776 excipiebat,
532 1725 657 1763 donec
690 1725 739 1762 ad
770 1726 945 1763 tumulos
985 1728 1166 1774 tegentes
1197 1725 1420 1763 Romanum
1464 1725 1686 1775 equitatum

179 1800 226 1835 14
246 1798 451 1847 pertraxit.
499 1797 599 1834 Inde
617 1797 744 1835 exorti
778 1798 934 1847 equites
959 1800 998 1834 et
1020 1797 1098 1847 ipsi
1125 1797 1294 1846 integris
1313 1797 1468 1834 viribus
1498 1802 1537 1835 et
1552 1810 1685 1834 recen-

247 1870 354 1907 tibus
387 1870 497 1919 equis
529 1869 721 1907 Hannoni
752 1869 949 1919 Afrisque
985 1868 1202 1918 pugnando
1245 1882 1290 1906 ac
1336 1869 1539 1918 sequendo
1572 1869 1686 1906 fessis

247 1955 286 1978 se
320 1941 632 1986 circumfudere;
667 1945 705 1978 et
735 1941 953 1978 Masinissa
982 1940 1097 1977 flexis
1130 1941 1262 1978 subito
1294 1941 1404 1990 equis
1437 1941 1478 1978 in
1510 1955 1686 1991 pugnam

183 2012 230 2048 l5
252 2013 382 2052 rediit.
430 2012 549 2050 Mille
579 2014 714 2061 ferme,
746 2013 815 2062 qui
846 2013 965 2062 primi
996 2011 1164 2060 agminis
1196 2013 1365 2059 fuerant,
1401 2013 1544 2062 quibus
1574 2012 1682 2050 haud

249 2085 380 2122 facilis
412 2090 596 2134 receptus
627 2085 715 2134 fuit,
749 2098 836 2121 cum
868 2086 954 2134 ipso
987 2084 1085 2121 duce
1103 2084 1300 2122 Hannone
1332 2084 1538 2122 interclusi
1564 2088 1684 2134 atque

185 2156 232 2191 16
254 2156 456 2194 interfecti
489 2159 599 2203 sunt;
633 2160 804 2203 ceteros,
836 2157 948 2194 ducis
979 2156 1182 2206 praecipue
1220 2157 1382 2193 territos
1414 2157 1531 2203 caede,
1565 2155 1685 2194 effuse

251 2228 448 2277 fugientes
481 2241 552 2278 per
581 2227 751 2277 triginta
782 2228 911 2266 millia
943 2241 1130 2278 passuum
1164 2229 1335 2266 victores
1367 2228 1492 2266 secuti
1525 2228 1576 2265 ad
1608 2228 1687 2266 duo

183 2301 232 2335 17
251 2303 445 2349 praeterea
476 2300 604 2337 millia
634 2299 813 2349 equitum
846 2304 913 2337 aut
945 2303 1138 2349 ceperunt
1168 2303 1237 2337 aut
1269 2299 1512 2337 occiderunt.
1571 2300 1685 2338 Inter

250 2385 316 2409 eos
362 2372 457 2409 satis
505 2372 714 2409 constabat
754 2385 832 2408 non
879 2371 1009 2409 minus
1056 2371 1248 2409 ducentos
1288 2371 1685 2421 Carthaginiensium

251 2443 405 2493 equites
437 2443 569 2490 fuisse,
601 2447 641 2480 et
672 2443 828 2480 divitiis
860 2444 1052 2493 quosdam
1085 2446 1124 2480 et
1154 2456 1298 2492 genere
1330 2443 1518 2480 illustres.

113 2511 165 2558 35
369 2515 522 2553 Eodem
554 2515 668 2561 forte,
701 2528 780 2565 quo
811 2515 893 2551 haee
925 2519 1038 2564 gesta
1068 2518 1170 2561 sunt,
1203 2515 1267 2552 die
1297 2528 1430 2565 naves,
1468 2528 1555 2564 quae
1586 2527 1685 2565 prae-

251 2586 339 2623 dam
373 2588 413 2625 in
446 2585 626 2624 Siciliam
658 2589 862 2633 vexerant,
895 2599 982 2624 cum
1008 2589 1228 2623 commeatu
1251 2587 1417 2633 rediere,
1448 2586 1560 2624 velut
1589 2585 1685 2624 omi-

205 2658 350 2695 Qnatae
398 2658 447 2696 ad
493 2658 669 2708 praedam
718 2659 884 2696 alteram
916 2657 1173 2708 repetendam
1218 2671 1303 2695 sese
1344 2658 1512 2695 venisse.
1572 2657 1686 2695 Duos
