1789 2955
236 100 314 137 102
614 95 730 130 Liber
755 93 922 131 XXVII.
971 94 1034 139 (A.
1060 107 1095 129 u.
1121 106 1149 129 c.
1176 96 1273 140 546.)

228 228 410 273 terquam
442 223 549 273 quod
580 225 802 260 recusasset
841 222 1017 261 delatum
1050 221 1298 260 consulatum
1328 225 1665 273 recusaturusque

164 297 209 333 11
231 299 351 342 esset,
385 295 591 345 egregium
622 307 693 344 par
725 295 930 332 consulum
961 294 1059 341 fore,
1089 293 1122 330 si
1152 293 1208 330 Μ.
1240 292 1402 331 Livium
1434 293 1476 331 O.
1496 293 1663 332 Claudio

231 367 424 416 collegam
456 366 744 404 adiunxissent.
791 366 874 404 Nec
891 366 1065 416 populus
1089 365 1330 402 mentionem
1354 365 1438 403 eius
1454 367 1512 404 rei
1536 371 1665 404 ortam

159 439 208 476 12
227 452 250 477 a
280 438 464 489 patribus
496 442 554 476 est
586 441 834 488 aspernatus.
881 437 996 475 Unus
1029 450 1114 474 eam
1144 450 1226 474 rem
1259 436 1301 474 in
1331 437 1495 474 civitate
1524 438 1570 484 is,
1602 438 1665 475 cui

236 510 492 548 deferebatur
518 510 656 556 honos,
688 509 899 556 abnuebat,
926 509 1128 547 levitatem
1146 509 1320 546 civitatis
1345 521 1551 546 accusans:
1583 522 1665 547 sor-

234 581 365 619 didati
389 582 448 619 rei
475 595 554 619 non
578 581 776 619 miseritos
803 580 1013 618 candidam
1039 583 1174 629 togam
1191 581 1316 618 invito
1334 579 1493 625 offerre;
1527 580 1665 619 eodem

168 654 217 690 13
234 653 403 691 honores
420 667 634 704 poenasque
661 653 835 702 congeri.
883 652 925 690 Si
949 653 1079 691 virum
1105 652 1253 689 bonum
1277 651 1478 698 ducerent,
1495 651 1594 701 quid
1611 652 1669 690 ita

232 738 306 775 pro
323 725 427 763 malo
444 738 489 763 ac
499 726 620 763 noxio
632 724 917 763 damnassent?
935 723 978 761 Si
995 724 1156 762 noxium
1170 724 1467 774 comperissent,
1486 723 1584 774 quid.
1601 724 1667 771 ita,

165 797 214 834 14
233 798 335 835 male
354 798 505 836 credito
522 797 656 848 priore
674 797 894 847 consulatu,
913 797 1082 834 alterum
1101 795 1311 833 crederent
1323 795 1341 832 Ῥ
1372 795 1471 833 Haec
1486 795 1667 845 taliaque

232 873 465 918 arguentem
511 873 549 907 et
594 872 825 919 querentem
870 867 1126 916 castigabant
1165 870 1312 917 patres,
1342 870 1382 905 et
1410 867 1466 905 M.
1500 867 1668 905 Furium

233 944 496 979 memorantes
526 944 755 979 revocatum
786 940 834 977 de
880 939 1019 977 exsilio
1064 939 1239 989 patriam
1283 939 1440 988 pulsam
1471 939 1564 976 sede
1595 952 1668 977 sua

232 1013 478 1063 restituisse,
516 1017 561 1050 ut
590 1012 815 1063 parentium
846 1012 1062 1058 saevitiam,
1108 1011 1166 1048 sic
1211 1011 1353 1060 patriae
1400 1011 1590 1060 patiendo
1622 1024 1668 1049 ac

168 1084 218 1121 15
236 1085 399 1123 ferendo
445 1085 672 1123 leniendam
718 1098 812 1131 esse,
859 1083 989 1121 annisi
1035 1096 1170 1120 omnes
1212 1095 1300 1119 cum
1336 1081 1376 1120 Ο.
1409 1082 1577 1120 Claudio
1609 1082 1665 1120 M.

232 1157 396 1195 Livium
428 1158 632 1195 consulem
663 1157 856 1194 fecerunt.

100 1224 155 1273 35
345 1228 446 1267 Post
491 1229 596 1266 diem
641 1228 806 1266 tertium
845 1227 929 1264 eius
967 1227 1047 1264 diei
1076 1229 1294 1277 praetorum
1326 1225 1486 1264 comitia
1516 1225 1666 1264 habita.

232 1300 433 1338 Praetores
476 1301 598 1339 creati
629 1300 674 1338 L.
707 1299 879 1337 Porcius
910 1298 1095 1346 Licinus,
1143 1298 1184 1336 C.
1217 1298 1444 1345 Mamilius,
1475 1297 1517 1335 C.
1548 1301 1587 1335 et
1617 1297 1668 1336 A.

232 1372 405 1410 Hostilii
424 1372 608 1411 Catones,
669 1371 853 1409 Comitiis
871 1371 1058 1420 perfectis
1078 1370 1264 1420 ludisque
1281 1370 1407 1418 factis,
1441 1370 1614 1408 dictator
1631 1374 1671 1408 et

192 1445 214 1479 2
233 1444 423 1493 magister
456 1444 637 1494 equitum
675 1443 916 1492 magistratu
957 1443 1156 1480 abierunt.
1218 1441 1259 1479 C.
1291 1441 1504 1480 Terentius
1536 1441 1668 1480 Varro

234 1517 274 1553 in
305 1516 511 1553 Etruriam
542 1529 616 1566 pro
647 1518 818 1566 praetore
850 1514 1005 1561 missus,
1035 1517 1082 1551 ut
1114 1527 1161 1551 ex
1193 1527 1238 1550 ea
1267 1514 1478 1563 provincia
1509 1514 1552 1552 C.
1583 1514 1667 1552 Ho-

233 1588 370 1625 stilius
387 1587 606 1625 Tarentum
624 1587 675 1625 ad
693 1600 781 1624 eum
799 1586 1019 1623 exercitum
1036 1586 1123 1631 iret,
1143 1598 1259 1635 quem
1285 1585 1330 1622 T.
1348 1585 1559 1632 Quinctius
1577 1599 1666 1625 con-

193 1660 216 1696 3
236 1659 298 1696 sul
314 1659 528 1706 habuerat3
556 1663 595 1697 et
619 1658 665 1698 L.
685 1658 863 1696 Manlius
889 1661 1000 1695 trans
1023 1671 1130 1694 mare
1147 1658 1302 1706 legatus
1328 1658 1406 1695 iret
1429 1658 1667 1708 viseret-que,

235 1744 323 1781 quae
354 1745 416 1769 res
455 1731 514 1769 ibi
545 1734 800 1781 gererentur,
832 1730 961 1776 simul,
994 1729 1100 1780 quod
1133 1728 1330 1778 Olympiae
1378 1729 1579 1767 ludicrum
1625 1744 1671 1767 ea

235 1807 371 1841 aestate
402 1804 580 1841 futurum
607 1806 705 1850 erat,
738 1801 844 1852 quod
860 1802 1033 1839 maximo
1061 1804 1165 1839 coetu
1189 1801 1356 1839 Graeciae
1388 1801 1672 1849 celebraretur,

194 1876 291 1922 4ut,
337 1876 371 1913 si
416 1879 504 1914 tuto
555 1889 626 1926 per
681 1875 833 1912 hostem
870 1876 1015 1923 posset,
1070 1873 1200 1911 adiret
1257 1873 1298 1910 id
1344 1873 1569 1919 concilium,
1614 1877 1671 1935 ut,

235 1948 303 1997 qui
335 1946 463 1985 Siculi
493 1948 601 1985 bello
633 1947 691 1985 ibi
721 1946 886 1996 profugi
933 1948 1001 1983 aut
1041 1944 1252 1983 Tarentini
1282 1945 1388 1983 cives
1419 1945 1588 1994 relegati
1619 1945 1670 1983 ab

233 2019 467 2057 Hannibale
498 2022 642 2066 essent,
674 2018 812 2056 domos
852 2017 1030 2054 redirent
1060 2017 1306 2066 scirentque,
1347 2030 1418 2054 sua
1449 2017 1581 2055 omnia
1611 2017 1672 2064 iis,

237 2105 324 2141 quae
357 2094 448 2129 ante
478 2091 629 2128 bellum
661 2090 904 2136 habuissent,
934 2088 1101 2126 reddere
1132 2089 1327 2139 populum
1357 2089 1592 2127 Romanum.

190 2163 211 2199 5
350 2163 455 2211 Quia
486 2161 845 2213 periculosissimus
887 2174 1013 2198 annus
1055 2161 1265 2198 imminere
1301 2161 1511 2199 videbatur
1541 2173 1670 2210 neque

235 2236 415 2273 consules
459 2235 501 2272 in
532 2247 574 2271 re
605 2233 771 2283 publica
818 2236 942 2279 erant,
988 2233 1027 2269 in
1060 2234 1242 2270 consules
1274 2232 1504 2282 designatos
1535 2245 1671 2270 omnes

240 2308 356 2354 versi,
375 2320 491 2357 quam
509 2306 681 2357 primum
700 2318 766 2342 eos
782 2304 919 2342 sortiri
939 2305 1168 2354 provincias
1192 2308 1232 2342 et
1255 2305 1519 2355 praesciscere,
1551 2317 1670 2353 quam

238 2379 404 2429 quisque
437 2391 571 2416 eorum
603 2376 863 2428 provinciam,
909 2389 1025 2425 quem
1056 2377 1212 2415 hostem
1250 2377 1426 2422 haberet,
1467 2375 1668 2413 volebant.

191 2451 213 2487 6
233 2450 298 2488 De
329 2449 654 2488 reconciliatione
686 2448 806 2485 etiam
837 2447 978 2496 gratiae
1009 2461 1144 2486 eorum
1187 2449 1229 2485 in
1269 2451 1407 2485 senatu
1438 2450 1568 2485 actum
1599 2451 1670 2493 est,

194 2524 214 2558 7
234 2522 435 2572 principio
466 2522 571 2559 facto
603 2535 626 2559 a
657 2520 704 2568 Q.
727 2519 856 2557 Fabio
883 2519 1078 2567 Maxim03
1110 2519 1331 2557 inimicitiae
1357 2522 1488 2556 autem
1513 2518 1670 2556 nobiles

236 2594 340 2631 inter
371 2607 437 2632 eos
469 2597 593 2640 erant,
640 2596 680 2631 et
710 2591 935 2630 acerbiores
981 2605 1046 2629 eas
1076 2591 1404 2641 indignioresque
1435 2590 1553 2628 Livio
1599 2602 1669 2627 sua

236 2666 441 2704 calamitas
472 2665 643 2712 fecerat,
683 2663 789 2714 quod.
821 2667 996 2713 spretum
1043 2676 1083 2700 se
1129 2663 1170 2700 in
1201 2676 1246 2700 ea
1276 2663 1437 2701 fortuna
1468 2661 1666 2700 credebat.
