1768 2943
543 95 646 125 Liber
671 94 764 124 xxi.
813 92 870 134 (A.
899 94 962 125 ch.
989 92 1083 135 218.)
1461 93 1516 134 39

101 226 271 270 nuntiat,
310 226 350 262 in
390 236 559 273 quorum
600 236 712 273 spem
745 228 991 272 pugnarent:
1036 235 1175 271 agrum
1209 235 1298 260 sese
1331 222 1558 261 daturumf)

101 308 191 333 esse
217 297 257 332 in
281 296 408 340 Italia,
437 295 585 339 Africa,
613 294 824 343 Hispania,
854 294 921 329 ubi
946 293 1114 341 quisque
1140 294 1270 337 vellet,
1298 294 1515 330 immunem

99 367 189 416 ipsi,
224 366 290 414 qui
322 366 560 414 accepisset,
601 365 837 413 liberisque;
879 364 945 412 qui
977 363 1192 411 pecuniam
1225 375 1343 411 quam
1378 376 1515 412 agrum

100 437 319 481 maluisset,
358 436 395 472 ei
435 448 478 473 se
510 441 680 484 argento
715 434 1031 477 satisfacturum
1076 434 1142 481 qui
1176 433 1379 470 sociorum
1412 435 1517 470 cives
1532 433 1557 473 6

101 506 458 556 Carthaginienses
482 505 565 542 fieri
589 506 748 550 vellent,
773 509 1017 553 potestatem
1036 503 1252 548 facturum;
1284 504 1351 552 qui
1369 504 1517 540 domos

99 577 231 613 redire
255 577 433 618 mallent,
463 577 649 612 daturum
672 588 716 612 se
740 587 921 624 operam,
951 587 1001 610 ne
1026 574 1137 611 cuius
1162 586 1325 610 suorum
1348 575 1517 622 popula-

99 647 200 683 rium
233 652 428 683 mutatam
460 658 597 683 secum
630 646 832 683 fortunam
866 657 955 682 esse
979 645 1137 681 vellent.
1201 644 1331 681 Servis
1355 643 1555 692 quoque?

100 718 293 754 dominos
316 716 542 765 prosecutis
567 717 791 752 libertatem
814 715 1020 765 proponit,
1050 715 1225 763 binaque
1249 726 1322 763 pro
1341 714 1387 751 iis
1404 727 1518 750 man-

99 787 206 837 cipia
245 787 420 824 dominis
453 799 496 824 se
528 787 792 823 redditurum.
869 785 1011 834 anue
1044 790 1086 821 ut
1117 790 1204 822 rata
1236 786 1384 822 scirent
1416 783 1556 829 fore,8

101 870 251 906 agnum
275 858 373 894 laeva
395 869 531 902 manu,
563 858 705 894 dextra
729 856 879 894 siHcem
903 856 1094 900 retinens,
1125 856 1156 892 si
1185 856 1350 900 falleret,
1379 855 1516 892 Iovem

99 932 340 976 ceterosque
371 933 558 977 precatus
592 929 707 972 deos,
740 928 795 964 ita
827 939 870 963 se
899 932 1136 971 mactarent,
1170 927 1517 974 quemadmodum

98 999 187 1047 ipse
212 1010 362 1047 agnum
387 1003 618 1042 mactasset,
653 999 878 1035 secundum
901 997 1178 1046 precationem
1204 1002 1325 1045 caput
1348 997 1517 1045 pecudis

101 1080 200 1104 saxo
234 1068 349 1104 elisit.
414 1067 519 1104 Tum
552 1080 647 1104 vero
678 1081 834 1113 omnes,
868 1069 976 1105 velut
998 1068 1061 1104 dis
1086 1067 1317 1104 auctoribus
1339 1068 1380 1103 in
1404 1080 1516 1116 spem
1533 1066 1557 1105 9

101 1151 215 1175 suam
248 1138 418 1187 quisque
450 1138 642 1187 acceptis,
675 1139 719 1174 id
750 1151 887 1183 morae,
922 1139 1035 1186 quod
1063 1138 1245 1175 nondum
1274 1142 1516 1187 pugnarent,

100 1209 155 1245 ad
186 1209 385 1258 potienda
417 1213 578 1257 sperata
610 1209 698 1253 rati,
731 1209 914 1257 proelium
946 1221 1029 1245 uno
1062 1208 1199 1245 animo
1233 1213 1273 1244 et
1304 1221 1404 1245 voce
1437 1221 1518 1245 una

98 1284 286 1328 poscunt.

218 1350 340 1399 Apud
357 1351 569 1386 Romanos
593 1350 911 1398 haudquaquam
935 1354 1047 1386 tanta
1072 1349 1257 1387 alacritas
1275 1353 1372 1393 erat,
1401 1346 1521 1396 supe‘r
1582 1343 1646 1388 46

100 1425 235 1456 cetera
266 1421 495 1457 recentibus
527 1420 649 1457 etiam
681 1420 839 1456 territos
872 1421 1092 1469 prodigiis;
1126 1433 1220 1457 nam
1254 1424 1294 1455 et
1320 1420 1435 1467 lupus
1460 1417 1559 1457 in-:2

99 1496 273 1527 traverat
310 1496 442 1528 castra
480 1490 720 1540 laniatisque
759 1491 886 1528 obviis
928 1490 1016 1539 ipse
1047 1490 1221 1527 intactus
1254 1494 1449 1533 evaserat,
1484 1493 1520 1525 et

100 1573 272 1598 examen
291 1574 412 1610 apum
430 1562 471 1598 in
490 1563 634 1598 arbore
651 1561 840 1610 praetorio
858 1561 1095 1597 imminente
1112 1561 1370 1597 consederat.
1421 1559 1518 1605 Qui·
1533 1558 1558 1598 3

100 1632 176 1668 bus
199 1633 436 1680 procuratis,
463 1632 598 1681 Scipio
623 1645 713 1669 cum
737 1631 916 1679 equitatu
933 1631 1300 1679 iaculatoribusque
1318 1629 1517 1678 expeditis

99 1701 306 1751 profectus
331 1703 385 1738 ad
413 1708 544 1739 castra
568 1702 743 1739 hostium
768 1715 816 1738 ex
840 1702 1070 1750 propinquo
1097 1701 1322 1750 copiasque,
1357 1704 1517 1748 quantae

99 1777 140 1808 et
170 1772 281 1809 cuius
309 1772 470 1821 generis
498 1778 647 1817 essent,
682 1773 968 1821 speculandas,
1004 1771 1144 1808 obvius
1170 1772 1212 1808 fit
1235 1771 1454 1808 Hannibali
1479 1776 1519 1807 et

98 1842 175 1891 ipsi
201 1854 290 1879 cum
315 1842 515 1891 equitibus
539 1844 594 1879 ad
617 1843 869 1891 exploranda
894 1842 999 1879 circa
1023 1843 1113 1879 loca
1130 1854 1362 1891 progresso.
1410 1840 1559 1879 Neu—4

98 1912 147 1948 tri
171 1913 320 1949 alteros
345 1913 475 1962 primo
500 1914 743 1957 cernebant;
773 1912 940 1949 densior
963 1912 1117 1949 deinde
1133 1912 1294 1949 incessu
1312 1917 1373 1948 tot
1390 1911 1518 1948 homi·

99 1994 195 2019 num
213 1995 481 2031 equorumque
498 1983 632 2021 oriens
649 1984 776 2032 pulvis
796 1983 953 2032 signum
971 1983 1330 2032 propinquantium
1342 1982 1517 2018 hostium

99 2052 184 2089 fuit.
235 2052 430 2091 Consistit
453 2058 664 2102 utrumque
688 2067 850 2103 agmen,
875 2058 916 2090 et
938 2054 993 2090 ad
1017 2053 1202 2102 proelium
1219 2065 1309 2089 sese
1328 2052 1518 2101 expedie-

99 2123 211 2160 bant.
282 2124 417 2173 Scipio
449 2125 691 2161 iaculatores
724 2130 764 2160 et
796 2124 938 2161 Gallos
971 2124 1126 2172 equites
1158 2124 1199 2160 in
1232 2123 1364 2159 fronte
1397 2121 1560 2167 locat‚5

99 2193 310 2231 Romanos
343 2193 629 2243 sociorumque
662 2196 774 2243 quod
798 2194 956 2231 roboris
980 2194 1065 2239 fuit,
1099 2194 1140 2231 in
1163 2193 1371 2237 subsidiis;
1405 2192 1518 2228 Han-

100 2264 208 2301 nibal
250 2264 428 2302 frenatos
472 2265 627 2313 equites
660 2265 700 2302 in
732 2265 911 2301 medium
944 2265 1103 2314 accipit,
1147 2276 1299 2301 cornua
1331 2262 1517 2299 Numidis

99 2335 241 2371 firmat.
306 2335 483 2373 Vixdum
516 2337 692 2374 clamore
725 2337 898 2380 sublato,
931 2336 1173 2372 iaculatores
1207 2335 1394 2383 fugerunt
1416 2332 1558 2371 interii

99 2405 280 2442 subsidia
312 2407 367 2442 ad
399 2408 622 2444 secundam
655 2407 796 2444 aciem.
860 2406 962 2443 Inde
994 2406 1171 2454 equitum
1206 2409 1409 2441 certamen
1433 2408 1518 2439 erat

100 2475 347 2524 aliquamdiu
374 2488 547 2526 anceps;
582 2477 677 2513 dein
702 2476 795 2525 quia
819 2477 1036 2513 turbabant
1063 2488 1191 2524 equos
1214 2474 1374 2524 pedites
1398 2473 1518 2510 inter-

99 2546 223 2591 mixti,
257 2546 388 2583 multis
421 2547 649 2584 labentibus
682 2560 731 2584 ex
763 2547 876 2596 equis
909 2551 978 2583 aut
1003 2545 1294 2589 desilientibus,
1328 2543 1395 2580 ubi
1422 2555 1517 2580 suos

99 2618 227 2666 premi
255 2618 548 2654 circumventos
576 2617 783 2662 vidissent,
817 2618 897 2654 iam
924 2629 1074 2666 magna
1102 2629 1150 2652 ex
1174 2620 1288 2664 parte
1310 2615 1365 2651 ad
1389 2615 1517 2663 pedes
