1789 2955
501 84 618 120 Liber
641 85 788 120 XXVI.
845 86 907 129 (A.
934 85 999 121 Oh.
1026 86 1118 128 211.)
1476 89 1525 125 21

94 215 214 251 esset.
259 211 435 250 Ventum
462 212 689 262 insequenti
706 212 772 249 die
799 212 849 249 ad
867 213 1108 262 colloquium
1135 216 1213 259 est3
1246 213 1314 250 sed
1337 212 1535 262 loquendo
1554 213 1576 249 9

97 285 214 335 plura
244 283 533 333 scribendoque
564 284 703 321 dedita
734 297 865 333 opera,
897 297 983 333 quae
1008 285 1047 321 in
1075 298 1158 321 rem
1181 298 1261 321 non
1289 288 1431 324 essent⁴
1466 284 1529 321 die

92 359 339 406 consumpto,
379 357 420 394 in
451 358 653 406 posterum
687 355 855 392 dilatum
888 359 956 393 est.
1017 356 1176 393 Addita
1207 356 1419 405 insequens
1451 369 1529 392 nmr
1551 356 1601 393 Γ)

92 429 267 478 spatium
299 427 412 465 dedit
443 430 482 465 et
513 428 612 464 alios
644 427 871 474 emittendi,
918 441 990 464 nec
1029 431 1188 477 postero
1221 427 1285 464 die
1317 441 1379 464 res
1410 427 1526 464 finem

93 500 257 538 invenit.
311 500 377 538 Ita
408 499 566 549 aliquot
597 499 682 536 dies
715 498 974 548 disceptando
1007 500 1138 549 palam
1173 500 1221 537 de
1253 499 1410 548 legibus
1442 512 1531 536 noc·
1554 499 1599 534 11.

89 574 228 621 tesque
260 571 491 608 emittendis
524 571 625 608 clam
657 584 677 607 e
704 570 844 608 castris
863 570 1269 620 Carthaginiensibus
1297 571 1527 619 absumptae.

91 642 145 680 Et
174 645 387 693 postquam
417 656 510 692 pars
542 643 668 680 maior
700 642 843 680 emissa
889 643 1089 679 exercitus
1130 647 1226 691 erat,
1276 643 1355 680 iam
1396 656 1444 679 ne
1478 642 1526 679 iis

90 714 262 764 quidem,
295 727 383 764 quae
413 715 520 751 ultro
553 714 663 751 dicta
694 717 818 761 erant,
850 715 1043 761 stabatur,
1074 716 1282 764 minusque
1314 728 1357 751 ac
1387 714 1527 760 minus,
1550 713 1598 749 12

91 799 179 823 cum
207 786 351 824 timore
382 786 501 823 simul
532 785 610 822 fide
643 786 906 836 decrescente,
948 786 1217 824 conveniebat.
1287 786 1373 823 Iam
1405 786 1528 823 ferme

90 857 296 908 pedestres
329 870 465 894 omnes
497 857 622 907 copiae
654 860 862 895 evaserant
893 871 913 894 e
945 858 1060 905 saltu,
1107 871 1227 907 quum
1267 858 1398 908 prima
1440 858 1527 894 luce

89 928 214 967 densa
251 929 398 967 nebula
428 929 572 966 saltum
604 942 758 966 omnem
791 942 1030 979 camposque
1063 929 1168 966 circa
1198 929 1354 966 intexit.
1409 929 1527 976 Quod

87 1000 158 1038 ubi
189 1001 314 1038 sensit
344 1001 590 1047 Hasdrubal,
623 1001 750 1038 mittit
780 1001 830 1037 ad
862 1001 1083 1047 Neronem,
1138 1002 1206 1049 qui
1251 1002 1291 1038 in
1323 1004 1526 1050 posterum

87 1071 192 1109 diem
224 1072 468 1121 colloquium
486 1072 683 1110 differret:
716 1073 829 1109 illum
847 1073 951 1109 diem
971 1073 1204 1121 religiosum
1223 1072 1524 1121 Carthaginien-

87 1144 196 1182 sibus
240 1144 290 1181 ad
322 1143 521 1192 agendum
554 1144 765 1193 quicquam
796 1144 855 1181 rei
886 1145 999 1181 seriae
1031 1157 1126 1182 esse.
1172 1144 1232 1182 Ne
1262 1148 1346 1182 tum
1365 1145 1527 1194 quidem
1549 1143 1598 1179 13

87 1218 275 1265 suspecta
305 1216 415 1253 fraus
447 1229 567 1265 quum
600 1220 714 1263 esset,
745 1216 838 1254 data
870 1216 985 1253 venia
1015 1216 1101 1252 eius
1129 1216 1223 1263 diei,
1249 1217 1526 1266 extemploque

85 1285 321 1324 Hasdrubal
353 1301 440 1324 cum
472 1289 652 1337 equitatu
693 1288 996 1338 elephantisque
1039 1288 1179 1325 castris
1219 1302 1400 1338 egressus
1440 1289 1525 1325 sine

84 1358 169 1396 ullo
199 1359 375 1396 tumultu
407 1359 448 1396 in
487 1362 618 1396 tutum
652 1360 788 1397 evasit.
849 1360 963 1398 Hora
1002 1360 1125 1397 ferme
1167 1365 1311 1409 quarta
1350 1360 1530 1409 dispulsa
1549 1358 1600 1397 14

84 1430 167 1468 sole
197 1430 345 1469 nebula
376 1432 534 1481 aperuit
565 1431 685 1479 diem,
715 1445 922 1481 vacuaque
953 1431 1131 1470 hostium
1163 1435 1292 1469 castra
1310 1445 1520 1481 conspexe-

83 1505 179 1539 runt
221 1502 407 1542 Romani.
484 1503 587 1540 Tum
635 1503 792 1541 demum
846 1505 1044 1542 Claudius
1099 1504 1293 1540 Punicam
1348 1503 1527 1540 fraudem
1550 1501 1599 1539 15

84 1586 316 1622 agnoscens,
356 1578 402 1612 ut
431 1589 471 1613 se
502 1576 593 1613 dolo
636 1580 794 1626 captum
835 1577 972 1624 sensit,
1012 1575 1327 1625 proficiscentem
1372 1575 1523 1611 institit

84 1645 209 1694 sequi,
240 1649 405 1695 paratus
437 1648 651 1697 confligere
675 1649 781 1694 acie3
813 1648 881 1685 sed
911 1648 1036 1685 hostis
1061 1647 1311 1684 detrectabat
1333 1659 1525 1696 pugnam3
1547 1647 1596 1683 16

83 1716 189 1754 levia
218 1720 351 1755 tamen
390 1720 535 1768 proelia
579 1721 683 1757 inter
732 1722 953 1756 extremum
999 1719 1196 1756 Punicum
1240 1732 1381 1767 agmen
1422 1731 1520 1768 prae-

85 1802 345 1839 cursoresque
376 1790 648 1829 Romanorum
679 1791 840 1829 fiebant.

197 1861 312 1898 Inter
327 1861 412 1899 haec
428 1862 635 1912 Hispaniae
652 1864 792 1913 populi
819 1876 902 1912 nec,
935 1863 1002 1912 qui
1028 1865 1120 1912 post
1146 1862 1300 1899 cladem
1317 1865 1521 1911 acceptam.
1608 1857 1657 1905 18

83 1931 325 1981 defecerant,
363 1934 552 1972 redibant
581 1935 632 1973 ad
663 1935 878 1982 Romanos,
923 1948 994 1972 nec
1025 1935 1099 1971 ulli
1131 1934 1227 1971 novi
1260 1933 1520 1979 deficiebant3

85 2007 124 2042 et
138 2004 277 2042 Romae
306 2007 462 2043 senatui
487 2007 718 2056 populoque
741 2010 832 2057 post
857 2010 1057 2056 receptam
1077 2006 1255 2055 Capuam
1285 2019 1364 2043 non
1389 2005 1520 2042 Italiae
1538 2006 1561 2042 2

83 2076 163 2113 iam
194 2077 323 2115 maior
358 2091 476 2128 quam
507 2079 716 2128 Hispaniae
749 2092 843 2115 cura
889 2081 985 2115 erat.
1045 2078 1099 2114 Et
1129 2078 1350 2115 exercitum
1381 2077 1520 2126 augeri

83 2150 124 2185 et
149 2148 432 2198 imperatorem
455 2150 562 2188 mitti
586 2151 793 2201 placebat3
826 2163 898 2187 nec
921 2152 1012 2197 tam,
1039 2163 1156 2199 quem
1184 2150 1399 2196 mitterent,
1425 2149 1522 2186 satis
1540 2148 1563 2186 3

84 2221 303 2267 constabat,
336 2234 454 2271 quam
484 2221 599 2269 illud,
629 2222 700 2259 ubi
732 2221 810 2259 duo
841 2221 987 2259 summi
1018 2221 1279 2270 imperatores
1304 2221 1408 2258 intra
1434 2221 1519 2258 dies

81 2291 251 2340 triginta
274 2293 526 2341 cecidissent,
553 2294 624 2343 qui
656 2294 697 2331 in
724 2293 853 2330 locum
879 2293 1048 2329 duorum
1074 2293 1314 2340 succederet,
1342 2296 1519 2331 extraor-

83 2362 239 2401 dinaria
270 2377 365 2402 cura
396 2365 653 2413 deligendum
685 2379 780 2405 esse.
841 2366 975 2412 Quum
1006 2364 1077 2401 alii
1110 2365 1234 2402 alium
1259 2364 1563 2411 nominarent,4

81 2438 328 2485 postremum
359 2450 403 2473 eo
435 2437 643 2475 decursum
676 2441 746 2483 est,
777 2440 821 2474 ut
851 2436 1081 2486 proconsuli
1109 2437 1281 2473 creando
1306 2437 1346 2473 in
1371 2436 1519 2485 Hispa-

82 2507 190 2544 niam
209 2508 372 2545 comitia
388 2508 649 2555 haberentur3
681 2509 866 2558 diemque
894 2508 1067 2545 comitiis
1093 2508 1273 2545 consules
1291 2507 1517 2546 edixerunt.

82 2576 222 2616 Primo
253 2582 591 2628 exspectaverant,
622 2583 678 2631 ut,
712 2581 782 2630 qui
813 2593 853 2617 se
883 2583 994 2617 tanto
1023 2580 1190 2629 imperio
1219 2580 1362 2628 dignos
1390 2579 1520 2616 crede·
1539 2578 1563 2616 5

82 2652 184 2697 rent,
214 2651 376 2688 nomina
407 2651 710 2701 profiterentur3
757 2665 844 2701 quae
876 2654 921 2688 ut
951 2651 1144 2688 destituta
1175 2651 1417 2700 exspectatio
1449 2654 1520 2698 est,
