1789 2955
554 90 658 120 Liber
685 90 812 120 xxm.
863 89 916 132 (A.
946 91 1007 121 Ch.
1036 91 1130 133 215.)
1466 95 1541 134 1⁴31

125 221 224 257 taria
255 226 409 269 septem
441 226 480 257 et
510 221 661 269 viginti.
715 222 821 257 Ante
844 222 980 258 omnia
1006 223 1153 258 claram
1179 230 1219 259 et
1243 219 1546 261 memorabilem
1612 221 1659 264 41

125 303 303 340 pugnam
328 291 422 328 fecit
445 291 679 328 Hasdrubal
701 292 922 340 imperator
948 299 1089 341 captus
1113 299 1152 329 et
1170 293 1323 330 Hanno
1348 300 1387 330 et
1404 294 1544 343 Mago,

125 361 281 398 nobiles
306 360 677 410 Carthaginienses,
711 361 837 411 Mago
871 375 919 399 ex
951 369 1073 411 gente
1098 363 1283 409 Barcina,
1318 365 1586 414 propinqua?

125 432 372 480 cognatione
391 431 611 468 Hannibali
628 433 800 478 iunctus,
832 433 984 470 Hanno
1004 439 1145 470 auctor
1162 434 1392 471 rebellionis
1412 435 1548 471 Sardis

124 502 296 550 bellique
320 503 405 539 eius
430 503 539 539 haud
563 504 686 539 dubie
710 504 905 540 concitor.
967 504 1051 540 Nec
1076 505 1296 540 Sardorum
1321 506 1447 542 duces
1473 504 1583 543 nri-3

124 585 198 609 nus
237 573 415 609 nobilem
454 587 543 609 eam
584 587 762 623 pugnam
804 575 986 611 cladibus
1028 575 1108 612 suis
1142 575 1341 619 fecerunt;
1383 589 1475 612 nam
1510 582 1549 612 et

124 642 224 680 filius
249 642 528 692 Hampsicorae
553 644 708 681 Hostus
731 645 772 681 in
798 646 884 681 acie
909 645 1068 690 cecidit,
1098 651 1137 682 et
1160 646 1431 695 Hampsicora
1457 645 1589 684 cum4

124 715 264 763 paucis
295 715 495 763 equitibus
520 714 692 763 fugiens,
725 720 766 751 ut
790 728 909 764 super
933 716 1104 752 afflictas
1129 729 1192 753 res
1218 730 1361 753 necem
1385 729 1548 765 quoque

124 784 190 821 filii
214 785 377 829 audivit,
405 791 540 828 nocte,
566 799 616 822 ne
641 787 751 823 cuius
769 787 1017 823 interventus
1037 792 1171 835 coepta
1189 787 1417 836 impediret,
1443 800 1549 823 mor-

123 861 204 891 tem
223 855 295 892 sibi
315 856 522 893 conscivit.
570 857 724 893 Ceteris
742 858 834 893 urbs
852 856 1010 893 Cornus
1029 859 1189 902 eadem,
1210 871 1299 906 quae
1314 863 1422 903 ante,
1442 858 1548 907 fugae
1564 857 1590 897 ἶ)

123 927 422 975 receptaculum
456 927 545 971 fuit;
580 940 700 975 quam
734 928 908 964 Manlius
942 928 1093 964 victore
1127 929 1302 964 exercitu
1333 942 1548 978 aggressus

122 997 225 1033 intra
249 997 336 1034 dies
359 1010 514 1046 paucos
538 999 703 1047 recepit.
752 998 914 1035 Deinde
939 998 1025 1034 aliae
1050 1011 1213 1047 quoque
1232 1000 1425 1043 civitates,
1451 1012 1540 1048 quae
1556 1001 1580 1039 ὕ

124 1068 178 1103 ad
197 1067 509 1118 Hampsicoram
527 1069 760 1117 Poenosque
786 1069 1037 1113 defecerant,
1066 1070 1277 1106 obsidibus
1302 1070 1409 1107 datis
1434 1071 1550 1106 dedi-

125 1139 272 1175 derunt
289 1151 399 1183 sese;
419 1139 562 1187 quibus
582 1139 787 1188 stipendio
808 1139 1092 1187 frumentoque
1110 1140 1309 1188 imperato
1328 1154 1401 1189 pro
1421 1142 1551 1178 cuius-

124 1221 202 1257 que
235 1216 304 1246 aut
336 1210 481 1246 viribus
514 1215 583 1246 aut
616 1211 779 1254 delicto,
816 1209 980 1246 Carales
1012 1211 1230 1247 exercitum
1252 1212 1423 1248 reduxit.
1490 1211 1587 1251 Ibi?

123 1280 292 1317 navibus
316 1281 448 1329 longis
473 1282 662 1318 deductis
685 1281 973 1330 impositoque,
1009 1293 1128 1329 quem
1154 1294 1290 1318 secum
1318 1283 1549 1327 advexerat,

126 1350 262 1395 milite,
303 1351 475 1387 Romam
514 1352 690 1400 navigat,
732 1352 1042 1400 Sardiniamque
1082 1352 1353 1400 perdomitam
1393 1355 1552 1390 nuntiat

126 1420 326 1469 patribus;
357 1427 397 1457 et
415 1422 660 1471 stipendium
679 1423 959 1471 quaestoribus,
980 1423 1223 1459 frumentum
1241 1424 1437 1468 aedilibus,
1457 1437 1551 1473 cap—

127 1490 229 1528 tivos
263 1491 313 1537 Q.
347 1492 486 1529 Fulvio
519 1494 679 1542 praetori
713 1493 847 1530 tradit.

244 1562 320 1598 Per
348 1563 458 1599 idem
489 1570 646 1613 tempus
671 1564 720 1600 T.
746 1563 941 1601 Otacilius
972 1570 1119 1613 praetor
1148 1565 1199 1600 ab
1225 1564 1406 1613 Lilybaeo
1432 1566 1550 1602 classi
1567 1565 1590 1605 S

127 1632 167 1668 in
183 1632 357 1669 Africam
373 1639 623 1670 transvectus
638 1635 993 1683 depopulatusque
1003 1648 1143 1684 agrum
1155 1634 1547 1683 Carthaginiensem,

129 1716 251 1751 quum
275 1704 503 1740 Sardiniam
529 1705 625 1741 inde
649 1710 817 1753 peteret,
850 1718 931 1753 quo
957 1705 1064 1742 fama
1088 1711 1173 1742 erat
1198 1705 1500 1742 Hasdrubalem
1527 1720 1549 1741 a
1566 1706 1591 1746 9

129 1772 352 1811 Baliaribus
376 1787 504 1823 nuper
533 1775 752 1820 traiecisse,
782 1776 898 1812 classi
928 1776 1106 1812 Africam
1136 1777 1334 1824 repetenti
1366 1778 1549 1821 occurrit,

128 1844 284 1893 levique
317 1846 536 1882 certamine
567 1846 609 1882 in
642 1847 724 1883 alto
748 1848 980 1890 commisso,
1016 1852 1171 1895 septem
1193 1847 1290 1882 inde
1314 1860 1441 1884 naves
1461 1860 1551 1884 cum

129 1915 250 1952 sociis
273 1917 481 1953 navalibus
506 1917 626 1965 cepit.
683 1916 850 1953 Ceteras
874 1922 1003 1953 metus
1029 1917 1139 1953 haud
1165 1930 1281 1954 secus
1306 1930 1427 1965 quam
1453 1924 1552 1954 tem-

129 1992 266 2036 pestas
298 1987 447 2036 passim
482 1987 653 2024 disiecit.

246 2058 322 2095 Per
362 2058 533 2095 eosdem
573 2058 676 2094 forte
717 2059 805 2094 dies
845 2063 884 2094 et
915 2057 1117 2094 Bomilcar
1151 2070 1241 2095 cum
1273 2058 1463 2095 militibus
1498 2060 1552 2095 ad
1570 2059 1624 2099 10

131 2129 454 2177 supplementum
479 2128 726 2177 Carthagine
759 2129 890 2165 missis
924 2129 1233 2177 elephantisque
1264 2134 1301 2165 et
1323 2135 1553 2166 commeatu

130 2198 285 2235 Locros
303 2199 486 2236 accessit.
521 2199 653 2244 Quem
671 2205 713 2235 ut
730 2199 935 2235 incautum
955 2200 1201 2248 opprimeret
1218 2201 1322 2249 App.
1343 2199 1550 2242 Claudius,
1571 2200 1620 2239 11

131 2281 203 2317 per
235 2269 532 2305 simulationem
564 2269 781 2317 provinciae
815 2270 1111 2307 circumeundae
1142 2269 1376 2306 Messanam
1409 2271 1554 2319 raptim

132 2340 309 2375 exercitu
334 2340 472 2384 ducto,
499 2344 610 2375 vento
636 2345 815 2388 aestuque
841 2353 914 2377 suo
940 2340 1095 2377 Locros
1122 2340 1289 2377 traiecit.
1345 2340 1429 2376 Iam
1455 2340 1552 2376 inde
1574 2340 1625 2380 12

132 2407 332 2446 Bomilcar
356 2411 411 2446 ad
429 2409 678 2446 Hannonem
702 2411 741 2447 in
761 2410 937 2448 Bruttios
961 2411 1167 2460 profectus
1195 2416 1292 2455 erat,
1319 2416 1359 2446 et
1375 2410 1554 2446 Locren-

133 2491 197 2516 ses
230 2485 368 2528 portas
392 2480 588 2516 Romanis
613 2481 859 2525 clauserunt;
895 2481 1062 2530 Appius,
1096 2494 1248 2530 magno
1273 2485 1422 2517 conatu
1446 2481 1554 2516 nulla

133 2562 174 2586 re
205 2556 334 2599 gesta,
369 2550 601 2586 Messanam
634 2552 791 2599 repetit.

253 2619 410 2656 Eadem
444 2626 582 2657 aestate
609 2620 822 2658 Marcellus
856 2623 906 2657 ab
931 2621 1049 2665 Nola,
1084 2634 1204 2669 quam
1237 2621 1427 2670 praesidio
1453 2620 1625 2659 obti-13

206 2684 305 2710 Livius
326 2694 361 2710 ex
383 2694 439 2711 ree.
459 2685 613 2719 Madvigii.
654 2686 702 2712 111.
1228 2689 1269 2721 11
