1789 2955
486 65 599 99 Liber
624 64 749 100 XXX„
797 65 858 110 (A.
884 64 949 100 Ch.
975 68 1067 108 ⁵203.)
1417 68 1496 105 239

68 205 130 229 res
160 191 319 237 sineret,
350 191 443 229 fidei
476 205 556 229 suae
588 197 737 230 temere
766 192 968 230 obstrictae
1001 192 1227 230 consuleret
1258 191 1544 241 (promisisse2

76 262 179 300 enim
211 276 252 300 se
282 263 322 300 in
354 264 503 301 nullius
536 267 772 313 potestaten]
806 277 888 300 eam
919 263 1190 311 traditurum),
1232 277 1279 300 ex
1310 264 1500 313 praetorio

71 334 111 372 in
142 334 444 372 tabernaculum
473 349 584 372 suum
615 337 800 373 confusus
828 336 1031 373 concessit.
1078 335 1157 381 Ibi,
1189 335 1354 372 arbitris
1381 348 1505 373 remo·
1526 335 1549 372 3

70 405 136 453 tis,
168 419 287 455 quum
320 406 461 444 crebro
490 407 681 456 suspiritu
706 410 744 444 et
771 407 933 455 gemitu,
967 407 1074 456 quod
1100 407 1218 444 facile
1250 407 1299 444 ab
1332 407 1499 444 circum-

76 478 271 515 stantibus
301 479 605 516 tabernaculum
638 478 823 515 exaudiri
850 483 993 528 posset,
1026 479 1277 528 aliquantum
1307 479 1500 528 temporis

71 550 390 598 consumpsisset,
424 550 582 599 ingenti
614 550 663 587 ad
696 553 939 600 postremum
971 550 1080 588 edito
1112 551 1280 599 gemitu,
1326 551 1449 588 fidum
1483 564 1502 588 e
1522 551 1546 588 4

71 621 195 658 servis
225 624 360 667 vocat,
409 621 481 659 sub
521 623 632 659 cuius
664 622 848 659 custodia
879 623 990 670 regio
1021 636 1129 660 more
1161 622 1210 659 ad
1241 623 1392 659 incerta
1422 623 1501 660 for-

70 694 177 729 tunae
209 705 402 730 venenum
435 697 530 739 erat,
564 698 602 731 et
632 694 802 730 mixtum
832 694 871 730 in
904 694 1047 743 poculo
1087 695 1190 731 ferre
1222 694 1272 731 ad
1305 693 1502 744 Sophoni-

76 763 167 800 bam
193 763 304 801 iubet
327 778 371 802 ae
400 765 513 802 simu]
552 766 746 811 nuntiare,
778 765 1033 802 Masinissam
1065 766 1238 803 libenter
1268 767 1437 816 primam
1469 766 1505 803 ei
1523 764 1546 801 5

72 834 189 872 fidem
222 840 503 885 praestaturum
535 837 668 883 fuisse,
700 850 819 886 quam
849 837 910 875 vir
937 838 1053 875 uxori
1080 838 1284 884 debuerit,
1315 838 1503 887 quoniam

76 907 160 945 eius
177 907 398 955 arbitrium,
429 909 499 958 qui
523 910 689 958 possint,
722 909 911 959 adimant,
939 909 1151 946 secundam
1168 908 1286 946 fidem
1302 912 1505 958 praestare,

72 992 122 1016 ne
165 980 258 1018 viva
302 981 343 1017 iu
389 984 626 1031 potestatem
666 981 937 1018 Romanorum
984 982 1135 1027 veniat;
1184 995 1333 1019 memor
1378 981 1505 1030 patris
1524 982 1546 1017 6

74 1051 327 1102 imperatoris
343 1053 565 1102 patriaeque
589 1056 628 1090 et
653 1052 821 1090 duorum
848 1066 997 1101 regum,
1031 1054 1175 1103 quibus
1201 1058 1327 1102 nupta
1355 1053 1506 1098 fuisset,

75 1123 153 1161 sibi
183 1124 272 1173 ipsa
302 1125 539 1162 consuleret.
584 1125 703 1162 Hunc
726 1125 910 1162 nuntium
935 1138 980 1162 ac
1003 1125 1121 1162 simul
1153 1138 1345 1163 venenum
1377 1126 1506 1162 ferens

77 1195 259 1233 minister
304 1209 424 1245 quum
471 1197 520 1234 ad
561 1195 832 1246 Sophonibam
873 1197 1064 1244 venisset,
1102 1197 1326 1246 ‚,Accipio“
1376 1196 1550 1246 inquit7

78 1267 282 1318 „nuptiale
327 1281 487 1315 munus,
534 1282 603 1305 nec
637 1269 850 1317 ingratum,
896 1269 931 1306 si
976 1269 1078 1306 nihil
1126 1270 1252 1307 maius
1298 1270 1360 1307 vir
1391 1269 1507 1306 uxori

76 1343 267 1389 praestare
297 1341 440 1390 potuit.
502 1340 591 1378 Hoc
622 1344 752 1377 tamen
790 1341 950 1386 nuntia,
996 1341 1135 1378 melius
1180 1355 1242 1378 me
1273 1341 1508 1378 morituram

77 1411 217 1459 fuisse,
263 1412 297 1449 si
344 1426 422 1450 non
468 1413 509 1449 in
555 1412 692 1450 funere
723 1426 810 1450 meo
842 1413 1101 1461 nupsissem.“
1165 1413 1255 1452 Non
1287 1413 1420 1450 locuta
1451 1412 1551 1449 estS

76 1484 247 1522 ferocius
279 1498 398 1534 quam
444 1488 649 1534 acceptum
681 1485 887 1534 poculum,
935 1485 1046 1521 nullo
1078 1485 1362 1535 trepidationis
1394 1484 1508 1533 signo

78 1556 183 1602 dato,
217 1557 418 1607 impavide
448 1556 592 1594 hausit.
641 1556 756 1603 Quod
789 1556 859 1593 ubi
892 1558 1116 1594 nuntiatum
1149 1560 1208 1594 est
1236 1556 1430 1607 Scipioni,
1462 1569 1511 1593 ne
1532 1556 1554 1591 9

82 1627 179 1677 quid
226 1641 331 1677 aeger
376 1629 499 1667 animi
539 1630 651 1666 ferox
690 1628 845 1666 iuvenis
876 1629 1037 1676 gravius
1070 1629 1305 1678 consuleret,
1339 1628 1510 1665 accitum

80 1713 169 1737 eum
185 1701 387 1751 extemplo
405 1714 510 1739 nunc
527 1701 689 1747 solatur,
721 1713 838 1747 nunc,
869 1701 976 1749 quod
993 1701 1261 1738 temeritatem
1287 1700 1512 1738 temeritate
1538 1698 1588 1736 10

82 1771 162 1809 alia
192 1772 312 1810 luerit
341 1773 639 1823 tristioremque
685 1785 789 1819 rem,
835 1785 953 1821 quam
998 1785 1156 1810 necesse
1186 1773 1327 1819 fuerit,
1358 1771 1511 1819 fecerit,

82 1843 227 1881 leniter
258 1845 439 1894 castigat.
499 1845 667 1883 Postero
700 1844 782 1891 die,
829 1847 874 1881 ut
905 1858 927 1881 a
959 1845 1146 1893 praesenti
1177 1847 1286 1881 motu
1317 1845 1516 1881 averteret
1537 1842 1584 1879 11

85 1916 261 1954 animum
277 1917 372 1964 eius,
401 1917 442 1954 in
461 1917 641 1954 tribunal
669 1915 848 1954 escendit
874 1919 913 1953 et
937 1916 1162 1954 contionem
1179 1915 1368 1954 advocari
1385 1915 1512 1953 iussit.

81 1986 148 2025 Ibi
177 1988 444 2035 Masinissam,
475 1989 647 2039 primum
687 2001 821 2037 regem
852 1987 1100 2038 appellatum
1131 1988 1369 2037 eximiisque
1400 2000 1513 2025 orna-

85 2061 170 2096 tum
202 2059 408 2107 laudibus,
446 2074 567 2098 aurea
598 2073 764 2107 corona,
811 2073 933 2098 aurea
964 2063 1124 2109 patera,
1169 2060 1269 2097 sella
1316 2059 1445 2097 curuli
1476 2062 1515 2096 et

85 2131 264 2181 scipione
290 2133 475 2178 eburneo,
506 2136 601 2182 toga
627 2132 735 2182 picta
763 2135 802 2169 et
824 2132 1001 2181 palmata
1031 2132 1168 2169 tunica
1199 2132 1331 2169 donat.
1384 2130 1515 2168 Addit
1533 2130 1583 2167 12

82 2203 216 2241 verbis
256 2204 466 2251 honorem,
511 2218 640 2254 neque
685 2203 1004 2253 magnificentius
1051 2204 1265 2253 quicquam
1309 2203 1515 2252 triumpho

84 2275 193 2325 apud
208 2275 422 2324 Romanos,
452 2289 580 2326 neque
608 2275 956 2326 triumphantibus
987 2276 1223 2325 ampliorem
1255 2288 1300 2313 eo
1332 2277 1517 2312 ornatum

85 2359 192 2394 esse,
236 2361 315 2397 quo
359 2361 482 2386 unum
527 2349 704 2386 omnium
750 2350 1006 2385 externorum
1050 2347 1217 2396 dignum
1262 2346 1517 2384 Masinissam

85 2419 259 2469 populus
290 2419 494 2457 Romanus
524 2420 655 2458 ducat.
709 2420 879 2457 Laelium
909 2419 1055 2456 deinde
1087 2422 1125 2456 et
1155 2419 1286 2468 ipsum
1317 2417 1520 2455 collauda·
1543 2417 1594 2455 13

86 2493 170 2528 tum
201 2504 320 2529 aurea
351 2505 497 2530 corona
528 2493 669 2539 donat;
702 2496 740 2529 et
771 2492 843 2530 alii
872 2491 1071 2529 militares
1095 2490 1184 2536 viri,
1215 2493 1336 2538 prout
1367 2502 1389 2526 a
1422 2501 1518 2538 quo-

88 2575 165 2612 que
194 2567 340 2601 navata
365 2577 486 2614 opera
510 2567 607 2611 erat,
637 2564 785 2602 donati.
846 2563 922 2601 His
954 2561 1174 2600 honoribus
1202 2561 1381 2599 mollitus
1414 2560 1522 2610 regis
1543 2561 1594 2598 14
