1789 2955
252 133 336 174 228
682 133 784 164 Liber
809 133 916 165 xxv.
961 132 1016 175 (A.
1036 144 1065 164 u.
1086 144 1114 165 c.
1134 133 1230 176 542.)

250 277 325 301 nas
357 264 565 300 consulem
598 263 890 304 habuissemus,
924 264 1064 300 melior
1096 270 1136 300 et
1166 265 1222 301 rei
1254 265 1423 313 publicae
1456 272 1496 302 et
1527 272 1665 304 nostra

211 325 236 365 6
253 334 414 371 fortuna
440 339 559 371 esset.
614 333 721 377 Sine,
747 345 897 381 quaeso,
923 334 1152 382 priusquam
1179 336 1231 371 de
1257 335 1503 373 condicione
1527 342 1667 373 nostra

252 417 410 452 queror,
444 417 606 447 noxam,
641 403 751 440 cuius
776 405 988 453 arguimur,
1023 416 1100 440 nos
1124 417 1308 453 purgare.
1372 406 1412 442 Si
1436 418 1521 443 non
1544 407 1666 443 deum

251 475 309 510 ira
341 487 417 511 nec
451 475 548 518 fato,
590 475 700 511 cuius
734 473 1071 523 lege'immobilis
1103 487 1233 510 rerum
1266 476 1529 512 humanarum
1563 478 1666 513 ordo

227 586 229 588 ,
253 545 406 589 seritur,
434 546 508 581 sed
531 546 649 593 culpa
673 545 861 594 periimus
887 546 940 581 ad
959 544 1137 588 Cannas,
1164 545 1275 581 cuius
1299 546 1465 581 tandem
1484 558 1533 582 ea
1551 547 1668 595 culpa

213 605 235 644 7
254 613 351 651 fuit?
383 615 549 650 militum
579 627 631 652 an
662 613 975 664 imperatorum?
1009 615 1210 663 Equidem
1234 615 1346 651 miles
1369 615 1465 651 nihil
1491 628 1667 664 unquam

253 685 386 721 dicam
426 685 478 720 de
510 685 754 733 imperatore
786 697 892 729 meo,
934 685 995 722 cui
1028 685 1247 733 praesertim
1278 686 1427 733 gratias
1461 687 1584 723 sciam
1618 688 1667 723 ab

253 760 396 791 senatu
429 760 553 799 actas,
588 757 702 803 quod
731 768 815 792 non
840 755 1114 804 desperaverit
1139 756 1191 791 de
1217 768 1258 792 re
1283 756 1455 805 publica,
1490 758 1552 794 cui
1576 764 1670 806 post

254 824 389 873 fugam
430 838 455 861 a
487 825 640 862 Cannis
679 838 750 874 per
791 838 932 862 omnes
973 837 1104 861 annos
1144 832 1406 874 prorogatum
1444 827 1667 875 imperium.

213 886 424 932 8Ceter0s
456 896 551 932 item
584 909 632 932 ex
664 897 839 944 reliquiis
872 896 999 932 cladis
1032 896 1130 939 eius,
1167 907 1269 943 quos
1298 897 1479 933 tribunos
1503 898 1669 934 militum

254 966 478 1010 habuimus,
520 967 698 1003 honores
740 972 878 1015 petere
911 971 950 1001 et
981 977 1121 1014 gerere
1154 974 1194 1001 et
1225 966 1453 1014 provincias
1487 968 1670 1004 obtinere

213 1026 238 1066 9
254 1037 493 1073 audivimus.
541 1038 605 1072 An
629 1037 742 1073 vobis
762 1037 980 1084 vestrisque
999 1036 1131 1072 liberis
1148 1036 1358 1084 ignoscitis
1377 1036 1507 1081 facile,
1535 1044 1670 1086 patres

255 1108 486 1155 conscripti,
511 1107 552 1143 in
578 1107 662 1144 haec
688 1107 779 1142 vilia
803 1107 935 1155 capita
960 1107 1097 1143 saevire
1116 1104 1234 1142 libet?
1259 1112 1299 1143 et
1316 1107 1472 1143 consuli
1489 1108 1671 1156 primori-

255 1177 410 1225 busque
437 1178 522 1214 aliis
548 1177 716 1214 civitatis
743 1177 893 1225 fugere,
920 1189 1041 1224 quum
1067 1189 1160 1224 spes
1184 1177 1393 1213 aliavnulla
1411 1183 1530 1222 esset,
1556 1183 1670 1226 turpe

188 1236 242 1277 10
255 1260 340 1284 non
381 1247 464 1292 fuit,
510 1249 652 1284 milites
693 1249 827 1296 utique
867 1247 1083 1283 morituros
1122 1247 1163 1283 in
1202 1247 1331 1283 aciem
1372 1246 1560 1284 misistis?
1608 1249 1672 1284 Ad

256 1318 384 1354 Aliam
408 1330 537 1366 prope
563 1319 693 1354 onmis
719 1318 914 1354 exercitus
940 1317 1059 1365 sugit余
1094 1318 1149 1353 ad
1173 1318 1363 1354 Furculas
1388 1316 1595 1355 Caudinas
1620 1331 1672 1354 ne

255 1394 441 1437 expertus
466 1389 630 1436 quidem
656 1394 859 1425 certamen
885 1399 995 1423 arma
1013 1388 1178 1423 tradidit
1197 1388 1314 1432 hosti,
1342 1393 1384 1424 ut
1400 1388 1497 1424 alias
1515 1389 1672 1437 puden-

187 1448 237 1488 11
256 1460 331 1495 das
355 1459 493 1495 clades
518 1459 762 1495 exercituum
786 1464 961 1502 taceam余
996 1462 1132 1493 tamen
1156 1463 1311 1494 tantum
1335 1457 1434 1494 afuit
1457 1459 1508 1494 ab
1533 1470 1597 1503 eo,
1633 1465 1674 1494 ut

256 1529 334 1565 ulla
365 1529 589 1577 ignominia
621 1529 668 1565 iis
701 1528 939 1565 exercitibus
973 1533 1226 1575 quaereretur,
1272 1534 1314 1564 ut
1346 1533 1386 1564 et
1417 1529 1510 1565 urbs
1543 1530 1674 1565 Roma

255 1614 326 1650 per
359 1613 450 1637 eum
480 1600 710 1643 exercitum,
745 1600 811 1648 qui
838 1601 889 1636 ab
920 1600 1008 1636 Alia
1038 1599 1164 1634 Veios
1191 1598 1475 1646 transfugerat,
1508 1610 1675 1647 recupe-

189 1661 241 1701 12
255 1677 419 1716 raretur,
439 1677 479 1707 et
492 1670 688 1707 Caudinae
706 1670 902 1718 legiones,
922 1682 1010 1718 quae
1029 1670 1115 1706 sine
1134 1669 1253 1705 armis
1270 1668 1475 1705 redierant
1487 1670 1673 1713 Romam,

257 1747 420 1779 armatae
445 1741 621 1778 remissae
644 1741 685 1777 in
703 1741 910 1777 Samnium
935 1741 1111 1776 eundem
1139 1739 1245 1775 illum
1273 1739 1430 1775 hostem
1449 1740 1674 1788 subiugum

190 1802 241 1842 13
256 1813 449 1856 miserint,
485 1812 551 1860 qui
580 1812 656 1848 hac
683 1824 755 1848 sua
778 1810 1004 1860 ignominia
1029 1811 1183 1846 laetatus
1209 1809 1350 1845 fuerat.
1415 1808 1675 1847 Cannensem

257 1894 351 1918 vero
378 1883 589 1930 quisquam
615 1882 832 1918 exercitum
861 1881 964 1929 fugae
991 1886 1060 1916 aut
1083 1868 1244 1928 pavoris
1268 1879 1499 1915 insimulare
1526 1885 1674 1927 potest,

257 1953 323 1988 ubi
347 1952 436 2000 plus
454 1952 747 2000 quinquaginta
763 1951 885 1987 millia
903 1951 1111 1987 hominum
1130 1950 1376 1993 ceciderunt,
1407 1950 1516 1985 unde
1534 1950 1675 1986 consul

258 2034 348 2059 cum
388 2022 588 2069 equitibus
622 2022 878 2069 septuaginta
911 2021 1025 2068 fugit,
1065 2020 1175 2056 unde
1207 2031 1330 2055 nemo
1365 2025 1558 2068 superest,
1600 2020 1677 2056 nisi

191 2089 244 2130 14
258 2104 377 2140 quem
396 2092 522 2128 hostis
541 2092 742 2128 caedendo
763 2091 891 2128 fessus
903 2088 1088 2138 reliquit?
1123 2090 1256 2135 Quum
1269 2090 1435 2138 captivis
1448 2091 1676 2139 redemptio

258 2163 496 2211 negabatur,
530 2174 606 2198 nos
639 2162 758 2210 vulgo
794 2162 977 2198 homines
1011 2161 1246 2204 laudabant,
1282 2161 1394 2208 quod
1426 2161 1676 2208 reipublicae

258 2245 335 2270 nos
367 2244 697 2276 reservassemus,
732 2233 845 2279 quod
874 2233 928 2267 ad
952 2232 1160 2268 consulem
1186 2230 1407 2266 Venusiam
1433 2231 1676 2267 redissemus

193 2300 245 2341 15
259 2309 299 2340 et
331 2303 507 2352 speciem
540 2303 630 2338 iusti
664 2303 860 2338 exercitus
889 2302 1144 2345 fecissemus余
1178 2313 1286 2338 nunc
1311 2301 1511 2337 deteriore
1536 2301 1677 2337 condi-

260 2375 379 2411 cione
397 2385 546 2417 sumus,
566 2385 686 2420 quam
698 2373 808 2420 apud
822 2378 956 2420 patres
971 2378 1133 2408 nostros
1148 2371 1307 2407 fuerunt
1321 2371 1479 2419 captivi.
1515 2370 1677 2419 Quippe

260 2444 333 2480 illis
366 2456 477 2480 arma
502 2448 657 2479 tantum
680 2448 801 2490 atque
827 2443 930 2478 ordo
957 2441 1154 2477 militandi
1179 2442 1386 2489 locusque,
1421 2441 1461 2477 in
1486 2452 1566 2489 quo
1592 2447 1677 2477 ten-

261 2516 405 2551 derent
437 2514 478 2550 in
510 2513 662 2557 castris,
697 2519 758 2549 est
790 2518 977 2556 mutatus,
1012 2524 1101 2560 quae
1134 2517 1270 2547 tamen
1303 2512 1426 2548 semel
1451 2517 1597 2547 navata
1621 2511 1677 2546 rei

195 2583 246 2622 16
262 2584 433 2633 publicae
458 2596 583 2632 opera
607 2588 647 2619 et
669 2593 752 2619 uno
779 2582 881 2619 felici
899 2582 1041 2630 proelio
1059 2587 1366 2630 recuperarunt余
1392 2592 1513 2617 nemo
1538 2592 1677 2617 eorum

262 2655 462 2703 relegatus
502 2655 541 2690 in
581 2653 762 2690 exsilium
801 2658 874 2697 est,
921 2653 1070 2689 nemini
1110 2664 1202 2700 spes
1235 2652 1442 2688 emerendi
1476 2651 1678 2700 stipendia
