1789 2955
581 132 686 163 Liber
706 132 814 163 xxv.
863 130 916 173 (A.
945 132 1009 162 Ch.
1036 130 1131 174 212.)
1479 133 1562 174 259

144 268 286 312 quarta
324 263 457 312 vigilia
496 263 645 299 sactum
686 268 805 307 esset,
846 263 1134 311 expositosque
1172 263 1317 299 milites
1351 268 1481 311 porta,
1522 268 1564 299 ut

145 338 402 379 convenerat,
435 334 655 382 recepisset
678 333 881 382 Moericus,
916 333 1003 370 luce
1036 334 1165 381 prima
1187 332 1401 370 Marcellus
1434 333 1563 369 omni-

143 405 217 441 bus
260 404 387 453 copiis
431 403 580 440 moenia
613 402 855 441 Achradinae
897 402 1131 453 aggreditur
1171 403 1240 448 ita,
1283 408 1326 440 ut
1367 416 1452 441 non
1491 402 1603 443 e0s9

144 475 286 519 solum,
321 475 387 523 qui
409 475 684 511 Achradinam
718 476 926 519 tenebant,
960 474 1000 510 in
1034 487 1077 511 se
1111 479 1378 519 converteret,
1413 476 1487 511 sed
1511 476 1561 511 ab

144 545 255 582 Naso
280 545 401 582 etiam
425 546 588 594 agmina
612 550 856 581 armatorum
884 550 1184 590 concurrerent,
1209 545 1356 582 relictis
1381 545 1563 582 stationi-

142 616 217 652 bus
241 616 335 660 suis,
360 617 415 652 ad
440 616 518 652 vim
541 621 581 652 et
604 616 796 664 impetum
822 616 1101 651 Romanorum
1125 616 1361 652 arcendum.
1409 615 1455 651 In
1482 615 1559 651 hoc
1578 614 1631 655 10

144 687 311 722 tumultu
344 686 532 723 actuariae
565 699 703 731 naves,
736 687 938 723 instructae
971 687 1050 722 iam
1081 691 1176 722 ante
1205 684 1561 734 circumvectaeque

143 757 197 793 ad
215 755 381 801 Nasum,
407 762 584 793 armatos
603 762 824 805 exponunt,
844 757 910 805 qui
927 756 1146 805 improviso
1165 757 1299 792 adorti
1317 756 1562 805 semiplenas

143 827 339 863 stationes
364 832 404 864 et
428 828 646 876 adapertas
665 827 772 864 fores
790 832 929 876 portae,
955 839 1035 875 qua
1053 827 1175 875 paulo
1193 832 1288 863 ante
1307 833 1563 864 excurrerant

143 897 296 942 armati,
322 898 432 934 haud
454 910 606 946 magno
630 898 849 934 certamine
867 897 1019 934 Nasum
1044 909 1189 946 cepere
1214 898 1417 933 desertam
1443 898 1562 946 trepi-

143 967 311 1004 datione
344 973 384 1004 et
416 968 511 1017 fuga
544 969 772 1005 custodum.
850 967 993 1017 Neque
1027 969 1068 1003 in
1101 968 1188 1003 ullis
1221 968 1351 1005 minus
1384 968 1627 1017 praesidiill

142 1043 211 1074 aut
241 1039 473 1087 pertinaciae
506 1040 561 1075 ad
592 1040 841 1076 manendum
874 1051 995 1087 quam
1026 1039 1068 1075 in
1101 1038 1319 1086 transfugis
1348 1039 1432 1083 fuit,
1467 1040 1562 1087 quia

141 1121 194 1144 ne
234 1109 314 1145 suis
352 1109 517 1158 quidem
555 1110 651 1146 satis
684 1111 897 1146 credentes
931 1122 953 1146 e
985 1110 1123 1146 medio
1157 1109 1377 1146 certamine
1410 1108 1561 1157 effuge-

142 1184 244 1215 runt.
307 1179 522 1217 Marcellus
555 1186 597 1216 ut
628 1186 789 1229 captam
822 1193 911 1217 esse
944 1180 1098 1216 Nasum
1130 1180 1316 1226 comperit
1347 1185 1386 1215 et
1409 1179 1630 1220 Achra-12

142 1249 251 1286 dinae
281 1251 491 1298 regionem
524 1263 646 1287 unam
669 1252 809 1295 teneri,
843 1251 1136 1299 Moericumque
1158 1263 1241 1287 cum
1265 1250 1455 1298 praesidio
1479 1251 1559 1287 suis

141 1320 390 1365 adiunctum,
430 1323 608 1370 receptui
647 1322 805 1366 cecinit,
845 1334 891 1357 ne
929 1322 1049 1370 regiae
1089 1334 1204 1369 opes,
1245 1333 1413 1369 quarum
1452 1321 1560 1357 fama

141 1392 270 1428 maior
302 1404 423 1440 quam
454 1404 518 1429 res
551 1398 648 1437 erat,
682 1391 962 1441 diriperentur.

259 1463 485 1511 Suppresso
531 1463 684 1512 impetu
722 1464 902 1508 militum,
951 1469 993 1500 ut
1030 1464 1092 1507 iis,
1141 1464 1208 1511 qui
1245 1464 1287 1500 in
1327 1464 1561 1500 Achradina
1623 1461 1667 1505 31

141 1538 267 1578 erant,
292 1533 508 1582 transfugis
533 1534 707 1582 spatium
731 1534 925 1582 locusque
950 1534 1055 1583 fugae
1080 1535 1199 1571 datus
1218 1539 1291 1579 est,
1317 1534 1559 1582 Syracusani
1574 1535 1600 1574 ,2

140 1605 308 1641 tandem
340 1605 451 1640 liberi
485 1610 607 1649 metu,
648 1605 775 1653 portis
807 1605 1050 1642 Achradinae
1083 1605 1245 1653 apertis,
1288 1610 1471 1641 oratores
1505 1606 1558 1641 ad

140 1675 375 1712 Marcellum
407 1674 580 1719 mittunt,
615 1675 709 1710 nihil
742 1680 928 1724 petentes
958 1676 1068 1711 aliud
1092 1687 1213 1723 quam
1239 1675 1557 1711 incolumitatem

139 1746 213 1783 sibi
238 1746 452 1794 liberisque
477 1746 572 1782 suis.
620 1745 848 1790 Marcellus,
874 1746 1044 1783 consilio
1069 1746 1273 1782 advocato
1300 1752 1340 1782 et
1364 1746 1556 1782 adhibitis
1570 1747 1594 1785 Σ),

139 1816 260 1853 etiam
292 1816 567 1865 Syracusanis,
609 1817 675 1864 qui
714 1829 785 1865 per
819 1818 1042 1853 seditiones
1074 1817 1177 1865 pulsi
1209 1817 1260 1852 ab
1294 1817 1421 1852 domo
1453 1816 1557 1852 intra

137 1887 325 1936 praesidia
357 1888 545 1923 Romana
578 1887 748 1932 fuerant,
792 1888 1017 1936 respondit,
1056 1900 1142 1924 non
1174 1888 1288 1936 plura
1320 1899 1391 1935 per
1423 1887 1597 1927 annos4

138 1958 431 2006 quinquaginta
455 1957 671 1995 benefacta
688 1957 878 1995 Hieronis
904 1970 1024 2006 quam
1048 1958 1187 2006 paucis
1210 1958 1270 1994 his
1295 1958 1411 1994 annis
1434 1958 1557 1994 male-

139 2028 228 2065 ficia
252 2040 406 2073 eorum,
432 2029 499 2076 qui
516 2029 735 2077 Syracusas
759 2030 973 2074 tenuerint,
1000 2041 1097 2077 erga
1114 2029 1307 2078 populum
1325 2030 1557 2066 Romanum

137 2111 248 2143 esse;
275 2100 349 2136 sed
367 2100 558 2148 pleraque
577 2113 730 2145 eorum,
755 2112 836 2148 quo
855 2100 1083 2144 debuerint,
1108 2100 1318 2144 recidisse,
1337 2100 1556 2137 foederum-

137 2180 215 2217 que
254 2174 460 2217 ruptorum
502 2171 614 2219 ipsos
647 2172 698 2207 ab
731 2183 775 2207 se
805 2171 1011 2219 graviores
1044 2171 1185 2215 multo,
1228 2183 1348 2219 quam
1381 2172 1555 2220 populus

137 2239 346 2276 Romanus
364 2241 545 2286 voluerit,
563 2253 707 2290 poenas
726 2242 923 2290 exegisse.
972 2242 1023 2277 Se
1042 2242 1206 2289 quidem
1225 2242 1385 2278 tertium
1402 2254 1553 2277 annum
1568 2241 1594 2281 5

136 2311 431 2348 circumsedere
449 2312 681 2360 Syracusas,
706 2324 792 2348 non
810 2317 852 2348 ut
869 2312 1043 2361 populus
1061 2313 1271 2349 Romanus
1290 2325 1445 2350 servam
1464 2324 1555 2348 eam

134 2381 335 2418 civitatem
352 2381 533 2426 haberet,
552 2383 627 2418 sed
641 2395 692 2419 ne
706 2383 1003 2431 transfugarum
1018 2383 1415 2431 alienigenarumque
1429 2383 1554 2418 duces

134 2456 296 2500 captam
328 2457 368 2488 et
400 2463 638 2501 oppressam
672 2459 870 2490 tenerent.
935 2454 1046 2499 Quid
1077 2454 1283 2502 potuerint
1311 2452 1593 2501 Syracusaniss

134 2521 281 2568 facere,
315 2523 501 2572 exemplo
535 2524 594 2559 vel
628 2536 700 2560 eos
724 2536 814 2561 esse
837 2525 1196 2573 Syracusanorum,
1230 2524 1298 2572 qui
1330 2524 1433 2560 intra
1455 2535 1554 2571 prae-

134 2593 238 2629 sidia
269 2593 457 2630 Romana
490 2593 648 2638 fuerint,
692 2595 753 2631 vel
786 2594 1014 2643 Hispanum
1048 2596 1194 2631 ducem
1227 2594 1452 2638 Moericum,
1486 2594 1553 2641 qui

133 2663 364 2711 praesidium
397 2665 619 2709 tradiderit,
662 2665 722 2701 vel
755 2666 933 2714 ipsorum
967 2666 1312 2713 Syracusanorum
1345 2669 1552 2713 postremo

1203 2730 1269 2765 17*
