1789 2955
260 66 313 105 56
657 63 773 98 hiber
797 61 944 98 XXVI.
993 64 1057 108 (A.
1082 75 1117 99 u.
1144 75 1175 98 c.
1199 64 1294 108 544.)

261 191 368 242 quod
399 191 523 230 amoti
553 194 674 229 tantae
707 190 919 245 dignitatis
949 205 1027 229 non
1057 195 1139 229 tam
1166 191 1348 230 advocati
1373 206 1492 243 quam
1517 192 1695 231 modera-

259 267 365 302 tores
389 263 613 301 studiorum
637 264 808 310 fuerant,
835 262 878 302 C.
896 263 1062 310 Laelius,
1079 263 1221 302 relicto
1239 264 1420 315 consilio,
1446 264 1496 302 ad
1512 265 1695 304 tribunal

189 337 235 374 11
256 336 307 374 ad
325 335 554 386 Scipionem
571 335 729 373 accedit
745 348 913 385 eumque
931 335 1058 383 docet,
1082 349 1165 373 rem
1182 336 1267 374 sine
1291 337 1409 375 modo
1434 350 1478 374 ac
1502 337 1698 375 modestia

261 408 327 458 agi
351 422 396 447 ac
419 421 545 458 prope
568 422 664 454 esse,
688 411 733 445 ut
749 421 886 445 manus
903 407 1008 444 inter
1024 421 1065 445 se
1081 408 1304 455 conferant3
1330 413 1517 456 ceterum,
1541 410 1697 447 etiamsi

259 481 320 519 vis
345 481 460 527 absit,
485 480 612 518 nihilo
637 480 766 517 minus
791 479 1018 518 detestabili
1042 480 1225 530 exemplo
1252 494 1335 517 rem
1358 481 1435 530 agi,
1461 481 1611 531 quippe
1626 481 1698 519 ubi

193 553 241 590 12
259 552 398 590 fraude
421 566 466 590 ac
481 552 660 602 periurio
679 552 800 589 decus
816 556 978 602 petatur
994 552 1169 590 virtutis.
1215 551 1330 591 Stare
1346 553 1440 590 hinc
1456 553 1697 602 legionarios

261 625 422 671 milites,
447 625 539 662 hinc
564 625 763 671 classicos,
787 638 857 674 per
875 638 1010 662 omnes
1028 625 1122 663 deos
1139 628 1300 674 paratos
1317 625 1448 662 iurare
1463 626 1593 674 magis
1610 639 1698 675 quae

261 697 397 744 velint,
426 710 544 746 quam
562 710 650 747 quae
668 697 797 734 sciant
812 711 906 735 vera
924 710 1018 743 esse,
1036 700 1075 734 et
1091 697 1347 747 obstringere
1364 698 1545 747 periurio
1562 712 1640 735 non
1657 712 1698 736 se

261 769 390 807 solum
414 783 607 819 suumque
633 773 763 819 caput,
787 769 857 806 sed
873 770 987 818 signa
1004 770 1198 806 militaria
1215 773 1254 806 et
1271 770 1425 820 aquilas
1442 771 1698 808 sacramenti·

192 842 242 878 13
260 854 336 891 que
360 842 608 891 religionem.
656 842 755 879 Haec
779 855 820 878 se
844 841 894 878 ad
921 855 1008 878 eum
1034 841 1082 879 de
1106 842 1305 879 sententia
1322 842 1367 879 P.
1387 842 1563 880 Cornelii
1588 847 1628 880 et
1644 843 1699 880 M.

263 912 491 964 Sempronii
509 915 673 952 deferre.
715 913 863 963 Scipio,
875 914 1100 951 collaudato
1110 913 1249 960 Laelio,
1268 914 1319 952 ad
1337 915 1562 952 contionem
1580 915 1698 954 advo-

262 986 379 1033 cavit,
397 987 765 1037 pronuntiavitque,
783 1000 822 1023 se
839 986 935 1023 satis
953 989 1198 1036 compertum
1216 987 1374 1033 habere,
1393 986 1440 1034 Q.
1460 987 1698 1025 Tiberilium

264 1062 304 1095 et
330 1058 421 1096 Sex.
449 1059 652 1108 Digitium
678 1059 830 1108 pariter
857 1059 896 1095 in
925 1072 1080 1095 murum
1107 1059 1341 1107 escendisse,
1373 1073 1492 1110 seque
1524 1073 1590 1097 eos
1621 1073 1700 1096 am·

192 1133 243 1169 14
262 1131 335 1169 bos
365 1131 527 1169 virtutis
559 1145 677 1169 causa
707 1131 865 1168 coronis
898 1132 1117 1169 muralibus
1149 1131 1309 1170 donare.
1370 1132 1472 1169 Tum
1510 1132 1701 1181 reliquos,

262 1206 384 1254 prout
414 1203 606 1253 cuiusque
637 1203 823 1240 meritum
853 1203 1060 1253 virtusque
1092 1208 1189 1250 erat,
1222 1204 1404 1251 donavit3
1443 1208 1533 1241 ante
1565 1217 1701 1241 omnes

265 1275 307 1313 C.
331 1275 514 1322 Laelium,
544 1276 776 1325 praefectum
807 1275 956 1322 classis,
993 1279 1032 1312 et
1063 1276 1168 1313 omni
1200 1290 1343 1325 genere
1375 1276 1508 1314 laudis
1540 1276 1701 1314 sibimet

264 1348 344 1398 ipsi
376 1348 551 1398 aequavit
583 1352 622 1385 et
652 1362 800 1385 corona
831 1362 953 1386 aurea
985 1362 1030 1385 ac
1060 1348 1231 1397 triginta
1261 1348 1392 1386 bubus
1424 1349 1598 1388 donavit.

114 1417 173 1466 49
377 1419 478 1457 Tum
511 1420 670 1457 obsides
701 1421 924 1457 civitatium
955 1420 1166 1470 Hispaniae
1198 1421 1333 1458 vocari
1364 1421 1502 1468 iussit;
1532 1434 1701 1471 quorum

266 1496 439 1542 quantus
468 1506 655 1530 numerus
682 1493 816 1539 fuerit,
840 1493 952 1543 piget
976 1493 1162 1540 scribere,
1180 1494 1327 1542 quippe
1354 1507 1475 1542 quum
1501 1493 1600 1530 alibi
1623 1496 1703 1530 tre-

267 1569 402 1602 centos
440 1565 576 1610 ferme,
622 1565 722 1602 alibi
758 1565 838 1602 tria
868 1566 997 1603 millia
1029 1566 1304 1615 septingentos
1334 1566 1481 1615 viginti
1512 1569 1703 1615 quattuor

221 1637 386 1675 2fuisse
432 1637 643 1675 inveniam.
715 1637 847 1687 AEque
894 1642 933 1674 et
973 1638 1053 1675 alia
1093 1638 1198 1674 inter
1238 1641 1420 1676 auctores
1461 1637 1701 1687 discrepant.

266 1710 508 1747 Praesidium
539 1709 738 1747 Punicum
777 1710 878 1747 alius
917 1710 1064 1757 decem,
1111 1710 1214 1747 alius
1251 1713 1412 1759 septem,
1458 1710 1558 1748 alius
1596 1710 1704 1748 haud

266 1783 355 1833 plus
395 1796 512 1832 quam
554 1782 675 1819 duum
707 1782 882 1819 millium
914 1783 1035 1820 fuisse
1067 1782 1218 1820 scribit.
1280 1782 1408 1832 Capta
1439 1782 1537 1820 alibi
1568 1782 1704 1820 decem

223 1857 245 1893 3
265 1855 397 1892 millia
422 1855 609 1904 capitum,
641 1854 743 1892 alibi
767 1868 887 1904 supra
913 1855 1090 1904 quinque
1115 1858 1154 1892 et
1176 1854 1323 1903 viginti
1348 1855 1541 1893 invenias.
1589 1853 1702 1892 Scor-

266 1928 404 1978 piones
446 1928 614 1965 maiores
655 1928 908 1976 minoresque
949 1926 998 1964 ad
1040 1927 1248 1976 sexaginta
1288 1930 1424 1976 captos
1464 1927 1705 1977 scripserim,

269 2000 302 2037 si
333 2004 534 2037 auctorem
560 1999 746 2037 Graeeum
777 2013 924 2048 sequar
955 1998 1157 2045 Silenum3
1190 1999 1225 2037 si
1257 1999 1466 2037 Valerium
1483 1999 1706 2045 Antiatem,

270 2073 464 2109 maiorum
496 2072 747 2121 scorpionum
779 2085 848 2109 sex
880 2072 1018 2117 millia,
1058 2073 1254 2109 minorum
1286 2072 1421 2109 decem
1450 2072 1529 2109 tria
1560 2072 1704 2117 millia;

223 2145 246 2181 4
266 2145 365 2183 adeo
396 2145 526 2181 nullus
551 2144 772 2181 mentiendi
799 2144 938 2181 modus
965 2147 1032 2181 est.
1078 2144 1137 2182 Ne
1163 2145 1211 2182 de
1237 2143 1403 2181 ducibus
1428 2143 1589 2194 quidem
1615 2157 1703 2181 con-

269 2217 389 2255 venit.
437 2216 630 2265 Plerique
647 2216 818 2252 Laelium
844 2217 1055 2266 praefuisse
1083 2217 1210 2263 classi,
1242 2220 1345 2264 sunt,
1377 2216 1445 2266 qui
1468 2216 1522 2253 M.
1540 2215 1705 2253 Iunium

224 2290 246 2327 5
266 2287 447 2326 Silanum
479 2288 637 2334 dicant;
669 2287 826 2325 Arinen
859 2288 1067 2337 praefuisse
1099 2288 1254 2326 Punico
1285 2288 1474 2338 praesidio
1507 2287 1704 2325 deditum-

272 2374 348 2411 que
379 2360 572 2398 Romanis
604 2359 752 2396 Antias
785 2359 987 2407 Valerius,
1032 2360 1247 2410 Magonem
1279 2360 1350 2397 alii
1380 2360 1596 2410 scriptores
1626 2363 1705 2396 tra-

226 2433 378 2470 ssdunt.
438 2432 528 2470 Non
561 2431 610 2469 de
649 2444 815 2468 numero
857 2433 1017 2469 navium
1061 2437 1277 2482 captarum,
1323 2446 1401 2469 non
1442 2432 1490 2469 de
1526 2432 1705 2481 pondere

273 2506 360 2542 auri
399 2508 519 2554 atque
561 2504 718 2553 argenti
756 2507 795 2541 et
832 2504 995 2541 redacta
1035 2505 1203 2554 pecunia
1241 2504 1443 2549 convenit3
1488 2504 1522 2540 si
1560 2503 1705 2552 aliquis

228 2579 249 2616 7
269 2577 456 2615 assentiri
486 2590 646 2614 necesse
678 2579 749 2622 est,
797 2576 928 2613 media
967 2576 1175 2614 simillima
1205 2576 1309 2614 veris
1341 2579 1443 2613 sunt.
1506 2574 1705 2620 Ceterum,

273 2650 423 2687 vocatis
463 2649 680 2695 obsidibus,
722 2648 896 2698 primum
934 2649 1140 2687 universos
1171 2649 1321 2686 bonum
1352 2648 1524 2685 animum
1556 2646 1706 2684 habere
