1789 2955
274 104 324 140 55
663 98 778 132 Liber
798 97 966 132 XXVII.
1017 99 1076 142 (A.
1104 110 1137 132 u.
1164 109 1193 132 ο.
1219 99 1312 143 544.)

271 228 406 276 patres
424 225 580 262 litteras
598 225 648 262 ad
666 225 721 263 M.
742 224 954 262 Claudium
971 225 1184 262 mittendas
1202 230 1450 276 censuerunt,
1469 230 1514 264 ut
1535 227 1702 264 desertae

272 298 320 335 ab
353 297 507 346 collega
538 297 595 333 rei
627 296 799 345 publicae
831 297 1063 335 subveniret
1095 297 1336 346 diceretque,
1381 312 1497 348 quem
1531 298 1702 348 populus

199 371 247 407 19
266 369 456 414 iussisset,
488 368 737 405 dictatorem.
797 369 861 406 Ita
907 383 929 406 a
959 369 1014 406 Μ.
1047 368 1215 405 Claudio
1262 370 1422 406 consule
1455 369 1502 416 Q.
1534 369 1703 406 Fulvius

278 441 450 478 dictator
482 440 629 485 dictus,
677 444 715 477 et
754 453 802 476 ex
843 440 979 477 eodem
1012 439 1224 489 plebiscito
1271 441 1319 477 ab
1366 441 1413 488 Q
1446 440 1591 478 Fulvio
1623 441 1704 477 dic-

272 515 400 550 tatore
417 512 463 549 P.
480 512 663 549 Licinius
692 512 858 549 Crassus
882 511 1064 561 pontifex
1091 511 1286 548 maximus
1313 512 1502 560 magister
1527 513 1706 562 equitum

161 582 188 629 6
276 584 417 621 dietus.
479 584 667 621 Dictator
697 587 907 633 postquam
953 583 1121 619 Romam
1155 583 1286 632 venit,
1335 584 1377 620 O.
1425 582 1705 633 Sempronium

274 656 449 693 Blaesum
481 656 675 705 legatum,
708 668 825 704 quem
869 655 918 692 ad
950 654 1127 704 Capuam
1168 654 1387 704 habuerat,
1421 655 1460 691 in
1500 655 1707 692 Etruriam

277 727 522 777 provinciam
553 727 603 764 ad
629 727 842 764 exercitum
867 727 976 764 misit
999 727 1038 763 in
1064 726 1192 763 locum
1219 725 1260 763 C.
1281 726 1490 776 Calpurnii
1514 727 1709 776 praetoris,

280 813 408 848 quem,
439 802 483 835 ut
516 798 661 848 Capuae
693 799 972 847 exercituique
1012 811 1081 834 suo
1124 802 1325 846 praeesset,
1363 799 1508 836 litteris
1548 799 1708 836 excivit.

237 872 259 907 2
278 871 371 920 Ipse
398 870 571 916 comitia,
591 871 633 907 in
660 884 776 920 quem
801 870 908 907 diem
935 869 1109 919 primum
1126 869 1270 918 potuit,
1288 871 1431 916 edixit3
1457 883 1556 920 quae,
1581 874 1707 907 certa-

278 943 381 979 mine
400 942 502 979 inter
518 942 703 979 tribunos
722 942 1037 990 dictatoremque
1054 940 1212 987 iniecto,
1232 941 1369 990 perfici
1386 955 1464 978 non
1482 945 1710 992 potuerunt.

235 1016 258 1050 ὃ
280 1013 443 1051 Galeria
461 1014 676 1063 iuniorum,
710 1027 797 1063 quae
830 1016 934 1050 sorte
965 1013 1235 1062 praerogativa
1263 1018 1358 1060 erat,
1391 1013 1436 1060 Q
1456 1014 1645 1052 Fulvium
1672 1018 1712 1052 et

279 1086 324 1132 Q.
359 1086 530 1123 Fabium
563 1086 743 1123 consules
775 1085 945 1131 dixerat,
978 1084 1194 1133 eodemque
1225 1085 1310 1122 iure
1341 1088 1491 1122 vocatae
1524 1086 1711 1123 inclinas-

238 1158 262 1193 4
282 1162 380 1204 sent,
414 1159 454 1195 ni
486 1171 526 1195 se
550 1158 705 1195 tribuni
722 1157 849 1207 plebis
875 1156 918 1196 C.
944 1161 980 1194 et
1007 1156 1052 1194 L.
1072 1155 1240 1193 Arrenii
1270 1157 1613 1206 interposuissent,
1644 1157 1713 1206 qui

280 1243 407 1279 neque
447 1231 726 1279 magistratum
769 1229 996 1267 continuari
1034 1228 1131 1265 satis
1179 1228 1295 1266 civile
1343 1241 1426 1265 esse
1473 1229 1633 1265 aiebant
1671 1233 1712 1267 et

280 1302 402 1338 multo
430 1302 606 1339 foedioris
624 1301 813 1350 exempli,
837 1314 923 1338 eum
952 1301 1079 1349 ipsum
1098 1301 1237 1346 creari,
1267 1301 1335 1349 qui
1355 1301 1516 1337 comitia
1533 1301 1713 1347 haberet3

243 1372 265 1409 ὃ
285 1373 431 1422 itaque,
463 1373 496 1410 si
528 1387 639 1410 suum
672 1387 813 1410 nomen
846 1373 1016 1410 dictator
1048 1371 1265 1421 acciperet,
1305 1386 1345 1409 se
1386 1373 1559 1410 comitiis
1591 1373 1713 1410 inter-

283 1458 460 1482 cessuros
476 1459 482 1491 ;
501 1445 534 1482 si
551 1446 720 1483 aliorum
739 1448 1004 1495 praeterquam
1023 1444 1146 1493 ipsius
1166 1444 1268 1481 ratio
1295 1443 1520 1492 haberetur,
1543 1444 1714 1482 comitiis

242 1517 264 1553 6
284 1530 323 1553 se
356 1530 505 1554 moram
538 1531 615 1554 non
648 1518 790 1555 facere.
847 1516 1037 1553 Dictator
1070 1528 1227 1553 causam
1263 1516 1512 1553 comitiorum
1545 1516 1715 1553 auctori-

247 1589 368 1626 7tate
401 1592 579 1635 senatus,
633 1589 866 1638 plebiscito,
913 1588 1106 1637 exemplis
1158 1587 1382 1625 tutabatur:
1431 1601 1600 1637 namque
1647 1587 1716 1625 Cn.

283 1659 455 1699 Servilio
487 1661 660 1707 consule,
691 1673 812 1710 quum
845 1660 887 1697 C.
919 1659 1144 1697 Flaminius
1184 1659 1286 1696 alter
1318 1660 1457 1696 consul
1488 1660 1539 1697 ad
1570 1660 1716 1698 Trasu-

282 1746 466 1769 mennum
500 1732 728 1778 cecidisset,
763 1745 811 1769 ex
843 1733 1082 1769 auctoritate
1115 1734 1272 1780 patrum
1313 1731 1363 1768 ad
1403 1732 1561 1780 plebem
1592 1732 1717 1769 latum

284 1805 520 1854 plebemque
551 1805 736 1851 scivisse,
767 1807 824 1853 ut,
861 1803 992 1853 quoad
1026 1804 1176 1840 bellum
1208 1803 1249 1839 in
1280 1803 1402 1840 Italia
1435 1807 1546 1850 esset,
1578 1818 1624 1841 ex
1655 1804 1718 1850 iis,

284 1877 353 1926 qui
372 1878 555 1915 consules
579 1877 758 1923 fuissent,
775 1889 872 1925 quos
899 1880 937 1913 et
961 1876 1114 1925 quoties
1141 1876 1275 1924 vellet,
1303 1875 1509 1913 reficiendi
1537 1876 1718 1914 consules

243 1947 435 1998 Spopulo
476 1949 536 1986 ius
576 1953 694 1995 esset3
726 1948 987 1997 exemplaque
1028 1947 1069 1983 in
1111 1961 1196 1984 eam
1227 1961 1309 1984 rem
1341 1961 1380 1985 se
1412 1947 1572 1993 habere,
1603 1950 1718 1985 vetus

283 2020 328 2056 L.
374 2020 574 2057 Postumii
619 2020 808 2069 Megelli,
852 2019 921 2069 qui
964 2019 1142 2055 interrex
1176 2019 1225 2056 iis
1258 2020 1450 2065 comitiis,
1497 2031 1585 2068 quae
1632 2019 1717 2068 ipse

286 2092 502 2138 habuisset,
535 2093 672 2129 consul
702 2105 788 2129 cum
821 2091 863 2129 C.
890 2091 1009 2128 Iunio
1040 2090 1223 2128 Bubulco
1252 2096 1406 2129 creatus
1438 2094 1551 2138 esset,
1581 2104 1718 2128 recens

287 2162 334 2209 Q.
353 2163 483 2210 Fabii,
512 2164 580 2213 qui
608 2163 683 2200 sibi
710 2163 936 2200 continuari
967 2163 1227 2209 consulatum,
1258 2164 1335 2201 nisi
1363 2164 1403 2200 id
1428 2164 1531 2201 bono
1555 2163 1718 2213 publico

239 2234 409 2285 9fieret,
440 2235 619 2284 profecto
652 2248 853 2284 nunquam
892 2235 1018 2272 sisset.
1079 2235 1155 2272 His
1195 2236 1445 2273 orationibus
1486 2249 1604 2285 quum
1652 2235 1720 2272 diu

288 2310 481 2344 certatum
530 2309 651 2353 esset,
682 2310 880 2356 postremo
925 2307 982 2343 ita
1023 2307 1126 2344 inter
1168 2307 1402 2344 dictatorem
1448 2320 1491 2343 ac
1537 2308 1719 2344 tribunos

216 2379 266 2415 10
284 2379 481 2425 convenit,
518 2382 563 2415 ut
594 2391 652 2424 eo,
685 2377 790 2427 quod
822 2378 1041 2415 censuisset
1082 2383 1252 2425 senatus,
1286 2382 1467 2416 staretur.
1529 2378 1720 2415 Patribus

288 2450 326 2486 id
358 2455 513 2499 tempus
545 2450 603 2487 rei
634 2450 807 2500 publicae
838 2449 966 2486 visum
999 2454 1069 2497 est,
1101 2455 1143 2487 ut
1172 2464 1245 2500 per
1276 2454 1432 2488 veteres
1463 2453 1503 2487 et
1533 2455 1720 2500 expertos

286 2522 463 2571 bellique
501 2523 650 2571 peritos
696 2522 956 2571 imperatores
995 2535 1057 2558 res
1101 2522 1265 2571 publica
1310 2525 1536 2571 gereretur;
1583 2522 1722 2572 itaque

223 2595 269 2630 11
291 2608 438 2631 moram
470 2594 556 2631 fieri
587 2593 758 2631 comitiis
803 2606 881 2630 non
927 2593 1100 2641 placere.
1171 2593 1493 2631 concedentibus
1538 2594 1721 2639 tribunis

289 2666 448 2703 comitia
479 2665 632 2711 habita3
667 2665 859 2702 declarati
903 2665 1084 2702 consules
1115 2665 1163 2712 Q.
1195 2666 1344 2703 Fabius
1375 2665 1575 2702 Maximus
1607 2665 1721 2715 quin-
