1789 2955
271 125 354 167 ]80
618 123 722 154 Liber
747 122 872 153 XXIV.
914 120 968 165 (A.
997 132 1027 153 u.
1054 132 1082 153 c.
1110 121 1324 163 539—540.)

268 268 363 304 pere
387 268 455 291 oro
481 255 732 302 suadeoque,
761 254 911 290 eodem
936 253 1087 297 animo,
1116 265 1197 301 quo
1222 253 1253 290 si
1279 253 1476 290 stantibus
1503 253 1617 290 vobis
1641 254 1682 290 in

268 326 354 363 acie
387 325 548 362 armatis
579 329 747 373 repente
772 323 979 372 deligendi
1005 324 1088 360 duo
1111 322 1376 372 imperatores
1401 330 1549 368 essent,
1583 336 1682 372 quo-

204 395 255 434 19
269 409 355 433 rum
380 397 504 433 ductu
529 400 650 442 atque
674 393 856 442 auspicio
881 394 1137 437 dimicaretis,
1164 394 1288 430 hodie
1313 406 1476 442 quoque
1495 395 1683 431 consules

269 466 425 510 creetis,
467 466 610 514 quibus
649 470 905 501 sacramento
938 464 1050 500 liberi
1082 464 1201 500 vestri
1234 464 1385 508 dicant,
1427 465 1481 500 ad
1513 477 1683 513 quorum

269 536 445 573 edictum
479 535 735 579 conveniant,
770 535 843 571 sub
876 546 1045 582 quorum
1078 534 1202 570 tutela
1234 539 1355 582 atque
1385 546 1479 571 cura
1501 534 1682 571 militent.

201 605 257 646 20
269 607 400 644 Lacus
419 607 722 643 Trasumennus
747 610 787 642 et
805 605 958 642 Cannae
983 604 1108 641 tristia
1133 605 1188 639 ad
1205 605 1533 641 recordationem
1551 617 1684 641 exem-

269 678 348 726 pla,
374 678 464 716 ‚sed
503 678 557 713 ad
595 676 884 726 praecavendas
925 674 1072 711 similes
1112 675 1240 710 clades
1278 675 1393 711 utiles
1434 675 1683 712 documento

270 753 373 785 sunt.
451 748 604 792 Praeco,
648 747 867 783 Aniensem
906 745 1104 781 iuniorum
1144 745 1185 781 in
1224 745 1455 794 suffragium
1494 757 1679 783 revoca.»

178 816 206 859 9
389 819 523 865 Quum
548 818 597 855 T.
624 817 818 855 Otacilius
843 815 1030 853 ferociter
1054 828 1145 851 eum
1169 815 1407 852 continuare
1432 816 1683 853 consulatum

270 890 370 925 velle
402 888 687 926 vociferaretur
720 894 840 936 atque
874 887 1139 935 obstreperet,
1173 886 1332 922 lictores
1365 887 1419 922 ad
1452 899 1544 922 eum
1571 898 1686 922 acce-

230 959 255 997 2
271 961 367 996 dere
396 960 537 996 consul
564 959 677 996 iussit
703 964 754 1003 et,
789 958 882 1006 quia
909 958 950 994 in
974 958 1114 993 urbem
1138 968 1224 993 non
1248 956 1403 1001 inierat,
1439 957 1622 1006 protinus
1645 956 1685 993 in

270 1043 455 1079 campum
490 1043 539 1066 ex
570 1030 710 1066 itinere
743 1028 962 1078 profectus,
996 1027 1222 1071 admonuit,
1255 1039 1346 1063 cum
1379 1027 1584 1064 securibus
1613 1027 1686 1064 sibi

229 1098 401 1138 ssfasees
434 1101 622 1150 praeferri.
685 1099 850 1136 Interim
881 1098 1147 1148 praerogativa
1172 1097 1403 1146 suffragium
1427 1098 1511 1142 init,
1546 1098 1686 1134 creati-

270 1185 348 1220 que
380 1171 420 1208 in
454 1184 502 1208 ea
536 1171 724 1207 consules
757 1170 808 1216 Q.
843 1169 990 1205 Fabius
1022 1167 1221 1205 Maximus
1254 1174 1451 1216 quartum,
1491 1168 1547 1205 M.
1580 1168 1684 1205 Mar-

271 1243 393 1279 cellus
417 1242 590 1278 tertium.
648 1241 829 1277 Eosdem
856 1239 1044 1276 consules
1069 1244 1212 1275 ceterae
1237 1239 1426 1276 centuriae
1451 1238 1537 1275 sine
1561 1238 1687 1275 varia-

230 1310 382 1350 4tione
406 1313 485 1348 ulla
510 1313 716 1355 dixerunt3
751 1317 791 1348 et
814 1316 962 1360 praetor
985 1321 1088 1345 unus
1114 1309 1287 1346 refectus
1313 1309 1363 1355 Q.
1390 1309 1548 1346 Fulvius
1573 1309 1685 1346 Flac-

272 1395 354 1427 cus,
388 1383 482 1419 novi
507 1383 571 1419 alii
597 1383 733 1427 creati,
767 1382 816 1418 T.
843 1380 1037 1417 Otacilius
1062 1379 1231 1416 Crassus
1253 1380 1409 1424 iterum,
1445 1379 1494 1426 Q.
1524 1380 1686 1423 Fabius,

272 1453 448 1490 consulis
474 1453 588 1499 filius,
623 1453 689 1502 qui
718 1458 800 1489 tum
826 1451 952 1489 aedilis
978 1451 1121 1487 curulis
1147 1455 1243 1494 erat,
1277 1450 1320 1486 P.
1348 1449 1559 1487 Cornelius
1583 1450 1688 1486 Len-

230 1522 256 1562 5
271 1524 387 1561 tulus.
433 1523 616 1560 Comitiis
634 1529 849 1573 praetorum
867 1521 1069 1571 perfectis,
1096 1526 1260 1557 senatus
1278 1521 1504 1557 consultum
1524 1520 1685 1564 factum,

271 1600 313 1631 ut
338 1594 388 1640 Q.
415 1594 553 1630 Fulvio
578 1600 688 1630 extra
713 1594 900 1630 ordinem
925 1592 1080 1628 urbana
1103 1591 1309 1640 provincia
1333 1596 1452 1635 esset,
1477 1591 1591 1639 isque
1614 1604 1687 1640 po-

271 1665 478 1709 tissimum,
498 1665 732 1701 consulibus
751 1664 970 1701 ad-bellum
987 1662 1193 1712 profectis,
1212 1661 1298 1698 urbi
1317 1667 1521 1710 praeesset.
1564 1662 1688 1710 Aquae

229 1734 429 1784 ssmagnae
478 1735 539 1771 bis
578 1747 629 1771 eo
669 1747 778 1771 anno
820 1734 991 1778 fuerunt,
1040 1733 1281 1781 Tiberisque
1320 1744 1440 1780 agros
1478 1732 1689 1769 inundavit

272 1818 362 1842 eum
385 1817 535 1854 magna
553 1811 686 1854 strage
703 1810 902 1842 tectorum
919 1815 1196 1853 pecorumque
1214 1808 1254 1839 et
1270 1802 1478 1839 hominurn
1497 1802 1686 1851 pernicie.

231 1874 253 1914 7
390 1875 543 1922 Quinto
582 1888 692 1912 anno
726 1875 895 1913 secundi
928 1874 1067 1911 Punici
1101 1873 1191 1910 belli
1226 1873 1276 1919 Q.
1310 1872 1457 1909 Fabius
1490 1872 1688 1909 Maximus

60 1943 94 2003 2]
113 1950 181 2003 {jhc
199 1943 259 2004 ἓξὲξ
272 1950 469 1994 quartum,
503 1945 559 1982 M.
586 1945 779 1982 Claudius
804 1945 1018 1982 Marcellus
1042 1944 1201 1981 tertium
1225 1943 1478 1980 consulatum
1502 1943 1688 1979 ineuntes

271 2017 359 2066 plus
393 2016 512 2053 solito
546 2020 829 2052 converterant
860 2015 900 2051 in
934 2027 977 2051 se
1010 2014 1178 2050 civitatis
1211 2013 1387 2057 animos;
1421 2013 1553 2050 multis
1582 2013 1687 2049 enim

231 2086 388 2126 Sannis
421 2087 500 2122 tale
535 2087 745 2133 consulum
779 2097 851 2134 par
878 2097 963 2121 non
989 2084 1130 2121 fuerat.
1194 2084 1442 2120 Referebant
1466 2095 1598 2127 senes,
1633 2084 1688 2120 sic

272 2157 490 2194 Maximum
530 2157 687 2193 Rullum
727 2169 816 2193 cum
855 2155 898 2192 P.
932 2155 1063 2191 Decio
1106 2155 1159 2191 ad
1200 2155 1347 2191 bellum
1381 2153 1592 2199 Gallicum,
1633 2154 1688 2191 sic

272 2233 417 2276 postea
440 2227 641 2276 Papirium
668 2226 962 2274 Carviliumque
990 2226 1182 2262 adversus
1208 2226 1407 2262 Samnites
1432 2224 1688 2273 Bruttiosque

273 2303 313 2334 et
342 2298 553 2335 Lucanum
596 2309 685 2333 curn
718 2296 944 2333 Tarentino
984 2297 1178 2345 populum
1218 2296 1405 2332 consules
1445 2294 1686 2331 declaratos.

232 2355 433 2408 §Absens
457 2368 672 2405 Marcellus
705 2367 846 2404 consul
879 2372 1049 2411 creatus,
1083 2379 1205 2415 quum
1239 2367 1292 2402 ad
1319 2365 1534 2402 exercitum
1559 2371 1686 2403 esset:

273 2439 461 2488 praesenti
486 2438 614 2475 Fabio
648 2443 768 2486 atque
802 2437 876 2486 ipsi
909 2436 1073 2474 comitia
1105 2436 1270 2473 habenti
1303 2435 1536 2473 consulatus
1561 2436 1688 2471 conti-

206 2508 259 2548 10
273 2513 432 2545 nuatus.
510 2508 691 2557 Tempus
730 2520 778 2544 ac
815 2507 1038 2544 necessitas
1070 2507 1162 2544 belli
1195 2518 1243 2543 ac
1275 2505 1491 2543 discrimen
1524 2517 1688 2542 summae

274 2591 404 2615 rerum
452 2578 668 2623 faciebant,
727 2591 779 2614 ne
827 2578 913 2626 quis
961 2582 1030 2614 aut
1076 2578 1302 2626 exemplum
1350 2575 1574 2624 exquireret
1621 2582 1690 2612 aut

209 2648 253 2687 ll
276 2654 507 2697 suspectum
540 2648 770 2697 cupiditatis
795 2648 949 2697 imperii
975 2649 1183 2685 consulem
1207 2648 1393 2690 haberet;
1426 2646 1521 2694 quin
1549 2646 1689 2697 lauda-
