1789 2955
273 99 355 135 234
685 94 799 129 Liber
824 94 948 129 XXX.
997 96 1058 138 (A.
1084 106 1119 131 u.
1145 106 1174 130 c.
1201 96 1295 139 551.)

274 222 428 260 decimo
454 222 576 260 ferme
604 222 668 259 die
690 222 731 259 in
749 222 982 260 Numidiam
1006 223 1294 272 pervenissent,
1325 221 1509 267 Maesulii,
1541 234 1706 270 regnum

274 298 483 344 paternum
509 293 743 339 Masinissae,
777 294 857 331 laeti
891 299 936 332 ut
966 294 1016 331 ad
1048 307 1179 343 regem
1213 295 1282 331 diu
1315 293 1584 331 desideratum
1615 306 1706 330 con-

229 367 251 403 2
276 379 437 403 cessere.
500 363 674 414 Syphax,
691 366 817 415 pulsis
835 366 927 403 inde
944 366 1141 415 praefectis
1157 365 1436 415 praesidiisque
1453 366 1545 412 suis,
1575 369 1708 403 vetere

233 440 253 474 3
274 450 314 474 se
332 437 563 474 continebat
593 451 728 486 regno,
759 438 994 487 neutiquam
1019 438 1239 487 quieturus.
1287 436 1534 474 Stimulabat
1558 449 1707 485 aegrum

275 522 409 546 amore
440 521 539 545 uxor
570 522 780 558 socerque,
828 513 867 546 et
914 510 970 546 ita
1017 510 1114 546 viris
1147 510 1337 559 equisque
1370 508 1621 555 abundabat,
1665 511 1710 545 ut

275 580 463 618 subiectae
497 580 621 617 oculis
652 582 766 630 regni
800 595 869 630 per
900 582 1047 619 multos
1078 581 1258 619 florentis
1289 594 1412 618 annos
1453 581 1557 617 vires
1588 580 1710 617 etiam

276 653 406 689 minus
437 652 610 690 barbaro
641 656 761 702 atque
794 653 1004 703 impotenti
1038 654 1168 691 animo
1192 653 1357 702 spiritus
1381 656 1544 702 possent
1569 653 1712 689 facere.

239 729 260 760 ›¹‹
280 724 414 774 Igitur
444 724 640 771 omnibus,
673 725 742 775 qui
772 725 878 762 bello
911 726 997 775 apti
1030 729 1155 771 erant,
1186 726 1225 762 in
1253 737 1374 761 unum
1400 724 1548 762 coactis
1579 737 1711 773 equos,

275 809 404 842 arma,
434 797 515 834 tela
547 795 712 843 dividit;
760 798 914 847 equites
961 798 1002 834 in
1033 801 1207 846 turmas,
1250 796 1404 846 pedites
1448 797 1488 833 in
1520 795 1714 842 cohortes,

282 870 384 906 sicut
401 868 601 918 quondam
627 868 675 905 ab
700 868 894 907 Romanis
920 869 1223 907 centurionibus
1255 868 1461 914 didicerat,
1495 867 1715 905 distribuit.

235 940 257 977 5
276 940 470 978 Exercitu
499 940 606 977 haud
639 941 804 987 minore,
852 955 970 990 quam
1002 954 1119 991 quem
1151 941 1264 991 prius
1296 940 1502 986 habuerat,
1538 943 1713 977 ceterum

233 1013 256 1049 6
277 1014 385 1050 omni
416 1026 540 1062 prope
571 1026 674 1050 novo
707 1017 828 1063 atque
861 1014 1080 1060 incondito,
1112 1014 1168 1049 ire
1201 1013 1250 1050 ad
1289 1013 1421 1049 hostes
1452 1011 1598 1061 pergit.
1659 1011 1713 1048 Et

280 1085 420 1122 castris
465 1085 506 1121 in
547 1085 774 1134 propinquo
806 1085 965 1134 positis,
1012 1086 1140 1135 primo
1187 1085 1305 1134 pauci
1353 1084 1508 1133 equites
1540 1097 1588 1120 ex
1619 1086 1707 1121 tuto

279 1157 530 1207 speculantes
578 1157 626 1194 ab
667 1157 910 1194 stat-ionibus
952 1158 1165 1207 progredi,
1223 1156 1314 1193 dein
1348 1156 1487 1193 iaculis
1532 1154 1716 1192 summoti

279 1242 485 1266 recurrere
517 1228 567 1264 ad
599 1241 712 1275 suos3
746 1229 839 1266 inde
871 1230 1123 1267 excursiones
1164 1230 1203 1265 in
1234 1229 1361 1266 vicem
1393 1227 1493 1273 fieri,
1525 1231 1564 1264 et
1595 1239 1716 1276 quum

235 1301 255 1336 7
275 1301 412 1350 pulsos
441 1300 669 1349 indignatio
687 1301 934 1347 accenderet,
967 1303 1102 1351 plures
1120 1301 1264 1347 subire,
1298 1299 1405 1350 quod
1422 1300 1717 1337 irritamentum

285 1373 544 1409 certaminum
591 1373 837 1422 equestrium
870 1377 949 1419 est,
980 1387 1101 1423 quum
1148 1376 1216 1410 aut
1246 1372 1497 1409 vincentibus
1529 1385 1618 1420 spes
1649 1373 1718 1408 aut

239 1447 263 1481 8
284 1444 412 1494 pulsis
445 1444 505 1481 ira
536 1448 730 1493 aggregat
760 1458 860 1482 suos.
923 1445 988 1482 Ita
1027 1449 1111 1482 tum
1144 1459 1166 1482 a
1197 1445 1335 1494 paucis
1366 1444 1507 1493 proelio
1541 1456 1718 1489 accenso,

286 1529 442 1553 omnem
488 1516 677 1565 utrinque
724 1521 924 1566 postremo
980 1517 1211 1565 equitatum⁴
1256 1516 1484 1554 certaminis
1540 1514 1716 1552 studium

282 1588 435 1626 effudit.
498 1587 561 1625 Ac
591 1589 684 1625 dum
712 1589 909 1626 sincerum
944 1592 1127 1638 equestre
1158 1588 1344 1638 proelium
1377 1591 1473 1634 erat,
1499 1586 1717 1624 multitudo

283 1660 618 1707 Masaesuliorum,
651 1661 833 1709 ingentia
864 1661 1024 1710 agmina
1057 1660 1238 1710 Syphace
1271 1660 1487 1703 emittente,
1526 1658 1718 1696 sustineri

241 1736 262 1766 9
281 1733 348 1771 vix
379 1735 556 1782 poterat3
591 1732 736 1769 deinde
767 1738 811 1769 ut
842 1733 962 1781 pedes
987 1732 1191 1770 Romanus
1223 1732 1431 1781 repentino
1463 1745 1533 1780 per
1564 1734 1717 1767 turmas

282 1818 372 1842 suas
403 1805 509 1842 viam
541 1804 681 1842 dantes
715 1805 941 1842 intercursu
973 1805 1156 1841 stabilem
1189 1804 1314 1841 aciem
1353 1803 1449 1840 fecit
1480 1803 1718 1841 absterruit-

283 1889 358 1925 que
389 1876 509 1914 effuse
542 1876 793 1914 invehentem
841 1890 925 1914 sese
970 1876 1142 1923 hostem,
1189 1877 1316 1926 primo
1364 1876 1526 1913 barbari
1558 1874 1717 1923 segnius

209 1947 258 1984 10
280 1948 513 1997 permittere
547 1961 680 1997 equos,
713 1948 803 1986 dein
835 1953 939 1986 stare
971 1962 1016 1986 ac
1047 1962 1170 1998 prope
1202 1951 1308 1986 retro
1342 1949 1397 1986 ire
1427 1947 1581 1985 turbati
1612 1959 1714 1984 novo

287 2033 432 2068 genere
471 2033 629 2069 pugnae,
675 2024 875 2069 postremo
921 2035 1000 2058 non
1041 2021 1167 2070 pediti
1215 2021 1340 2057 solum
1373 2019 1523 2066 cedere,
1567 2018 1635 2056 sed
1669 2031 1716 2055 ne

210 2092 254 2128 11
280 2093 455 2141 equitem
488 2091 648 2141 quidem
689 2093 897 2140 sustinere,
929 2094 1078 2143 peditis
1110 2092 1298 2143 praesidio
1346 2091 1569 2129 audentem.
1630 2090 1716 2128 Iam

284 2164 400 2212 signa
432 2177 590 2214 quoque
631 2164 833 2212 legionum
865 2165 1255 2215 appropinquabant.
1315 2164 1417 2201 Tum
1449 2177 1543 2202 vero
1574 2163 1717 2200 Masae-

283 2236 375 2273 sulii
407 2250 486 2274 non
516 2237 635 2273 modo
666 2237 838 2286 primum
873 2238 1074 2287 impetum,
1107 2237 1174 2275 sed
1199 2251 1248 2274 ne
1273 2240 1526 2286 conspectum
1557 2234 1717 2284 quidem

286 2308 489 2356 signorum
546 2313 667 2357 atque
714 2322 912 2346 armorum
968 2311 1168 2356 tulerunt,
1213 2313 1368 2346 tantum
1414 2321 1483 2345 seu
1529 2306 1719 2344 memoria

142 2376 192 2424 12
281 2381 461 2430 priorum
493 2381 666 2418 cladium
700 2394 768 2418 seu
793 2394 967 2430 praesens
991 2385 1122 2419 terror
1148 2381 1287 2419 valuit.
1334 2380 1400 2418 Ibi
1418 2379 1593 2429 Syphax,
1624 2377 1717 2415 dum

284 2453 493 2502 obequitat
522 2453 695 2491 hostium
726 2453 880 2499 turmis,
912 2454 944 2490 si
975 2453 1148 2503 pudore,
1193 2453 1226 2490 si
1272 2452 1449 2501 periculo
1481 2463 1551 2487 suo
1582 2450 1717 2498 fugam

238 2526 260 2560 2
284 2525 425 2562 sistere
456 2528 602 2575 posset,
635 2538 737 2574 equo
770 2524 946 2573 graviter
979 2525 1057 2561 icto
1093 2524 1238 2561 effusus
1270 2523 1512 2574 opprimitur
1544 2521 1718 2571 capitur-

284 2610 372 2646 que,
404 2601 444 2634 et
473 2597 599 2643 vivus,
631 2597 763 2634 laetum
791 2599 882 2633 ante
927 2609 1060 2633 omnes
1087 2596 1311 2634 Masinissae
1334 2595 1578 2645 praebiturus
1609 2606 1719 2643 spec-

246 2669 474 2715 4taculum,
506 2668 557 2706 ad
589 2668 756 2705 Laelium
789 2667 1046 2718 pertrahitur.
1094 2666 1232 2706 Caedes
1265 2668 1306 2705 in
1338 2681 1383 2705 eo
1415 2666 1558 2716 proelio
1589 2665 1719 2708 minor
