1789 2955
479 65 596 100 Liber
620 65 788 101 XXVII.
839 68 900 109 (A.
928 66 992 100 Ch.
1018 67 1116 110 208.)
1467 72 1518 108 97

84 194 183 231 duce
199 193 386 242 Pyrrhia,
418 194 487 243 qui
518 198 667 243 praetor
697 194 739 231 in
771 207 859 231 eum
892 207 1038 232 annum
1070 208 1159 232 cum
1187 195 1351 232 absente
1376 195 1521 233 Attalo

83 269 238 304 creatus
279 268 376 313 erat,
422 268 696 303 occurrerunt.
756 266 977 303 Habebant
1018 270 1056 304 et
1102 267 1151 304 ab
1183 266 1327 305 Attalo
1374 267 1566 305 auxilia2

82 351 213 376 secum
245 340 285 375 et
314 337 423 375 mille
453 338 577 374 ferme
609 350 658 375 ex
675 337 857 375 Romana
889 338 1013 376 classe
1040 352 1062 376 a
1085 338 1131 376 P.
1151 336 1335 388 Sulpicio
1368 339 1520 376 missos

81 408 291 447 Adversus
322 409 425 446 hunc
453 409 593 447 ducem
611 412 730 459 atque
753 410 824 448 has
852 410 988 460 copias
1005 410 1226 461 Philippus
1248 411 1311 448 bis
1327 425 1519 460 prospero

82 484 228 519 eventu
272 481 484 531 pugnavit;
532 482 641 519 mille
687 481 902 520 admodum
948 482 1123 520 hostium
1168 485 1339 532 utraque
1384 495 1521 532 pugna

81 552 240 592 occidit.
287 553 388 591 Inde
406 567 528 604 quum
545 554 676 591 AEtoli
694 556 802 591 metu
818 554 1014 603 compulsi
1029 554 1178 592 Lamiae
1195 555 1309 592 urbis
1326 554 1523 592 moenibus
1543 555 1566 590 3

79 628 264 663 tenerent
295 638 402 673 sese,
446 625 667 676 Philippus
714 626 764 664 ad
810 625 988 664 Phalara
1033 627 1253 664 exercitum
1299 626 1430 672 duxit3
1478 627 1520 663 in

78 695 253 735 Maliaco
298 697 387 735 sinu
433 698 467 735 is
515 698 625 736 locus
657 701 735 745 est,
791 697 993 748 quondam
1038 699 1269 748 frequenter
1314 699 1519 736 habitatus

78 772 244 819 propter
275 769 480 818 egregium
518 774 678 820 portum
708 773 897 819 tutasque
936 770 1044 808 circa
1085 772 1278 809 stationes
1319 773 1358 807 et
1399 771 1519 808 aliam

81 841 420 891 opportunitatem
451 842 692 881 maritimam
724 846 1048 891 terrestremque.
1095 843 1154 880 Eo
1187 843 1312 891 legati
1344 842 1394 880 ab
1426 855 1520 891 rege
1539 842 1564 878 4

79 913 248 963 AEgypti
264 913 486 952 Ptolomaeo
503 914 756 965 Rhodiisque
789 918 827 952 et
854 913 1172 952 Atheniensibus
1204 918 1243 951 et
1260 914 1373 952 Chiis
1403 927 1518 952 vene-

78 988 173 1022 runt
204 986 255 1022 ad
287 985 557 1023 dirimendum
588 988 692 1025 inter
729 986 965 1037 Philippum
1004 990 1123 1036 atque
1162 987 1322 1024 AEtolos
1354 986 1517 1024 bellum.

78 1057 305 1095 Adhibitus
337 1058 386 1096 ab
419 1058 569 1096 AEtolis
608 1063 647 1097 et
685 1072 733 1096 ex
764 1058 949 1095 finitimis
978 1058 1212 1108 pacificator
1243 1058 1518 1108 Amynander,

77 1143 148 1167 rex
180 1128 466 1168 Athamanum.
515 1130 703 1168 Omnium
735 1134 867 1168 autem
898 1143 979 1167 non
1008 1133 1121 1168 tanta
1152 1144 1224 1180 pro
1243 1131 1394 1168 AEtolis
1427 1144 1521 1168 cura
1539 1131 1561 1168 5

76 1205 173 1249 erat,
204 1202 390 1240 ferociori
422 1216 541 1252 quam
571 1216 644 1252 pro
678 1202 848 1251 ingeniis
881 1201 1111 1240 Graecorum
1148 1207 1279 1251 gente,
1318 1216 1437 1252 quam
1468 1215 1517 1239 ne

77 1273 295 1324 Philippus
325 1287 572 1324 regnumque
604 1275 687 1312 eius
713 1275 831 1312 rebus
850 1273 1030 1322 Graeciae,
1062 1288 1183 1323 grave
1200 1275 1380 1312 libertati
1411 1275 1515 1312 futu-

76 1359 180 1394 rum,
203 1346 511 1385 immisceretur.
557 1346 622 1384 De
640 1359 738 1397 pace
766 1346 892 1384 dilata
909 1347 1150 1385 consultatio
1168 1350 1227 1384 est
1244 1347 1284 1384 in
1302 1347 1515 1385 concilium
1534 1347 1556 1382 6

75 1417 336 1464 Achaeorum3
368 1419 620 1469 concilioque
639 1419 676 1456 ei
694 1423 733 1456 et
748 1419 858 1457 locus
876 1423 914 1457 et
932 1419 1018 1457 dies
1036 1422 1144 1456 certa
1160 1419 1330 1466 indicta3
1352 1419 1515 1457 interim

74 1490 247 1540 triginta
278 1490 433 1528 dierum
462 1491 630 1528 indutiae
670 1491 908 1541 impetratae.
970 1491 1182 1529 Profectus
1224 1491 1317 1529 inde
1347 1505 1417 1528 rex
1449 1504 1520 1540 per
1541 1491 1561 1526 7

75 1562 322 1600 Thessaliam
339 1562 619 1613 Boeotiamque
640 1562 873 1600 Chalcidem
899 1563 1061 1600 Euboeae
1093 1563 1214 1610 venit,
1245 1566 1290 1600 ut
1313 1562 1513 1609 Attalum,

74 1648 192 1684 quem
221 1635 344 1672 classe
362 1635 556 1672 Euboeam
587 1635 806 1684 petiturum
838 1635 1036 1685 audierat,
1068 1636 1252 1685 portibus
1285 1638 1324 1672 et
1353 1635 1516 1672 litorum

74 1707 247 1757 appulsu
279 1710 447 1745 arceret.
492 1706 608 1754 Inde,
640 1706 826 1757 praesidio
859 1707 1001 1744 relicto
1034 1707 1222 1746 adversus
1253 1706 1450 1754 Attalum,
1483 1708 1560 1744 sib

73 1779 177 1817 forte
210 1779 371 1817 interim
402 1779 648 1826 traiecisset,
691 1780 893 1828 profectus
932 1779 1017 1829 ipse
1049 1793 1137 1817 cum
1167 1780 1304 1829 paucis
1336 1780 1515 1829 equitum

75 1850 257 1902 levisque
302 1854 514 1889 armaturae
553 1850 688 1900 Argos
732 1850 853 1888 venit.
928 1851 994 1889 Ibi
1040 1852 1245 1890 curatione
1284 1852 1561 1890 Herae01·um9

73 1923 394 1974 Nemeorumque
426 1922 628 1973 suffragiis
660 1923 801 1973 populi
833 1923 884 1961 ad
917 1937 1004 1961 eum
1036 1923 1187 1972 delata,
1228 1924 1324 1974 quia
1355 1938 1395 1962 se
1426 1924 1512 1962 Ma-

76 1996 273 2034 cedonum
289 2009 403 2045 reges
421 2009 469 2033 ex
485 2008 531 2033 ea
558 1995 720 2033 civitate
753 1995 943 2033 oriundos
967 1997 1112 2044 ferunt,
1143 1997 1302 2035 Heraeis
1328 1997 1515 2047 peractis,

77 2069 127 2107 ab
159 2069 247 2119 ipso
279 2067 438 2106 ludicro
477 2068 675 2117 extemplo
707 2068 873 2117 AEgium
905 2069 1107 2118 profectus
1147 2074 1207 2107 est
1237 2069 1287 2107 ad
1318 2068 1514 2106 indictum

73 2141 201 2179 multo
233 2143 326 2179 ante
357 2141 554 2178 sociorum
572 2141 798 2179 concilium.
845 2140 911 2178 Ibi
937 2141 985 2178 de
1004 2141 1181 2179 AEtolico
1208 2141 1384 2179 finiendo
1410 2142 1515 2179 bello
1536 2141 1586 2178 10

76 2217 229 2260 actum,
260 2225 308 2249 ne
341 2225 459 2250 causa
497 2215 566 2250 aut
595 2212 788 2250 Romanis
820 2216 890 2250 aut
920 2212 1064 2251 Attalo
1104 2213 1284 2251 intrandi
1316 2212 1513 2250 Graeciam

77 2288 189 2323 esset.
237 2282 318 2322 Sed
351 2297 396 2322 ea
415 2285 558 2332 omnia,
587 2285 752 2322 vixdum
780 2285 1025 2322 indutiarum
1048 2289 1229 2336 tempore
1261 2286 1514 2333 circumacto,
1534 2285 1581 2322 11

75 2357 205 2396 AEtoli
235 2357 471 2404 turbavere,
517 2360 730 2407 postquam
777 2360 815 2395 et
844 2357 1030 2395 Attalum
1061 2357 1254 2408 AEginam
1285 2359 1441 2396 venisse
1473 2362 1511 2395 et

73 2429 295 2468 Romanam
326 2430 490 2467 classem
537 2433 642 2467 stare
687 2429 737 2467 ad
782 2429 1036 2479 Naupactum
1093 2431 1294 2469 audivere.
1370 2430 1516 2468 Vocati
1534 2430 1584 2468 12

75 2501 178 2540 enim
211 2501 253 2538 in
285 2501 497 2539 concilium
524 2500 777 2549 Achaeorum,
808 2502 848 2539 in
874 2515 952 2551 quo
977 2505 1015 2539 et
1046 2516 1101 2540 eae
1132 2503 1353 2552 legationes
1385 2507 1509 2550 erant,

75 2587 163 2623 quae
198 2574 248 2611 ad
265 2573 441 2612 Phalara
473 2577 637 2624 egerant
654 2574 702 2612 de
719 2587 829 2624 pace,
861 2575 1034 2624 primuni
1062 2575 1193 2624 questi
1220 2579 1311 2613 sunt
1328 2575 1508 2625 quaedam

73 2659 198 2696 parva
229 2649 368 2683 contra
412 2645 529 2684 fidem
562 2647 837 2684 conventionis
883 2649 1062 2696 tempore
1109 2647 1355 2685 indutiarum
1386 2648 1507 2695 facta3
1557 2682 1560 2684 ,

141 2717 246 2742 Livius
266 2724 303 2742 ex
323 2724 380 2742 rec.
401 2717 554 2748 Madvigii.
592 2718 644 2743 IV.
1212 2719 1232 2752 ’7
