1789 2955
434 87 549 122 Liber
574 86 743 121 XXVII.
793 87 855 130 (A.
882 85 947 120 Ch.
971 87 1067 129 208.)
1415 89 1464 125 91

40 229 170 256 coram
201 215 342 263 Fabio,
384 215 620 253 defendente
651 213 749 263 ipso,
788 226 886 262 quos
918 215 1078 262 ceperat
1108 212 1242 258 armis,
1285 211 1376 248 aliis
1417 212 1473 249 in-

40 288 163 327 fensis
195 290 235 326 et
264 287 465 338 plerisque
496 286 748 336 aequantibus
780 297 846 322 eos
868 283 1160 333 Campanorum
1186 296 1300 320 noxae
1332 296 1474 333 poenae-

43 372 132 410 que.
189 358 361 397 Senatus
392 359 615 396 consultum
647 357 688 394 in
719 356 956 394 sententiam
987 356 1052 393 Μ’.
1070 355 1201 393 Acilii
1231 355 1378 392 factum
1409 358 1480 402 est,
1498 356 1522 392 2

39 435 84 470 ut
125 431 319 482 oppidum
355 430 547 480 praesidio
587 429 855 466 custodiretur
885 427 1174 477 Tarentinique
1206 440 1340 464 omnes
1371 426 1477 463 intra

40 503 188 543 moenia
228 503 540 549 continerentur,
585 514 649 538 res
695 501 851 549 integra
896 503 1035 549 postea
1079 500 1307 544 referretur,
1354 511 1476 546 quum

39 574 301 625 tranquillior
339 576 468 611 status
508 573 641 611 Italiae
683 575 797 610 esset.
856 571 910 609 Et
948 571 995 608 de
1027 571 1082 610 M.
1117 570 1246 617 Livio,
1291 570 1479 619 praefecto
1500 571 1522 606 3

41 647 144 686 arcis
176 646 416 692 Tarentinae,
458 645 566 682 haud
597 645 749 682 minore
782 643 997 681 certamine
1029 645 1161 680 actum
1192 645 1262 688 est,
1296 642 1385 680 aliis
1417 655 1476 678 se-

19 709 159 757 .natus
191 717 373 756 consulto
405 718 636 755 notantibus
667 716 910 766 praefectu1n‚
943 714 1049 763 quod
1082 715 1165 751 eius
1196 713 1381 751 socordia
1402 713 1477 750 Ta-

40 793 197 829 rentum
221 789 427 839 proditum
454 789 558 826 hosti
584 791 698 835 esset,
722 787 813 825 aliis
837 787 1000 837 praemia
1025 786 1342 832 decernentibus,
1374 786 1481 835 quod
1501 785 1526 821 4

42 876 114 914 per
145 862 465 912 quinquennium
492 874 622 898 arcem
645 862 799 897 tutatus
825 861 939 907 esset,
972 859 1224 907 maximeque
1248 858 1366 895 unius
1394 857 1479 894 eius

42 947 165 985 opera
196 936 399 983 receptum
431 932 650 969 Tarentum
681 932 795 977 foret,
828 930 968 967 mediis
1001 931 1051 968 ad
1084 943 1281 976 censores,
1323 943 1402 966 non
1433 928 1524 966 ad5

42 1009 221 1045 senatum
252 1005 456 1043 notionem
488 1005 536 1042 de
569 1018 614 1042 eo
638 1003 839 1053 pertinere
866 1002 1104 1049 dicentibus,
1136 1002 1249 1039 cuius
1273 1001 1481 1039 sententiae

43 1082 81 1117 et
112 1078 263 1116 Fabius
294 1077 383 1117 fuit.
444 1077 614 1115 Adiecit
642 1079 788 1124 tamen,
821 1074 940 1111 fateri
972 1088 1024 1120 se,
1057 1087 1179 1123 opera
1202 1073 1312 1111 Livii
1333 1073 1480 1110 Taren-

42 1154 126 1188 tum
166 1152 382 1199 receptum,
428 1148 535 1198 quod
577 1148 692 1184 amici
733 1147 816 1184 eius
849 1146 970 1194 vulgo
1002 1146 1042 1182 in
1075 1149 1215 1183 senatu
1246 1145 1479 1190 iactassent,

42 1235 171 1271 neque
203 1221 307 1259 enim
337 1220 614 1270 recipiundum
647 1220 778 1265 fuisse,
807 1219 886 1256 nisi
917 1218 1103 1255 amissum
1134 1218 1246 1255 foret.

158 1293 377 1332 Consulum
417 1293 518 1330 alter
555 1291 600 1329 T.
642 1292 856 1338 Quinctius
899 1289 1111 1339 Crispinus
1157 1289 1207 1327 ad
1253 1288 1525 1334 exercitum,6

43 1379 160 1416 quem
191 1364 237 1412 Q.
262 1364 431 1402 Fulvius
457 1364 627 1401 Flaccus
657 1362 867 1412 habuerat,
901 1375 988 1398 cum
1020 1362 1299 1411 supplemento
1332 1361 1373 1397 in
1403 1360 1482 1396 Lu-

45 1451 162 1476 canos
187 1441 247 1475 est
273 1437 486 1487 profectus.
533 1435 772 1473 Marcellum
797 1435 886 1472 aliae
909 1437 1028 1483 atque
1054 1434 1142 1471 aliae
1168 1433 1335 1471 obiectae
1352 1432 1484 1469 animo
1505 1434 1525 1468 7

44 1510 262 1558 religiones
292 1508 493 1555 tenebant,
538 1508 581 1544 in
619 1507 765 1556 quibus
797 1506 915 1555 quod,
947 1519 1069 1555 quum
1100 1506 1208 1543 bello
1241 1504 1402 1542 Gallico
1435 1504 1484 1541 ad

46 1580 286 1620 Clastidium
319 1580 445 1618 aedem
471 1579 629 1618 Honori
661 1581 701 1615 et
728 1578 884 1615 Virtuti
908 1578 1094 1624 vovisset,
1126 1577 1327 1614 dedicatio
1353 1577 1438 1614 eius
1464 1589 1486 1612 a

45 1652 303 1703 pontificibus
327 1651 635 1702 impediebatur,
661 1651 768 1700 quod
793 1651 994 1699 negabant
1015 1662 1134 1686 unam
1160 1649 1301 1686 cellam
1319 1647 1490 1697 amplius
1507 1647 1532 1683 8

47 1738 166 1780 quam
190 1723 262 1761 uni
287 1724 360 1761 deo
384 1727 492 1761 recte
517 1723 710 1769 dedicari,
736 1722 844 1771 quia,
868 1723 900 1758 si
919 1722 967 1758 de
985 1722 1081 1759 caelo
1098 1724 1207 1758 tacta
1224 1724 1293 1758 aut
1308 1719 1487 1769 prodigii

50 1796 205 1846 aliquid
246 1796 286 1833 in
325 1809 371 1833 ea
408 1796 556 1833 factum
588 1798 702 1843 esset,
751 1794 931 1831 difficilis
962 1793 1192 1842 procuratio
1224 1793 1338 1838 foret,
1373 1790 1491 1840 quod,
1509 1791 1532 1826 9

50 1868 133 1906 utri
164 1867 238 1906 deo
269 1880 332 1905 res
364 1867 501 1906 divina
531 1866 658 1913 fieret,
689 1866 782 1903 sciri
814 1880 892 1903 non
923 1868 1076 1915 posset;
1108 1877 1235 1913 neque
1261 1864 1365 1901 enim
1391 1863 1485 1899 duo-

50 1939 126 1976 bus
157 1939 235 1976 nisi
266 1940 386 1977 certis
419 1939 505 1976 deis
535 1939 613 1975 rite
645 1951 724 1975 una
755 1938 884 1976 hostia
907 1937 1008 1975 fieri.
1057 1937 1122 1973 Ita
1147 1936 1284 1973 addita
1312 1935 1486 1973 Virtutis

50 2011 153 2049 aedes
185 2013 452 2061 approperato
485 2023 622 2060 opere;
653 2023 782 2059 neque
812 2013 945 2047 tamen
977 2009 1140 2058 ab-ipso
1166 2008 1270 2045 aedes
1295 2021 1350 2044 eae
1376 2006 1486 2044 dedi-

49 2086 146 2121 eatae
188 2086 291 2120 sunt.
352 2081 454 2120 Tum
493 2082 649 2120 demum
691 2081 741 2118 ad
781 2081 1014 2127 exercitum,
1061 2093 1175 2130 quem
1216 2080 1351 2130 priore
1383 2091 1487 2116 anno
1508 2078 1558 2113 lO

51 2153 242 2192 Venusiae
272 2155 505 2204 reliquerat,
538 2167 627 2191 cum
658 2153 935 2202 supplemento
967 2152 1249 2202 proficiscitur.

163 2226 316 2264 Locros
354 2226 395 2263 in
435 2225 610 2262 Bruttiis
652 2223 862 2274 Crispinus
901 2237 1133 2274 oppugnare
1174 2226 1351 2268 conatus,
1398 2221 1493 2270 quia
1516 2221 1561 2258 ll

52 2311 239 2346 magnam
269 2299 414 2336 famam
445 2297 631 2335 attulisse
663 2296 793 2333 Fabio
826 2295 1042 2333 Tarentum
1074 2296 1249 2342 rebatur,
1282 2308 1395 2332 omne
1426 2306 1491 2342 ge-

50 2383 125 2407 nus
165 2373 454 2408 tormentorum
495 2368 848 2417 machinarumque
890 2381 936 2406 ex
978 2366 1118 2406 Sicilia
1156 2367 1413 2412 arcessierat,
1452 2367 1491 2401 et

52 2454 172 2479 naves
203 2441 382 2479 indidem
412 2441 549 2479 accitae
581 2444 705 2487 erant,
737 2453 825 2489 quae
857 2443 1088 2489 vergentem
1121 2439 1170 2477 ad
1202 2452 1309 2476 mare
1335 2439 1490 2486 partem

54 2513 166 2551 urbis
193 2516 485 2563 oppugnarent.
533 2513 592 2550 Ea
618 2512 763 2550 omissa
789 2513 1039 2562 oppugnatio
1066 2514 1138 2557 est,
1164 2510 1259 2560 quia
1283 2508 1494 2546 Lacinium
1515 2508 1564 2545 12

54 2583 264 2622 Hannibal
309 2585 542 2622 admoverat
589 2584 735 2634 copias,
781 2587 822 2621 et
863 2584 1056 2632 collegam
1097 2582 1283 2619 eduxisse
1324 2582 1403 2619 iam
1442 2580 1491 2616 ab

55 2653 234 2694 Venusia
266 2656 486 2694 exercitum
518 2657 623 2694 fama
657 2659 754 2702 erat,
797 2656 861 2692 cui
901 2655 1091 2703 coniungi
1122 2654 1292 2692 volebat.
1351 2653 1496 2701 Itaque
1517 2651 1566 2687 13
