1789 2955
239 84 319 122 246
647 79 762 114 Liber
786 78 912 116 XXX.
960 80 1023 124 (A.
1049 92 1086 116 u.
1112 91 1140 115 c.
1167 80 1258 122 551.)

192 207 216 246 5
233 207 476 246 Hominibus
508 207 681 257 acceptis
712 209 751 244 et
776 207 816 243 in
841 219 1040 244 carcerem
1068 206 1252 253 conditis,
1284 219 1383 244 auro
1416 209 1664 257 argentoque

238 279 409 326 reddito,
439 279 579 328 gratiae
611 278 754 327 legatis
786 283 904 325 actae,
953 281 1072 328 atque
1103 279 1268 328 insuper
1298 290 1463 315 munera
1494 277 1587 315 data
1619 290 1663 315 ac

191 352 361 397 enaves,
394 350 539 400 quibus
572 350 614 387 in
630 349 869 400 Hispaniam
892 353 1199 388 reverterentur.
1246 348 1398 386 Mentio
1433 348 1577 386 deinde
1610 349 1658 386 ab

237 422 461 461 senioribus
491 423 597 460 facta
635 425 715 467 est,
747 422 907 471 segnius
938 422 1117 459 homines
1159 421 1264 458 bona
1295 434 1413 470 quam
1445 421 1549 458 mala
1579 433 1666 457 sen-

235 494 333 540 tire;
363 493 541 531 transitu
573 494 615 530 in
631 493 794 531 Italiam
810 493 1052 532 Hannibalis
1083 497 1276 543 quantum
1300 492 1465 530 terroris
1488 492 1666 542 pavoris-

236 579 313 616 que
329 569 442 612 esset,
458 564 705 612 meminisse;
733 578 831 615 quas
849 565 993 603 deinde
1010 565 1155 612 clades,
1182 577 1281 614 quos
1298 564 1428 602 luctus
1447 563 1636 601 incidisse
1649 562 1668 599 ἱ)

194 637 334 677 7Visa
365 640 495 675 castra
525 637 699 675 hostium
745 650 765 674 e
812 637 934 675 muris
965 637 1095 684 urbis3
1144 649 1231 686 quae
1279 639 1370 674 vota
1415 636 1669 684 singulorum

237 710 595 758 universorumque
626 708 780 746 fuisse?
820 709 976 758 quoties
1018 709 1061 746 in
1092 708 1273 746 conciliis
1304 721 1419 746 voces
1450 720 1588 745 manus
1620 706 1671 744 ad

197 783 222 821 8
241 782 377 819 caelum
393 781 686 831 porrigentium
704 780 875 828 auditas,
907 794 955 818 en
978 793 1154 830 unquam
1183 780 1253 817 ille
1278 779 1363 817 dies
1380 780 1537 816 futurus
1555 782 1669 824 esset,

238 866 317 903 quo
362 866 528 891 vacuam
573 852 757 890 hostibus
795 852 958 890 Italiam
1004 853 1109 890 bona
1153 865 1251 902 pace
1296 851 1500 889 florentem
1545 851 1671 889 visuri

198 928 221 963 9
240 924 398 963 essent?
443 924 615 962 Dedisse
646 925 806 962 tandem
841 924 882 961 id
913 924 1006 962 deos
1038 926 1151 962 sexto
1181 924 1335 961 decimo
1367 922 1523 961 demum
1555 936 1671 970 anno,

238 1010 309 1034 nec
342 1010 437 1043 esse,
469 997 539 1046 qui
566 995 650 1033 deis
668 999 802 1046 grates
820 997 994 1045 agendas
1021 998 1225 1041 censeant;
1257 995 1354 1033 adeo
1381 1008 1430 1033 ne
1457 994 1669 1033 advenien-

238 1071 320 1106 tem
366 1068 527 1118 quidem
567 1068 737 1117 gratiam
771 1067 951 1105 homines
991 1068 1165 1116 benigne
1198 1067 1389 1116 accipere,
1437 1067 1583 1104 nedum
1629 1070 1672 1104 ut

171 1141 225 1179 10
242 1140 454 1191 praeteritae
486 1140 584 1178 satis
615 1152 806 1178 memores
837 1139 927 1177 sint.
975 1139 1276 1177 Conclamatum
1309 1138 1453 1176 deinde
1485 1152 1533 1176 ex
1567 1138 1673 1177 omni

239 1216 352 1263 parte
384 1212 506 1250 curiae
537 1215 607 1259 est,
637 1212 698 1249 uti
729 1212 898 1249 referret
929 1211 974 1248 P.
1006 1211 1139 1249 AElius
1170 1214 1339 1261 praetor3
1379 1210 1671 1260 decretumque,

237 1288 281 1322 ut
298 1285 475 1334 quinque
501 1283 586 1322 dies
611 1285 717 1322 circa
734 1284 866 1322 omnia
888 1283 1117 1333 pulvinaria
1142 1283 1450 1333 supplicaretur,
1482 1283 1672 1320 victimae-

240 1369 316 1407 que
349 1357 518 1395 maiores
550 1357 854 1394 immolarentur
886 1358 1043 1393 cent-um
1074 1355 1233 1404 viginti.

172 1430 218 1467 ll
354 1429 443 1466 Iam
475 1428 639 1466 dimisso
671 1427 797 1465 Laelio
829 1427 1055 1477 legatisque
1084 1426 1320 1474 Masinissae,
1353 1439 1474 1476 quum
1508 1425 1672 1463 Cartha-

240 1501 482 1552 giniensium
513 1501 665 1549 legatos
711 1500 760 1537 de
805 1513 903 1550 pace
949 1499 1000 1537 ad
1031 1502 1211 1536 senatum
1256 1499 1462 1536 venientes
1493 1497 1674 1535 Puteolis

237 1575 356 1621 visos,
386 1573 478 1611 inde
508 1577 617 1610 terra
647 1574 836 1610 venturos
867 1571 1035 1609 allatum
1066 1573 1180 1617 esset,
1216 1570 1398 1608 revocari
1430 1569 1472 1607 C.
1503 1569 1675 1607 Laelium

176 1647 226 1684 12
243 1646 415 1697 placuit,
460 1648 503 1682 ut
550 1658 680 1683 coram
722 1657 767 1682 eo
800 1643 848 1681 de
879 1657 976 1695 pace
1008 1647 1206 1693 ageretur.
1270 1642 1317 1689 Q.
1351 1642 1519 1680 Fulvius
1552 1639 1676 1687 Gillo,

239 1720 395 1768 legatus
443 1716 659 1767 ScipioniS,
692 1715 1047 1764 Carthaginienses
1079 1715 1247 1753 Romam
1295 1713 1484 1760 adduxit;
1530 1712 1675 1763 quibus

239 1791 373 1829 vetitis
405 1789 562 1839 ingredi
593 1788 732 1825 urbem
763 1787 982 1837 hospitium
1013 1788 1055 1824 in
1086 1787 1185 1824 villa
1216 1786 1400 1837 publica,
1433 1788 1593 1823 senatus
1625 1784 1675 1822 ad

97 1857 155 1907 22
242 1862 366 1900 aedem
397 1862 576 1899 Bellonae
608 1859 724 1897 datus
763 1862 835 1896 est.
895 1858 1129 1896 Orationem
1161 1858 1328 1896 eandem
1367 1857 1509 1903 ferme,
1556 1869 1675 1906 quam

241 1935 349 1984 apud
381 1933 624 1983 Scipionem,
657 1932 905 1978 habuerunt,
951 1931 1110 1980 culpam
1144 1943 1297 1968 omnem
1330 1929 1426 1967 belli
1460 1943 1483 1966 a
1513 1929 1674 1978 publico

200 2006 223 2043 2
243 2006 411 2045 consilio
443 2005 484 2042 in
515 2003 787 2042 Hannibalem
818 2006 1038 2049 vertentes;
1079 2015 1167 2040 eum
1206 2001 1363 2038 iniussu
1406 2003 1566 2038 senatus
1596 2013 1676 2037 non

240 2078 370 2129 Alpes
401 2077 530 2123 modo,
564 2076 632 2114 sed
650 2075 847 2113 Hiberum
873 2087 1031 2125 quoque
1057 2077 1362 2122 transgressum,
1395 2086 1465 2110 nec
1483 2072 1675 2110 Romanis

241 2151 382 2200 solum,
415 2149 485 2187 sed
515 2152 607 2186 ante
634 2147 753 2185 etiam
772 2146 1010 2195 Saguntinis
1026 2146 1184 2196 privato
1209 2144 1375 2182 consilio
1404 2144 1553 2182 bellum
1571 2143 1676 2181 intu-

204 2223 227 2260 3
245 2222 357 2268 lisse;
388 2219 545 2259 senatui
577 2233 621 2257 ac
653 2219 803 2269 populo
824 2217 1162 2268 Carthaginiensi,
1193 2217 1227 2254 si
1259 2216 1348 2267 quis
1379 2230 1470 2254 vere
1496 2215 1677 2261 aestimet,

198 2294 367 2332 4foedus
398 2292 449 2330 ad
480 2305 564 2329 eam
599 2291 702 2328 diem
747 2290 985 2328 inviolatum
1031 2302 1115 2327 esse
1162 2302 1249 2326 cum
1281 2287 1494 2333 Romanis;
1544 2287 1678 2336 itaque

243 2366 345 2403 nihil
377 2364 489 2403 aliud
518 2364 595 2401 sibi
626 2363 856 2400 mandatum
889 2375 971 2399 esse
1002 2362 1061 2399 uti
1091 2364 1287 2411 peterent,
1318 2372 1435 2409 quam
1474 2361 1518 2396 ut
1560 2359 1601 2395 in
1632 2371 1677 2395 ea

242 2450 358 2488 pace,
404 2449 491 2486 quae
536 2438 736 2485 postremo
783 2447 871 2471 cum
912 2433 954 2471 C.
987 2433 1152 2470 Lutatio
1199 2433 1303 2469 facta
1349 2434 1473 2477 esset,
1519 2443 1678 2467 manere

200 2509 223 2546 5
241 2509 392 2546 liceret.
440 2507 570 2554 Quum
602 2519 711 2544 more
734 2506 884 2543 tradito
910 2505 1091 2555 patribus
1118 2506 1357 2554 potestatem
1388 2501 1676 2551 interrogandi,

246 2580 280 2618 si
311 2580 400 2630 quis
432 2579 530 2629 quid
569 2578 704 2625 vellet,
736 2578 889 2627 legatos
920 2580 1068 2627 praetor
1099 2576 1270 2621 fecisset,
1301 2574 1575 2623 senioresque,
1607 2572 1677 2622 qui

246 2651 464 2690 foederibus
481 2650 757 2696 interfuerant,
775 2649 856 2688 alia
873 2649 944 2686 alii
963 2649 1269 2696 interrogarent,
1295 2658 1367 2683 nec
1392 2645 1616 2682 meminisse
1633 2657 1675 2681 se
