1789 2955
517 94 632 130 Liber
657 93 847 130 XXVIII.
897 97 956 141 (A.
984 96 1049 132 Oh.
1074 98 1168 141 207.)
1487 104 1562 141 131

131 221 216 258 eius
249 220 290 258 C.
323 219 533 258 Claudium
565 222 780 261 iusserunt.
842 223 892 259 Id
939 224 1053 260 modo
1102 224 1142 261 in
1184 225 1344 262 decreto
1376 227 1612 275 interfuit-,3

132 291 238 341 quod
269 292 325 329 M.
355 291 464 330 Livii
497 294 715 331 exercitum
746 295 896 341 reduci,
929 294 1103 333 Neronis
1135 297 1314 345 legiones
1340 298 1567 337 Hannibali

131 364 336 414 oppositas
366 378 527 403 manere
559 366 600 402 in
632 366 844 416 provincia
881 366 1095 404 iusserunt.
1156 368 1270 406 Inter
1301 371 1485 408 consules
1517 372 1616 408 ita4

127 448 198 485 per
241 435 399 474 litteras
445 437 653 483 convenit,
701 441 771 485 ut,
820 439 1156 487 quemadmodum
1202 453 1281 478 uno
1319 442 1450 479 animo
1483 457 1565 480 rem

129 507 332 557 publicam
363 508 594 556 gessissent,
642 509 718 555 ita,
765 522 993 559 quanquam
1039 524 1087 547 ex
1133 510 1302 549 diversis
1334 514 1567 561 regionibus

130 579 402 626 convenirent,
432 593 511 617 uno
528 583 706 630 tempore
738 581 788 618 ad
808 581 945 618 urbem
973 582 1227 629 accederent3
1258 583 1464 622 Praeneste
1497 588 1565 635 qui

131 651 244 700 prior
274 651 460 698 venisset,
491 652 684 700 collegam
716 651 773 689 ibi
804 653 981 702 opperiri
1007 653 1147 692 iussus.
1196 655 1318 693 Forte
1346 656 1402 693 ita
1427 659 1570 705 evenit,
1590 660 1612 695 5

128 726 174 760 ut
203 723 343 760 eodem
375 722 439 759 die
470 723 586 760 ambo
618 723 824 761 Praeneste
840 724 1032 762 venirent.
1078 726 1178 763 Inde
1196 727 1401 776 praemisso
1420 729 1566 777 edicto,

128 798 174 831 ut
202 794 340 832 triduo
386 797 478 844 post
507 795 693 844 frequens
739 799 899 833 senatus
946 797 996 833 ad
1030 797 1153 834 aedem
1186 798 1365 836 Bellonae
1397 801 1565 848 adesset,

129 866 237 904 omni
253 865 510 903 multitudine
527 866 681 905 obviam
701 866 824 904 effusa
839 867 890 904 ad
907 868 1045 905 urbem
1063 882 1276 909 accessere.
1308 870 1398 909 Non
1416 873 1561 910 saluta·
1580 877 1602 912 6

127 938 226 976 bant
249 937 365 975 modo
397 938 574 975 universi
601 938 842 985 circumfusi,
875 938 945 975 sed
970 940 1206 988 contingere
1227 955 1300 990 pro
1327 956 1368 980 se
1395 945 1564 994 quisque

126 1009 315 1048 victrices
346 1010 509 1047 dextras
541 1010 746 1047 consulum
779 1010 997 1060 cupientes,
1030 1012 1101 1048 alii
1131 1013 1461 1063 gratulabantur,
1493 1018 1565 1055 alii

128 1081 280 1131 gratias
297 1080 481 1130 agebant,
514 1081 622 1130 quod
639 1094 775 1118 eorum
803 1095 924 1132 opera
947 1083 1158 1121 incolumis
1185 1098 1247 1122 res
1270 1087 1433 1135 publica
1450 1092 1564 1126 esset.

128 1153 178 1191 In
210 1156 349 1191 senatu
379 1165 500 1202 quum
532 1166 639 1190 more
670 1154 845 1191 omnium
885 1154 1184 1204 imperatorum,
1217 1159 1411 1206 expositis
1449 1161 1606 1199 rebus?

128 1225 178 1263 ab
195 1238 236 1262 se
252 1224 388 1274 gestis,
417 1225 702 1274 postulassent,
733 1229 778 1263 ut
794 1240 866 1276 pro
885 1240 927 1263 re
944 1227 1108 1276 publica
1134 1228 1294 1265 fortiter
1315 1230 1563 1282 feliciterque

128 1296 408 1334 administrata
453 1299 492 1333 et
523 1296 608 1334 deis
653 1297 951 1336 immortalibus
981 1297 1198 1336 haberetur
1242 1300 1366 1339 honos
1399 1306 1438 1339 et
1467 1304 1564 1353 ipsis

126 1368 469 1418 triumphantibus
487 1368 626 1405 urbem
643 1368 748 1406 inire
767 1369 917 1417 liceret,
950 1384 990 1408 se
1007 1384 1100 1408 vero
1118 1385 1175 1418 ea,
1196 1385 1283 1421 quae
1301 1375 1564 1423 postularent,
1583 1378 1607 1413 8

127 1439 342 1478 decernere
372 1443 508 1490 patres
539 1440 683 1478 merito
715 1440 876 1478 deorum
908 1442 1090 1489 primum,
1121 1443 1213 1480 dein
1237 1445 1451 1482 secundum
1471 1447 1564 1485 deos

127 1513 332 1550 consulum
362 1511 677 1561 responderunt;
712 1515 751 1549 et
782 1513 1077 1563 supplicatione
1103 1515 1309 1552 amborum
1334 1518 1494 1556 nomine
1527 1524 1565 1557 et
1584 1523 1606 1557 9

125 1583 331 1634 triumpho
362 1583 523 1632 utrique
556 1583 726 1630 decreto,
760 1584 864 1622 inter
896 1585 1015 1635 iPSOS,
1049 1599 1109 1632 ne,
1140 1599 1260 1635 quum
1286 1589 1436 1626 bellum
1461 1605 1561 1629 com-

126 1656 238 1693 muni
270 1656 400 1693 animo
432 1655 666 1704 gessissent,
696 1657 944 1706 triumphum
975 1662 1228 1706 separarent,
1275 1659 1334 1697 ita
1365 1665 1561 1710 convenit,

126 1730 182 1773 ut,
213 1727 404 1776 quoniam
436 1730 476 1763 et
506 1726 546 1763 in
577 1727 788 1776 provincia
826 1729 879 1765 M.
913 1728 1023 1765 Livii
1054 1742 1116 1766 res
1148 1734 1260 1778 gesta
1301 1736 1414 1779 esset,
1448 1738 1486 1772 et
1518 1749 1562 1773 eo
1585 1737 1635 1774 10

126 1798 212 1844 die,
246 1811 324 1848 quo
370 1802 592 1848 pugnatum
637 1799 760 1847 foret,
806 1800 890 1837 eius
922 1801 1025 1837 forte
1072 1802 1294 1851 auspicium
1325 1805 1476 1852 fuisset,
1523 1812 1562 1845 et

127 1871 325 1908 exercitus
356 1870 553 1908 Livianus
585 1870 777 1908 deductus
797 1871 964 1908 Romam
996 1872 1180 1920 venisset,
1213 1874 1383 1914 Neronis
1416 1878 1561 1917 deduci

127 1942 175 1981 de
206 1942 417 1992 provincia
447 1956 527 1980 non
557 1943 772 1992 potuisset,
818 1947 863 1980 ut
900 1944 953 1980 M.
985 1944 1147 1983 Livium
1179 1948 1388 1998 quadrigis
1421 1952 1560 1989 urbem

126 2014 330 2052 ineuntem
360 2014 509 2053 milites
540 2017 815 2064 sequerentur,
839 2015 880 2053 O.
902 2014 1095 2053 Claudius
1114 2030 1215 2066 equo
1247 2019 1330 2056 sine
1362 2021 1560 2060 militibus

127 2086 394 2123 inveheretur.
453 2086 519 2125 Ita
551 2087 800 2125 consociatus
845 2087 1072 2136 triumphus
1119 2102 1241 2138 quum
1273 2092 1448 2142 utrique,
1481 2098 1563 2132 tum
1587 2097 1630 2133 11

128 2157 253 2206 magis
279 2157 328 2204 ei,
359 2157 441 2207 qui,
474 2161 666 2207 quantum
684 2159 825 2196 merito
844 2159 1036 2206 anteibat,
1053 2164 1211 2198 tantum
1228 2163 1377 2202 honore
1396 2167 1557 2215 collegae

126 2232 310 2276 cesserat,
341 2229 509 2278 gloriam
541 2231 665 2270 auxit.
734 2230 856 2267 Illum
896 2231 1069 2280 equitem
1109 2233 1272 2272 aiebant
1302 2249 1370 2273 sex
1403 2237 1627 2277 dierum12

128 2302 259 2352 spatio
290 2302 575 2339 transcurrisse
607 2302 901 2350 longitudinem
933 2303 1066 2341 Italiae
1099 2308 1140 2342 et
1171 2319 1215 2343 eo
1249 2307 1313 2344 die
1345 2321 1432 2345 cum
1457 2309 1559 2347 Has-

125 2373 292 2411 drubale
324 2373 365 2410 in
398 2372 534 2411 Gallia
566 2374 694 2422 signis
728 2375 883 2412 collatis
922 2388 1138 2424 pugnasse,
1185 2391 1262 2426 quo
1309 2392 1397 2416 eum
1431 2386 1560 2419 castra

125 2444 315 2483 adversus
356 2458 440 2483 sese
472 2445 514 2482 in
544 2445 700 2495 Apulia
738 2446 869 2496 posita
901 2447 1046 2484 habere
1077 2448 1283 2487 Hannibal
1316 2452 1561 2492 credidisset.

124 2516 191 2553 Ita
221 2529 342 2553 unum
375 2517 575 2554 consulem
607 2531 679 2566 pro
711 2521 879 2567 utraque
920 2521 1034 2568 parte
1074 2520 1207 2558 ltaliae
1240 2522 1428 2561 adversus
1462 2526 1558 2563 duas
1581 2528 1629 2564 13

128 2589 246 2635 acies,
277 2588 375 2626 duos
415 2588 677 2638 imperatores
718 2589 812 2626 hinc
859 2590 1069 2627 consilium
1102 2605 1236 2640 suum,
1282 2594 1373 2632 hinc
1420 2610 1562 2646 corpus

126 2660 370 2710 opposuisse.
445 2661 597 2699 Nomen
644 2661 815 2700 Neronis
873 2662 970 2699 satis
1016 2662 1135 2700 fuisse
1181 2665 1230 2702 ad
1276 2667 1560 2706 continendum
1585 2671 1633 2708 14

1239 2735 1280 2767 9ss
