1789 2955
510 72 627 108 Liber
650 72 818 109 XXVII.
869 75 930 116 (A.
958 73 1021 108 Ch.
1049 74 1142 117 207.)
1460 78 1538 114 109

109 200 246 243 consul
270 200 461 239 adversus
486 200 759 240 Hannibalem
782 215 863 238 rem
888 205 1064 249 gereret,
1096 201 1272 250 reliquas
1304 201 1441 251 copias
1457 202 1540 239 Ho-

108 272 238 310 stilius
257 272 431 322 Capuam
458 273 602 311 ducere
627 275 769 321 iussus,
799 277 844 310 ut
862 272 908 319 Q.
928 273 1072 312 Fulvio
1096 273 1328 323 proconsuli
1351 273 1539 311 traderet.

219 344 439 393 Hannibal,
469 345 647 396 undique
679 348 883 384 contracto
915 345 1108 391 exercitu,
1140 358 1256 395 quem
1289 345 1329 382 in
1361 345 1543 383 hibernis
1630 342 1683 391 41

105 419 174 454 aut
205 415 246 452 in
277 417 477 466 praesidiis
509 419 594 467 agri
625 417 780 456 Bruttii
817 417 1024 464 habuerat,
1069 417 1109 454 in
1140 417 1325 454 Lucanos
1355 417 1405 454 ad
1438 416 1539 455 Gru-

105 491 278 525 mentum
310 490 421 526 venit
451 503 520 540 spe
550 489 774 540 recipiendi
805 488 965 539 oppida,
996 502 1083 539 quae
1113 502 1185 538 per
1216 492 1363 526 metum
1388 489 1436 526 ad
1460 489 1539 526 Ro-

105 573 242 597 manos
275 560 528 600 defecissent.
575 561 727 600 Eodem
759 575 781 599 a
806 561 987 599 Venusia
1019 562 1155 598 consul
1179 561 1384 598 Romanus
1409 561 1543 610 explo-
1564 562 1586 597 2

103 631 203 669 ratis
234 632 449 670 itineribus
481 634 699 681 contendit,
735 638 773 672 et
802 634 915 670 mille
947 634 1027 670 fere
1060 637 1099 670 et
1130 633 1369 682 quingentos
1400 646 1540 683 passus

104 707 232 742 castra
270 704 320 742 ab
361 705 474 742 hoste
513 705 632 744 locat.
694 705 906 744 Grumenti
938 705 1132 742 moenibus
1164 718 1288 755 prope
1320 705 1584 742 iniunctum3

101 774 315 814 videbatur
359 777 577 816 Poenorum
629 779 801 825 vallum;
857 778 1071 827 quingenti
1122 790 1260 827 passus
1306 777 1540 815 intererant.

103 846 245 885 Castra
269 848 428 887 Punica
458 863 504 887 ac
535 850 718 889 Romana
750 849 1017 888 interiacebat
1049 862 1226 899 campus3
1259 849 1381 886 colles
1413 849 1581 886 immi-4

100 918 252 957 nebant
282 921 381 958 nudi
405 921 569 960 sinistro
594 923 712 960 lateri
737 922 1146 972 Carthaginiensium,
1178 921 1320 959 dext-ro
1337 921 1537 959 Romano-

101 1003 201 1038 rum,
247 993 401 1030 neutris
443 995 636 1044 suspecti,
683 995 791 1045 quod
829 995 931 1032 nihil
971 995 1080 1032 silvae
1121 1007 1250 1044 neque
1292 994 1341 1031 ad
1372 993 1538 1030 insidias

101 1062 348 1101 latebrarum
389 1065 604 1105 habebant.
664 1067 713 1105 In
753 1067 885 1104 medio
924 1080 1063 1116 campo
1095 1065 1145 1102 ab
1178 1065 1419 1103 stationibus
1450 1079 1539 1115 pro·
1560 1065 1583 1102 5

102 1138 306 1173 cursantes
352 1138 571 1176 certamina
615 1139 723 1177 haud
769 1139 866 1177 satis
914 1138 1036 1187 digna
1074 1137 1186 1174 dictu
1227 1138 1422 1174 serebant.
1488 1137 1538 1174 Id

100 1207 218 1245 modo
244 1208 468 1247 Romanum
502 1224 683 1260 quaerere
715 1211 947 1261 apparebat,
978 1223 1026 1247 ne
1059 1209 1168 1247 abire
1199 1209 1351 1246 hostem
1383 1213 1536 1259 patere-

99 1281 183 1325 tur;
227 1279 440 1320 Hannibal
477 1282 571 1320 inde
613 1283 781 1321 evadere
823 1282 987 1332 cupiens
1027 1283 1123 1320 totis
1155 1282 1309 1319 viribus
1340 1282 1379 1318 in
1412 1282 1535 1319 aciem

99 1350 377 1391 descendebat.
433 1354 534 1391 Tum
568 1356 708 1392 consul
739 1355 900 1404 ingenio
931 1354 1058 1392 hostis
1089 1367 1195 1401 usus,
1226 1367 1304 1403 quo
1337 1353 1466 1390 minus
1498 1354 1539 1390 in
1558 1355 1581 1390 6

100 1426 183 1461 tam
207 1426 359 1475 apertis
385 1426 556 1464 collibus
582 1427 716 1465 timeri
738 1427 897 1464 insidiae
920 1429 1118 1477 poterant,
1146 1426 1323 1475 quinque
1341 1426 1536 1472 cohortes,

101 1495 251 1534 additis
283 1499 459 1548 quinque
491 1500 717 1549 manipulis,
747 1502 863 1536 nocte
895 1499 1032 1548 iugum
1065 1512 1254 1548 superare
1286 1501 1324 1535 et
1355 1497 1396 1534 in
1428 1511 1536 1535 aver-

100 1568 152 1605 sis
195 1569 364 1607 collibus
405 1571 613 1609 considere
651 1571 781 1618 iubet,
826 1574 982 1620 tempus
1023 1570 1267 1618 exsurgendi
1299 1583 1346 1606 ex
1380 1569 1580 1606 insidiis7

100 1643 139 1678 et
165 1641 426 1690 aggrediendi
449 1643 603 1681 hostem
621 1643 680 1681 Ti.
699 1642 911 1680 Claudium
930 1642 1115 1680 Asellum
1131 1642 1338 1679 tribunum
1362 1641 1536 1679 militum

100 1715 138 1750 et
169 1712 218 1751 P.
244 1712 454 1751 Claudium
487 1715 719 1765 praefectum
751 1715 903 1752 socium
937 1715 1085 1760 edocet,
1119 1727 1218 1763 quos
1251 1727 1337 1751 cum
1369 1713 1418 1751 iis
1449 1713 1536 1750 mit-

99 1785 220 1822 tebat.
281 1785 375 1836 Ipse
415 1787 503 1825 luce
540 1788 670 1837 prima
709 1787 846 1837 copias
885 1799 1020 1824 omnes
1059 1786 1240 1836 peditum
1279 1786 1581 1835 equitumque8

99 1856 140 1894 in
172 1856 298 1895 aciem
330 1858 482 1899 eduxit.
528 1859 656 1897 Paulo
686 1861 778 1909 post
810 1862 848 1896 et
878 1858 927 1896 ab
950 1858 1185 1896 Hannibale
1209 1858 1365 1907 signum
1390 1871 1535 1908 pugnae

98 1930 347 1979 propositum
379 1934 450 1978 est,
491 1932 719 1982 clamorque
751 1932 793 1969 in
825 1931 967 1969 castris
999 1930 1049 1969 ad
1081 1944 1191 1969 arma
1222 1930 1535 1968 discurrentium

98 2005 159 2040 est
189 2003 391 2050 sublatus3
437 2003 530 2041 inde
571 2017 691 2054 eques
729 2003 931 2054 pedesque
970 2003 1150 2041 certatim
1182 2002 1312 2053 portis
1342 2015 1458 2040 ruere
1490 2015 1535 2038 ac

97 2074 224 2126 palati
254 2088 327 2125 per
359 2088 541 2125 campum
571 2089 790 2126 properare
834 2075 883 2112 ad
921 2076 1067 2113 hostes.
1128 2075 1238 2123 Quos
1279 2074 1351 2112 ubi
1394 2073 1579 2112 effusos9

99 2147 238 2186 consul
269 2147 390 2194 videt,
421 2147 585 2186 tribuno
616 2148 788 2186 militum
818 2148 951 2185 tertiae
982 2147 1151 2197 legionis
1184 2147 1226 2185 C.
1258 2146 1536 2185 Aurunculeio

99 2219 283 2270 imperat,
324 2222 370 2257 ut
408 2220 562 2270 equites
603 2220 785 2270 legionis,
831 2223 981 2270 quanto
1012 2220 1185 2257 maximo
1217 2219 1368 2269 impetu
1398 2218 1537 2268 possit,

99 2291 140 2328 in
162 2291 314 2330 hostem
333 2293 507 2330 emittat:
532 2292 588 2330 ita
614 2305 802 2342 pecorum
827 2292 944 2330 modo
970 2292 1253 2342 incompositos
1280 2294 1365 2329 toto
1392 2290 1540 2340 passim
1561 2289 1612 2325 10

100 2376 141 2401 se
171 2377 310 2414 campo
341 2364 503 2412 fudisse,
534 2367 580 2402 ut
610 2365 734 2402 sterni
765 2363 985 2414 obterique,
1010 2364 1246 2414 priusquam
1271 2364 1534 2408 instruantur,

99 2437 264 2486 possint.
324 2436 511 2475 Nondum
542 2436 750 2474 Hannibal
783 2450 802 2474 e
835 2436 975 2474 castris
1008 2436 1172 2483 exierat,
1205 2449 1326 2485 quum
1356 2447 1536 2485 pugnan-
1624 2428 1682 2477 42

98 2508 200 2546 tium
240 2508 451 2547 clamorem
491 2508 666 2558 audivit3
712 2509 849 2558 itaque
890 2509 1043 2546 excitus
1082 2508 1257 2546 tumultu
1297 2507 1445 2557 raptim
1484 2505 1534 2542 ad

101 2580 255 2618 hostem
284 2581 420 2630 copias
445 2581 542 2630 agit.
590 2581 674 2618 Iam
707 2581 856 2630 primos
882 2582 1146 2630 occupaverat
1171 2580 1368 2629 equestris
1392 2583 1540 2625 terror3
1557 2579 1580 2615 2

100 2651 279 2702 peditum
323 2652 443 2690 etiam
482 2652 611 2703 prima
648 2652 754 2701 legio
795 2656 832 2690 et
870 2652 1012 2690 dextra
1050 2652 1113 2689 ala
1160 2652 1342 2701 proelium
1392 2651 1532 2689 inibat.
