1789 2955
550 110 655 141 Liber
673 110 798 142 XXIV.
839 109 895 152 (A.
924 110 987 142 Ch.
1013 110 1109 153 213.)
1448 112 1532 153 219

119 242 207 279 dari
237 242 359 286 iussa,
393 252 599 290 operaque
631 253 772 278 eorum
803 241 895 277 forti
930 254 978 279 ac
1010 243 1118 279 fideli
1144 254 1325 291 persaepe
1348 254 1410 279 res
1433 243 1533 291 pub-

116 312 192 350 lica
223 324 296 349 usa
327 316 401 348 est.

235 381 369 428 Quum
407 382 549 419 consul
588 382 687 418 alter
723 381 765 418 in
797 382 955 430 Apulia,
995 383 1094 418 alter
1130 383 1171 418 in
1203 382 1378 419 Lucanis
1412 388 1531 426 esset,
1551 381 1603 421 12

118 452 273 500 equites
296 457 457 489 centum
478 451 700 488 duodecim
724 452 882 488 nobiles
906 451 1117 501 Campani,
1140 465 1212 501 per
1233 454 1410 501 speciem
1434 465 1533 501 prae-

120 522 249 558 dandi
273 535 322 559 ex
344 522 519 559 hostium
542 534 642 571 agro
668 521 865 570 permissu
889 522 1194 570 magistratuum
1211 524 1262 559 ab
1282 523 1423 572 Capua
1441 535 1533 571 pro-

117 592 224 637 fecti,
257 593 312 629 ad
343 597 475 629 castra
496 593 697 636 Romana,
731 604 820 640 quae
853 604 972 640 super
994 593 1224 630 Suessulam
1252 599 1378 638 erant,
1412 606 1533 630 vene-

117 667 227 707 runt;
256 662 420 699 stationi
443 662 623 707 militum,
649 662 716 711 qui
734 667 883 706 essent,
903 662 1107 700 dixerunt:
1137 664 1314 712 colloqui
1333 676 1422 701 sese
1442 675 1533 700 cum

115 738 287 782 praetore
310 733 424 770 velle.
473 732 549 770 Cn.
568 733 728 770 Fulvius
751 733 891 770 castris
915 739 1103 782 praeerat;
1132 734 1195 770 cui
1219 734 1285 770 ubi
1304 733 1531 771 nuntiatum
1549 731 1601 771 13

114 809 187 848 est,
215 804 361 840 decem
385 815 434 839 ex
458 815 509 840 eo
533 815 702 840 numero
730 803 846 840 iussis
870 803 1088 840 inermibus
1113 804 1262 841 deduci
1288 805 1343 841 ad
1360 817 1417 848 se,
1448 804 1528 848 ubi,

113 885 202 921 quae
219 873 485 922 postularent,
511 874 663 910 audivit
688 871 800 924 (nihil
825 879 960 910 autem
977 874 1087 910 aliud
1104 875 1311 923 petebant,
1337 888 1458 923 quam
1475 880 1530 918 ut,

117 942 260 992 Capua
271 949 448 992 recepta,
461 944 572 981 bona
585 943 658 981 sibi
671 942 1000 994 restituerentur),
1013 945 1055 981 in
1067 945 1190 981 fidem
1203 957 1346 982 omnes
1359 945 1530 993 accepti.

114 1013 165 1050 Et
190 1014 241 1050 ab
271 1014 398 1050 altero
424 1019 594 1063 praetore
624 1015 865 1063 Sempronio
890 1015 1099 1052 Tuditano
1128 1016 1324 1064 oppidum
1347 1016 1530 1052 Atrinum
1550 1012 1602 1053 14

118 1089 408 1133 expugnatum;
458 1085 628 1133 amplius
676 1097 745 1121 sex
787 1085 909 1122 millia
950 1086 1158 1122 hominurn
1201 1092 1320 1135 capta
1363 1091 1403 1122 et
1445 1086 1531 1123 aeris

113 1154 350 1204 argentique
374 1154 521 1203 signati
543 1155 805 1203 aliquantum.
853 1156 994 1193 Romae
1019 1155 1172 1192 foedum
1194 1157 1430 1193 incendium
1455 1168 1525 1205 per
1545 1152 1596 1192 15

116 1226 218 1262 duas
245 1231 389 1262 noctes
410 1237 458 1262 ac
481 1226 590 1262 diem
616 1238 740 1262 unum
762 1225 902 1262 tenuit.
968 1227 1064 1263 Solo
1088 1232 1246 1274 aequata
1270 1226 1407 1262 omnia
1428 1226 1531 1262 inter

115 1296 272 1333 Salinas
300 1308 349 1333 ac
377 1295 537 1344 portam
565 1295 865 1333 Carmentalem
894 1309 985 1334 cum
1009 1297 1264 1345 AEquimaelio
1287 1296 1530 1345 Iugarioque

112 1366 200 1404 vico
233 1371 273 1404 et
304 1366 462 1415 templis
489 1367 677 1404 Fortunae
710 1379 757 1404 ac
789 1368 926 1404 matris
948 1367 1132 1411 Matutae;
1167 1372 1208 1403 et
1239 1373 1350 1403 extra
1372 1372 1530 1416 portam
1549 1363 1600 1404 16

113 1438 192 1474 late
224 1442 392 1486 vagatus
424 1437 528 1485 ignis
561 1449 675 1474 sacra
708 1438 963 1487 profanaque
995 1439 1118 1474 multa
1151 1438 1387 1486 absumpsit.

230 1506 391 1544 Eodem
423 1520 533 1544 anno
556 1508 599 1545 P.
633 1514 674 1544 et
696 1507 771 1545 Cn.
796 1508 986 1553 Cornelii,
1020 1521 1142 1556 quum
1173 1508 1215 1544 in
1239 1507 1437 1557 Hispania
1466 1521 1529 1544 res
1592 1506 1657 1550 48

112 1590 316 1627 prosperae
340 1584 488 1623 essent,
515 1578 743 1626 multosque
767 1584 807 1615 et
830 1584 985 1615 veteres
1003 1579 1230 1627 reciperent
1247 1579 1382 1615 socios
1401 1584 1441 1614 et
1458 1591 1531 1615 no-

111 1661 184 1686 vos
207 1648 441 1693 adiicerent,
469 1648 511 1684 in
528 1648 705 1685 Africam
724 1661 886 1697 quoque
905 1662 1017 1698 spem
1037 1650 1318 1685 extenderunt.
1367 1649 1528 1697 Syphax
1542 1650 1568 1690 ‘2

112 1724 199 1756 erat
229 1731 298 1755 rex
321 1718 598 1763 Numidarum,
633 1719 765 1756 subito
794 1719 1195 1768 Carthaginiensibus
1228 1719 1356 1755 hostis
1380 1719 1527 1762 factus;

113 1790 168 1826 ad
191 1801 282 1826 eum
307 1789 566 1826 centuriones
590 1794 669 1826 tres
695 1790 852 1838 legatos
877 1790 1082 1834 miserunt,
1112 1791 1178 1838 qui
1203 1802 1294 1826 cum
1324 1801 1374 1825 eo
1393 1789 1566 1829 amici-3

114 1860 210 1897 tiam
242 1859 561 1907 societatemque
594 1859 774 1897 facerent
806 1866 846 1896 et
869 1861 1166 1909 pollicerentur,
1200 1860 1232 1897 si
1254 1865 1531 1908 perseveraret

112 1943 254 1979 urgere
271 1930 378 1967 bello
397 1929 767 1978 Carthaginienses,
792 1937 948 1979 gratam
967 1943 1057 1967 eam
1074 1943 1158 1967 rem
1177 1930 1263 1967 fore
1283 1930 1440 1969 senatui
1458 1943 1531 1979 po·

114 2001 291 2050 puloque
314 2001 517 2044 Romano,
543 2006 583 2037 et
606 2001 833 2046 annisuros,
861 2007 903 2038 ut
926 2001 968 2038 in
992 2006 1175 2050 tempore
1200 2006 1240 2037 et
1263 2001 1368 2036 bene
1395 2013 1531 2037 cumu-

111 2071 233 2108 latam
264 2070 434 2119 gratiam
465 2070 654 2107 referant.
718 2070 845 2108 Grata
877 2084 926 2108 ea
951 2072 1100 2120 legatio
1124 2072 1295 2108 barbaro
1321 2070 1411 2115 fuit3
1447 2071 1567 2112 eol-4

112 2141 350 2188 locutusque
383 2152 474 2178 cum
505 2141 646 2189 legatis
680 2142 733 2177 de
765 2141 922 2179 ratione
955 2142 1047 2178 belli
1068 2141 1255 2190 gerundi,
1289 2147 1331 2177 ut
1353 2147 1529 2177 veterum

113 2211 279 2248 militum
317 2211 438 2247 verba
477 2210 642 2254 audivit,
684 2224 805 2259 quam
842 2213 1053 2249 multarum
1086 2224 1216 2248 rerum
1248 2211 1335 2260 ipse
1368 2212 1530 2260 ignarus

114 2287 234 2326 esset,
268 2294 317 2318 ex
349 2281 655 2330 comparatione
685 2287 767 2318 tam
790 2282 988 2320 ordinatae
1012 2282 1234 2331 disciplinae
1257 2283 1435 2318 animum
1459 2283 1530 2318 ad-

114 2352 241 2389 vertit.
291 2352 397 2388 Tum
420 2352 602 2400 primum,
628 2357 673 2388 ut
696 2364 769 2400 pro
794 2353 912 2389 bonis
930 2366 978 2390 ac
996 2353 1180 2390 fidelibus
1198 2353 1318 2390 sociis
1338 2353 1529 2396 facerent,
1545 2352 1571 2389 ἴ)

116 2422 256 2467 oravit,
282 2428 324 2459 ut
345 2423 429 2458 duo
453 2422 698 2470 legationem
722 2422 918 2459 referrent
940 2424 994 2459 ad
1011 2424 1275 2472 imperatores
1293 2435 1401 2466 suos,
1429 2434 1530 2459 unus

114 2493 225 2541 apud
249 2505 339 2530 sese
363 2493 553 2541 magister
575 2493 631 2529 rei
649 2492 827 2530 militaris
844 2493 1065 2530 resisteret:
1092 2494 1233 2529 rudem
1252 2494 1306 2528 ad
1323 2492 1529 2541 pedestria

115 2563 220 2600 bella
236 2562 500 2600 Numidarum
523 2569 686 2612 gentem
713 2575 816 2608 esse,
843 2564 956 2611 equis
979 2568 1135 2600 tantum
1159 2563 1353 2606 habilem;
1380 2563 1434 2598 ita
1451 2563 1529 2599 iam
1545 2562 1570 2602 6

115 2632 211 2669 inde
239 2645 262 2669 a
289 2633 493 2682 principiis
519 2633 652 2682 gentis
684 2633 858 2670 maiores
885 2646 980 2670 suos
1008 2634 1112 2669 bella
1138 2633 1327 2681 gessisse,
1361 2633 1416 2669 ita
1440 2645 1483 2669 se
1507 2646 1531 2670 a
