1768 2943
269 97 294 137 2
750 117 753 121 «
866 95 970 126 Liber
996 95 1088 126 XXI.

269 227 341 263 sub
358 231 563 263 recentem
578 226 807 262 Romanam
824 238 981 274 pacem,
1000 239 1071 275 per
1088 227 1266 275 quinque
1284 239 1429 272 annos,
1455 227 1511 263 ita
1529 228 1681 264 deinde

228 296 414 335 Quovem
447 296 564 333 annis
595 296 637 332 in
655 295 854 344 Hispania
886 297 1079 344 augendo
1097 297 1250 334 Punico
1282 298 1451 346 imperio
1477 298 1616 346 gessit,
1642 304 1685 334 ut

268 372 494 416 appareret,
526 366 655 402 maius
682 378 786 410 eum,
820 378 941 414 quam
966 368 1079 414 quod
1098 374 1268 416 gereret,
1303 368 1455 416 agitare
1479 368 1520 403 in
1546 369 1683 405 animo

268 438 427 482 bellum,
462 443 514 482 et,
549 436 580 472 si
613 436 762 472 diutius
793 436 967 481 vixisset,
1000 437 1230 474 Hamilcare
1264 439 1368 474 duce
1387 438 1538 474 Poenos
1573 450 1684 474 arma

267 508 389 545 Italiae
421 508 600 544 illaturos
634 507 769 550 fuisse,
804 519 892 554 quae
924 506 1165 544 Hannibalis
1199 509 1322 544 ductu
1355 509 1585 544 intulerunt.

227 576 252 614 3
385 578 497 614 Mors
529 577 769 613 Hamilcaris
808 579 1113 626 peropportuna
1153 584 1193 614 et
1231 579 1400 626 pueritia
1440 578 1681 615 Hannibalis

269 649 507 684 distulerunt
528 648 689 683 bellum.
737 647 898 683 Medius
916 647 1148 684 Hasdrubal
1172 649 1274 685 inter
1297 655 1453 697 patrem
1486 660 1534 685 ac
1563 649 1683 684 filium

269 723 363 755 octo
397 718 522 754 ferme
554 729 686 754 annos
718 718 928 766 imperium
954 718 1138 761 obtinuit,
1164 719 1263 754 flore
1289 719 1428 763 aetatis,
1460 719 1515 754 uti
1539 719 1682 763 ferunt,

226 787 396 836 4p1·imo
430 788 648 824 Hamilcari
681 788 930 832 conciliatus,
963 800 1090 837 gener
1121 788 1218 824 inde
1259 789 1311 825 ob
1345 789 1463 824 aliam
1502 789 1682 825 indolem

269 858 454 906 profecto
486 858 609 894 animi
641 859 820 895 adscitus
854 864 905 901 et,
939 859 1034 906 quia
1064 871 1190 906 gener
1222 864 1326 902 erat,
1367 859 1554 895 factionis
1587 859 1683 895 Bar-

269 929 368 965 cinae
391 929 550 977 opibus,
573 940 663 976 quae
690 929 802 977 apud
822 929 966 964 milites
987 929 1228 976 plebemque
1251 929 1339 977 plus
1363 941 1484 977 quam
1510 930 1682 966 modicae

269 1005 396 1043 erant,
429 999 540 1035 haud
572 1011 671 1035 sane
702 999 909 1035 voluntate
941 999 1179 1047 principum,
1222 999 1264 1035 in
1302 999 1471 1047 imperio
1513 1000 1682 1047 positus.

228 1068 305 1107 513
338 1069 451 1117 plura
483 1069 653 1106 consilio
686 1082 807 1117 quam
839 1070 875 1105 vi
907 1081 1066 1118 gerens,
1101 1069 1285 1118 hospitiis
1307 1069 1436 1118 magis
1454 1071 1682 1118 regulorum

269 1139 618 1187 conciliandisque
642 1152 714 1188 per
737 1140 955 1176 amicitiam
972 1140 1197 1188 principum
1217 1140 1333 1176 novis
1356 1140 1544 1188 gentibus
1562 1152 1683 1188 quam

229 1209 375 1248 ssbello
409 1215 478 1246 aut
509 1211 628 1246 armis
660 1222 744 1246 rem
762 1210 1141 1258 Carthaginiensem
1166 1210 1287 1246 auxit.
1337 1209 1525 1246 Ceterum
1557 1211 1682 1247 nihilo

270 1280 306 1315 ei
338 1293 417 1329 pax
449 1281 569 1317 tutior
594 1280 683 1325 fuit;
710 1281 903 1316 barbarus
921 1292 1012 1316 eum
1030 1279 1196 1327 quidam
1213 1280 1347 1328 palam
1365 1281 1418 1316 ob
1442 1280 1541 1316 iram
1562 1281 1684 1317 inter-

272 1350 363 1386 fecti
395 1351 446 1386 ab
480 1363 530 1387 eo
571 1352 727 1387 domini
766 1352 1000 1395 obtruncat;
1041 1362 1386 1399 comprensusque
1425 1352 1476 1387 ab
1517 1351 1683 1387 circum-

271 1421 468 1457 stantibus
485 1421 595 1457 haud
619 1422 712 1465 alio,
734 1433 855 1469 quarn
873 1422 905 1457 si
923 1421 1128 1465 evasisset,
1148 1421 1267 1464 vultu,
1294 1422 1503 1457 tormentis
1522 1433 1686 1469 quoque

271 1503 393 1538 quum
424 1492 679 1535 laceraretur,
713 1503 763 1527 eo
798 1491 870 1527 fuit
902 1492 1039 1528 habitu
1073 1491 1176 1534 oris,
1216 1496 1259 1526 ut
1297 1496 1512 1539 superante
1551 1492 1686 1528 laetitia

231 1561 251 1599 ἶ
271 1562 436 1598 dolores
467 1562 636 1598 ridentis
669 1563 789 1598 etiam
823 1564 1001 1611 Speciem
1015 1562 1241 1612 praebuerit.
1288 1561 1389 1597 Cum
1408 1562 1486 1598 hoc
1503 1561 1686 1598 Hasdru-

271 1632 374 1676 bale,
407 1633 501 1679 quia
525 1633 634 1668 mirae
661 1633 754 1668 artis
778 1633 818 1668 in
844 1631 1107 1668 sollicitandis
1124 1632 1312 1680 gentibus
1336 1632 1586 1680 imperioque
1611 1644 1684 1668 suo

270 1703 486 1751 iungendis
519 1702 660 1747 fuerat,
696 1702 829 1739 foedus
861 1708 1126 1738 renovaverat
1166 1703 1340 1751 populus
1372 1703 1602 1746 Romanus,
1643 1707 1686 1738 ut

271 1773 358 1809 finis
376 1773 580 1820 utriusque
597 1773 752 1821 imperii
778 1778 885 1809 esset
909 1773 1039 1809 amnis
1057 1772 1245 1817 Hiberus,
1265 1772 1578 1821 Saguntinisque
1602 1784 1685 1808 me-

270 1843 347 1879 diis
379 1844 481 1879 inter
512 1843 681 1891 imperia
713 1844 885 1879 duorum
919 1843 1162 1891 populorum
1194 1843 1355 1879 libertas
1389 1848 1624 1879 servaretur.

391 1913 437 1949 In
446 1913 713 1949 Hasdrubalis
726 1913 858 1949 locum
868 1913 978 1948 haud
989 1913 1112 1948 dubia
1125 1925 1188 1949 res
1202 1913 1286 1957 suit,
1306 1913 1402 1961 quin
1419 1912 1686 1961 praerogativa

271 1985 461 2027 militaris,
496 1996 575 2031 qua
608 1984 809 2031 extemplo
842 1983 996 2019 iuvenis
1014 1982 1220 2019 Hannibal
1253 1984 1293 2019 in
1320 1983 1549 2031 praetorium
1574 1983 1685 2019 dela-

272 2062 332 2091 tus
350 2055 649 2102 imperatorque
665 2053 820 2101 ingenti
838 2053 1018 2088 omnium
1035 2053 1211 2089 clamore
1229 2059 1350 2100 atque
1363 2064 1532 2089 assensu
1547 2054 1685 2101 appel-

231 2122 372 2161 2latus
405 2125 563 2168 erat,³⁶³⁶
596 2124 709 2160 favor
737 2123 865 2172 plebis
898 2123 1153 2170 sequebatur.
1217 2122 1338 2159 Hunc
1370 2123 1531 2159 vixdum
1559 2124 1685 2171 pube·

272 2207 354 2231 rem
372 2194 603 2230 Hasdrubal
635 2194 773 2229 litteris
799 2194 852 2229 ad
877 2205 919 2229 se
944 2194 1197 2237 accersierat,
1223 2199 1396 2240 actaque
1420 2205 1482 2230 res
1501 2194 1622 2230 etiam
1643 2194 1684 2230 in

272 2270 414 2300 senatu
448 2264 588 2300 fuerat.
628 2263 809 2300 Barcinis
826 2263 1058 2306 nitentibus,
1077 2268 1120 2298 ut
1138 2269 1389 2299 assuesceret
1405 2264 1554 2300 militiae
1571 2263 1684 2300 Han-

231 2332 256 2369 >3
272 2334 380 2370 nibal
398 2339 518 2381 atque
542 2335 583 2369 in
600 2339 790 2381 paternas
809 2334 1048 2370 succederet
1066 2345 1179 2381 opes,
1213 2332 1379 2377 Hanno,
1413 2334 1574 2370 alterius
1602 2333 1684 2371 fac-

272 2404 392 2441 tionis
424 2405 625 2452 princeps,
664 2403 740 2439 «Et
772 2415 929 2451 aequum
962 2403 1166 2451 postulare
1198 2403 1378 2438 videtur>
1405 2404 1533 2451 inquit
1554 2404 1684 2441 «Has-

273 2474 427 2520 drubal,
462 2480 502 2510 et
533 2485 611 2522 ego
644 2479 780 2509 tamen
812 2485 896 2509 non
922 2485 1085 2517 censeo,
1110 2473 1223 2520 quod
1244 2473 1357 2521 petit,
1381 2474 1678 2512 tribuendum.»

231 2542 257 2580 4
274 2546 407 2588 Quum
439 2544 709 2579 admiratione
733 2549 814 2579 tam
839 2543 1024 2591 ancipitis
1049 2544 1259 2580 sententiae
1280 2545 1321 2579 in
1347 2555 1390 2580 se
1415 2555 1557 2580 omnes
1586 2556 1684 2581 con-

274 2614 467 2658 vertisset,
505 2614 689 2650 «Florem
707 2614 860 2651 aetatis»
881 2614 1010 2660 inquit
1032 2613 1301 2657 «Hasdrubal,
1327 2625 1446 2661 quem
1470 2614 1557 2662 ipse
1580 2614 1682 2662 patri
