1789 2955
304 92 382 128 124
680 86 796 122 Liber
821 85 1011 121 XXVIII.
1062 87 1122 130 (A.
1149 99 1183 120 u.
1211 98 1239 121 c.
1265 88 1362 131 547.)

254 216 278 251 8
297 216 338 252 in
369 227 527 252 murum
559 214 874 252 extraherentur.
934 213 1052 261 Quod
1082 213 1152 251 ubi
1183 213 1467 252 animadvertit
1498 211 1647 264 Scipio,
1676 214 1735 251 ni-

301 287 378 324 mia
416 286 618 336 paucitate
657 298 818 324 suorum
857 288 1108 335 exaequatum
1140 288 1338 322 certamen
1371 298 1467 332 esse,
1512 289 1552 323 et
1582 286 1660 323 iam
1692 298 1737 324 eo

302 370 491 407 superare
522 358 689 404 hostem,
720 357 828 406 quod
859 371 906 394 ex
935 370 1048 394 muro
1080 360 1291 406 pugnaret,
1322 357 1478 394 duabus
1505 357 1625 394 simul
1647 370 1736 406 par-

259 431 281 466 9
301 430 422 477 tibus,
452 430 584 479 prima
613 432 786 477 recepta,
817 430 955 467 urbem
987 431 1046 466 est
1077 440 1300 476 aggressus.
1361 428 1459 475 Quae
1489 441 1552 465 res
1583 431 1739 465 tantum

300 502 461 551 pavoris
492 500 630 538 iniecit
660 500 775 538 fessis
806 500 885 538 iam
917 514 1004 538 cum
1035 500 1177 550 primis
1208 499 1436 549 pugnando,
1477 503 1524 537 ut
1553 502 1594 537 et
1624 500 1738 550 oppi-

302 573 396 611 dani
429 573 576 610 moenia
598 572 812 621 repentina
835 572 931 622 fuga
954 571 1196 618 desererent,
1229 574 1268 608 et
1283 570 1483 608 Punicum
1507 571 1739 622 praesidium

300 650 419 692 metu,
450 658 499 682 ne
529 643 691 694 prodita
722 644 816 680 urbs
850 647 964 690 esset,
1000 643 1155 680 relictis
1186 644 1426 681 stationibus
1457 643 1498 680 in
1529 656 1652 680 unum
1683 643 1739 680 lo-

231 717 280 753 lO
298 730 386 754 cum
417 730 457 754 se
490 716 714 765 colligeret.
776 715 913 753 Timor
944 715 1038 752 inde
1071 715 1293 765 oppidanos
1317 715 1490 761 incessit,
1520 728 1580 761 ne,
1611 715 1644 752 si
1669 714 1738 752 ho-

300 789 371 826 stis
416 788 557 825 urbem
598 787 820 834 intrassetj
846 788 929 824 sine
969 786 1209 834 discrimine,
1256 786 1405 825 Poenus
1444 800 1495 824 an
1533 786 1740 836 Hispanus

228 861 276 896 11
299 864 421 907 esset,
467 860 578 898 obvii
622 859 773 910 passim
819 859 1089 905 eaederentu1'3
1135 859 1282 908 itaque,
1328 859 1530 909 patefacta
1572 861 1737 908 repente

299 935 428 982 porta,
472 932 702 981 frequentes
749 945 795 968 ex
843 930 993 980 oppido
1039 944 1124 968 sese
1169 931 1383 977 eiecerunt,
1429 933 1540 968 scuta
1579 943 1663 980 prae
1699 943 1741 967 se

299 1007 493 1051 tenentes,
538 1016 588 1040 ne
626 1004 709 1041 tela
739 1003 878 1053 procul
910 1003 1214 1050 conficerentur,
1260 1002 1422 1040 dextras
1452 1002 1580 1039 nudas
1610 1005 1739 1040 osten-

229 1076 276 1112 12
299 1079 444 1122 tantes,
488 1079 534 1113 ut
574 1075 729 1125 gladios
769 1075 962 1112 abiecisse
993 1077 1215 1124 appareret.
1274 1074 1325 1111 Id
1355 1077 1491 1111 utrum
1522 1087 1663 1123 parum
1693 1087 1741 1111 ex

302 1148 518 1185 intervallo
551 1147 605 1185 sit
638 1150 905 1197 conspectum,
950 1160 1001 1184 an
1043 1146 1159 1184 dolus
1190 1146 1338 1196 aliquis
1370 1149 1577 1196 suspectus
1607 1146 1740 1193 fuerit,

300 1220 592 1268 incompertum
632 1223 712 1265 est;
758 1219 929 1268 impetus
970 1218 1132 1255 hostilis
1172 1219 1214 1255 in
1251 1219 1481 1267 transfugas
1511 1219 1638 1255 factus
1668 1231 1740 1255 nec

227 1292 276 1328 13
298 1304 411 1328 secus
444 1304 562 1340 quam
594 1291 763 1329 adversa
795 1291 899 1328 acies
931 1291 1040 1337 caesi,
1073 1290 1290 1340 eademque
1321 1293 1438 1340 porta
1462 1290 1576 1339 signa
1598 1289 1741 1327 infesta

298 1363 389 1401 urbi
430 1363 556 1402 illata.
618 1363 672 1401 Et
710 1363 802 1400 aliis
841 1363 1023 1412 partibus
1062 1362 1269 1400 securibus
1311 1362 1570 1411 dolabrisque
1617 1361 1740 1398 caede-

298 1435 446 1472 bantur
493 1438 532 1472 et
576 1435 902 1484 refringebantur
947 1438 1085 1484 portae,
1131 1436 1170 1471 et
1214 1437 1260 1471 ut
1305 1434 1475 1483 quisque
1520 1434 1742 1471 intraverat

300 1521 431 1557 eques,
478 1508 529 1545 ad
565 1507 696 1544 forum
729 1506 1005 1556 occupandum
1036 1506 1113 1553 (ita
1143 1506 1249 1542 enim
1280 1510 1523 1555 praeceptum
1556 1507 1656 1556 erat)
1688 1505 1739 1542 ci-

232 1579 282 1615 14
300 1582 384 1616 tato
410 1592 513 1628 equo
544 1579 751 1629 pergebat.
814 1578 1014 1616 Additum
1047 1580 1299 1615 caetratorum
1330 1578 1460 1627 equiti
1489 1577 1740 1627 praesidium;

297 1651 512 1699 legionarii
546 1655 698 1689 ceteras
722 1654 857 1700 partes
883 1649 997 1687 urbis
1020 1649 1256 1699 pervadunt.
1301 1649 1544 1699 Direptione
1568 1653 1607 1686 et
1632 1650 1740 1687 caede

225 1722 273 1758 15
299 1723 522 1770 obviorum,
552 1723 631 1760 nisi
663 1723 732 1772 qui
763 1722 884 1760 armis
915 1735 955 1758 se
981 1722 1212 1768 tuebantur,
1236 1722 1527 1760 abstinuerunt.
1574 1721 1739 1759 Cartha-

299 1795 498 1844 ginienses
530 1808 665 1832 omnes
696 1794 737 1831 in
770 1793 994 1831 custodiam
1018 1793 1103 1830 dati
1129 1796 1233 1840 sunt,
1264 1794 1557 1844 oppidanorum
1580 1807 1739 1843 quoque

296 1867 468 1904 trecenti
499 1866 634 1913 ferme,
666 1866 735 1916 qui
768 1866 995 1903 clauserant
1023 1868 1178 1915 portas;
1226 1866 1369 1903 ceteris
1400 1866 1596 1903 traditum
1628 1866 1738 1915 o‘ppi-

226 1938 274 1974 16
295 1939 402 1985 dum,
438 1951 518 1976 suae
550 1937 719 1975 redditae
750 1950 825 1976 res.
887 1936 1078 1975 Cecidere
1110 1937 1151 1974 in
1182 1937 1296 1975 urbis
1327 1937 1413 1975 eius
1440 1938 1739 1988 oppugnatione

295 2010 469 2048 hostium
494 2010 572 2048 duo
598 2010 727 2048 millia
751 2010 886 2056 ferme,
903 2009 1175 2047 Romanorum
1195 2008 1304 2046 haud
1320 2009 1493 2059 amplius
1509 2009 1738 2058 nonaginta.

407 2081 521 2119 Laeta
559 2085 598 2119 et
636 2082 749 2132 ipsis,
794 2081 863 2131 qui
903 2095 987 2119 rem
1020 2094 1188 2130 gessere,
1234 2082 1347 2119 urbis
1379 2082 1462 2118 eius
1494 2082 1738 2131 expugnatio

295 2153 370 2191 fuit
403 2156 443 2191 et
472 2154 707 2203 imperatori
732 2157 945 2203 ceteroque
971 2153 1183 2199 exercitui3
1215 2157 1254 2191 et
1277 2153 1498 2203 speciosum
1523 2153 1735 2191 adventum

297 2238 422 2273 suum,
453 2226 656 2274 ingentem
688 2225 848 2262 turbam
880 2226 1128 2275 captivorum
1160 2238 1242 2275 prae
1274 2239 1314 2263 se
1341 2228 1517 2274 agentes,
1547 2225 1737 2262 fecerunt.

251 2297 273 2332 2
293 2296 444 2347 Scipio,
491 2297 719 2335 collaudato
767 2298 901 2344 fratre,
948 2311 1080 2346 quum,
1127 2300 1275 2347 quanto
1320 2300 1478 2347 poterat
1522 2296 1735 2335 verborum

294 2369 466 2417 honore,
513 2369 748 2418 Carthagini
794 2368 843 2405 ab
891 2381 931 2405 se
977 2373 1102 2418 captae
1149 2373 1306 2419 captam
1352 2370 1402 2407 ab
1448 2382 1492 2406 eo
1539 2368 1734 2418 Orongim

252 2441 274 2477 3
293 2444 502 2491 aequasset,
548 2442 642 2491 quia
673 2444 713 2478 et
745 2441 869 2478 hiems
901 2439 1086 2487 instabat,
1132 2444 1178 2477 ut
1208 2455 1279 2478 nec
1308 2444 1464 2478 tentare
1497 2438 1630 2477 Gades
1660 2452 1734 2477 nec

297 2513 510 2551 disiectum
539 2513 687 2563 passim
720 2525 790 2562 per
821 2511 1070 2561 provinciam
1097 2514 1315 2550 exercitum
1340 2511 1610 2550 Hasdrubalis
1641 2525 1733 2549 con·

295 2585 438 2622 sectari
479 2589 627 2634 posset,
674 2585 715 2621 in
758 2583 987 2622 citeriorem
1018 2583 1257 2633 Hispaniam
1297 2597 1431 2622 onmes
1469 2596 1559 2622 suas
1597 2583 1733 2633 copias

252 2657 275 2693 4
296 2656 477 2702 reduxit;
508 2656 760 2705 dimissisque
793 2656 834 2693 in
865 2654 1034 2692 hiberna
1066 2655 1304 2704 legionibus,
1329 2656 1375 2695 L.
1395 2654 1583 2705 Scipione
1608 2655 1731 2692 fratre
