1768 2943
537 85 642 115 Liber
667 85 779 116 xxii.
824 84 878 128 (A.
907 86 970 117 ch.
997 85 1092 129 216.)
1455 88 1508 129 97

95 219 266 252 structos
299 214 453 258 condit,
487 215 627 250 dextra
660 215 828 263 equites,
862 215 1153 264 impedimenta
1185 230 1255 265 per
1287 219 1511 255 convallem

94 284 271 320 mediam
291 284 476 328 traducit,
503 290 544 320 ut
562 285 798 333 diripiendis
816 286 922 322 velut
945 287 1116 322 desertis
1140 286 1235 335 fuga
1253 289 1512 325 dominorum
1525 287 1549 327 8

94 355 233 391 castris
266 360 507 402 occupatum
539 355 858 404 impeditumque
883 357 1042 392 hostem
1068 357 1325 405 opprimeret.
1375 357 1553 397 Crebri9

93 425 217 461 relicti
249 425 289 461 in
323 426 461 462 castris
493 426 622 474 ignes,
656 430 698 461 ut
727 425 827 462 fides
852 426 975 471 fieret,
1003 428 1099 463 dum
1124 427 1211 475 ipse
1236 428 1395 476 longius
1422 440 1513 477 spa-

94 496 190 532 tium
223 495 318 544 fuga
342 496 589 544 praeciperet,
624 495 724 532 falsa
750 496 926 545 imagine
951 502 1185 541 castrorum,
1220 497 1321 534 sicut
1344 498 1513 534 Fabium

93 566 225 615 priore
253 577 362 602 anno
388 566 596 602 frustratus
621 571 741 610 esset,
769 571 907 603 tenere
930 568 970 603 in
995 568 1093 604 locis
1119 568 1306 604 consules
1324 568 1511 605 voluisse.

93 636 173 673 Ubi
196 636 330 680 illuxit,
366 637 573 672 subductae
597 635 726 683 primo
751 637 961 681 stationes,
989 638 1141 674 deinde
1165 638 1331 687 propius
1357 639 1511 674 adeun—
1574 634 1638 677 42

94 707 198 743 tibus
223 706 428 743 insolitum
454 705 653 742 silentium
671 706 981 743 admirationem
1007 708 1115 744 fecit.
1165 708 1269 744 Tum
1288 709 1384 745 satis
1403 721 1512 745 com·
1526 706 1551 746 2

92 782 206 825 perta
224 776 441 813 solitudine
457 777 498 812 in
518 776 669 820 castris,
700 789 920 813 concursus
945 777 986 814 fit
1011 779 1065 814 ad
1089 779 1276 826 praetoria
1302 779 1512 815 consulum

92 847 360 883 nuntiantium
394 846 530 895 fugam
563 846 736 882 hostium
771 848 878 883 adeo
912 849 1125 896 trepidam,
1169 853 1211 885 ut
1243 849 1512 885 tabernaculis

92 917 290 954 stantibus
313 922 444 954 castra
466 917 710 964 reliquerint,
736 929 899 965 quoque
924 918 1018 967 fuga
1043 919 1252 955 obscurior
1275 924 1394 957 esset.
1430 931 1513 955 cre-

92 989 187 1024 bros
220 988 340 1024 etiam
372 987 533 1024 relictos
565 987 693 1035 ignes.
744 987 906 1024 Clamor
929 989 1026 1025 inde
1053 994 1177 1032 ortus,
1213 994 1254 1024 ut
1279 989 1395 1037 signa
1420 987 1550 1037 pro-3

94 1058 184 1094 ferri
201 1059 384 1094 iuberent
402 1058 678 1105 ducerentque
697 1059 750 1094 ad
776 1060 1086 1107 persequendos
1105 1060 1244 1096 hostes
1263 1071 1311 1095 ac
1330 1059 1513 1107 protinus

93 1134 225 1166 castra
238 1128 481 1176 diripienda.
516 1127 566 1164 Et
579 1129 720 1164 consul
734 1129 833 1164 alter
843 1130 949 1165 velut
962 1141 1064 1165 unus
1078 1130 1202 1165 turbae
1216 1129 1394 1165 militaris
1408 1133 1511 1171 erat;

92 1199 238 1235 Paulus
256 1199 377 1234 etiam
390 1203 510 1246 atque
524 1198 644 1234 etiam
659 1198 794 1235 dicere
807 1200 1106 1248 providendum
1120 1200 1512 1248 praecavendumque
1525 1196 1552 1236 4

93 1281 182 1306 esse
194 1281 202 1313 ;
218 1274 440 1318 postremo,
452 1280 572 1316 quum
583 1268 696 1304 aliter
707 1282 840 1317 neque
851 1270 1095 1306 seditionem
1104 1282 1239 1318 neque
1251 1271 1397 1306 ducem
1407 1269 1512 1305 sedi-

92 1340 213 1377 tionis
231 1339 427 1376 sustinere
444 1343 597 1387 posset,
616 1338 788 1375 Marium
807 1340 1003 1376 Statilium
1022 1340 1256 1388 praefectum
1275 1352 1364 1376 cum
1383 1344 1510 1375 turma

92 1410 259 1447 Lucana
285 1409 535 1458 exploratum
561 1409 692 1445 mittit.
743 1409 821 1455 Qui
847 1410 914 1446 ubi
942 1410 1191 1458 adequitavit
1214 1409 1353 1458 portis,
1386 1407 1553 1447 subsi-5

93 1488 197 1518 stere
223 1485 333 1517 extra
357 1480 606 1516 munimenta
631 1480 775 1516 ceteris
799 1480 929 1525 iussis,
962 1481 1050 1529 ipse
1075 1492 1164 1517 cum
1192 1480 1353 1516 duobus
1373 1479 1514 1527 equiti-

93 1552 167 1588 bus
192 1551 336 1587 vallum
359 1549 532 1594 intravit,
566 1550 877 1598 speculatusque
903 1551 1040 1588 omnia
1065 1563 1155 1587 cum
1179 1562 1274 1586 cura
1298 1550 1512 1593 renuntiat,

92 1621 261 1658 insidias
289 1620 475 1669 profecto
500 1631 610 1663 esse;
643 1619 759 1668 ignes
791 1621 833 1657 in
857 1626 970 1669 parte
995 1625 1230 1663 castrorum,
1261 1631 1349 1667 quae
1373 1617 1551 1667 vergatss

94 1693 148 1728 ad
181 1693 353 1734 hostem,
394 1690 575 1733 relictos;
616 1690 878 1727 tabernacula
918 1695 1057 1739 aperta
1097 1694 1137 1726 et
1176 1689 1313 1725 omnia
1347 1701 1441 1725 cara
1473 1689 1514 1724 in

93 1766 282 1810 promptu
314 1761 470 1804 relicta;
505 1765 716 1808 argentum
750 1761 991 1808 quibusdam
1024 1760 1123 1796 locis
1156 1764 1307 1795 temere
1332 1771 1403 1807 per
1428 1759 1511 1794 vias

94 1833 203 1868 velut
233 1831 436 1868 obiectum
469 1830 524 1866 ad
555 1830 735 1878 praedam
763 1831 926 1867 vidisse.
990 1830 1091 1875 Quae
1116 1830 1170 1865 ad
1195 1829 1464 1864 deterrendos
1490 1826 1550 1866 a?

94 1902 316 1951 cupiditate
340 1900 498 1936 animos
521 1900 705 1936 nuntiata
728 1906 855 1945 erant,
882 1913 931 1936 ea
956 1900 1244 1943 accenderunt,
1272 1903 1312 1934 et
1338 1898 1514 1934 clamore

95 1977 185 2008 orto
218 1984 242 2008 a
273 1971 474 2014 militibus,
508 1970 548 2006 ni
574 1970 732 2018 signum
758 1972 887 2015 detur,
916 1970 1002 2007 sine
1027 1969 1196 2005 ducibus
1220 1968 1360 2012 ituros,
1387 1967 1515 2003 haud-

95 2054 299 2090 quaquam
324 2042 405 2077 dux
429 2040 576 2083 defuit;
609 2053 705 2076 nam
734 2041 937 2089 extemplo
956 2040 1085 2076 Varro
1112 2039 1271 2087 signum
1289 2038 1405 2073 dedit
1422 2049 1514 2085 pro—

95 2111 317 2148 ficiscendi.
365 2111 524 2155 Paulus,
552 2123 675 2159 quum
699 2110 735 2147 ei
761 2123 832 2147 sua
850 2114 997 2159 sponte
1016 2109 1222 2146 cunctanti
1239 2108 1335 2156 pulli
1353 2118 1516 2155 quoque
1534 2105 1559 2147 8

95 2181 277 2229 auspicio
309 2193 394 2218 non
426 2181 693 2226 addixissent,
726 2180 900 2216 nuntiari
931 2180 1011 2216 iam
1044 2179 1225 2215 efferenti
1258 2182 1377 2225 porta
1401 2176 1517 2224 signa

96 2251 263 2299 collegae
294 2250 421 2287 iussit.
470 2250 596 2295 Quod
621 2262 854 2298 quanquam
871 2249 1001 2285 Varro
1028 2260 1133 2296 aegre
1157 2252 1219 2284 est
1242 2259 1398 2296 passus,
1425 2247 1511 2282 Fla·
1528 2244 1553 2285 9

96 2319 207 2355 minii
238 2325 377 2356 tamen
407 2331 550 2356 recens
584 2331 701 2355 casus
729 2318 969 2367 Claudiique
996 2318 1173 2355 consulis
1204 2317 1334 2366 primo
1362 2316 1516 2352 Punico

96 2389 204 2424 bello
235 2393 460 2425 memorata
483 2388 636 2424 navalis
662 2389 801 2425 clades
825 2388 1063 2436 religionem
1081 2387 1217 2423 animo
1235 2386 1414 2422 incussit.
1465 2384 1517 2420 Di
1536 2382 1590 2423 10

96 2469 226 2506 prope
257 2458 333 2506 ipsi
356 2469 406 2494 eo
431 2458 499 2494 die
524 2457 653 2505 magis
678 2458 868 2494 distulere
893 2469 1014 2505 quam
1039 2456 1282 2505 prohibuere
1303 2454 1517 2490 imminen-

97 2531 178 2563 tem
210 2532 367 2575 pestem
391 2527 607 2570 Romanis;
641 2539 737 2563 nam
770 2527 873 2563 forte
896 2526 951 2562 ita
979 2525 1124 2569 evenit,
1148 2524 1208 2569 ut,
1234 2535 1356 2572 quum
1381 2522 1518 2558 referri

98 2596 216 2644 signa
254 2596 297 2633 in
334 2601 465 2634 castra
503 2596 657 2632 iubenti
696 2596 852 2632 consuli
884 2595 1029 2632 milites
1061 2606 1146 2630 non
1178 2597 1378 2642 parerent,
1419 2590 1586 2630 servill

171 2659 271 2685 Livius
294 2669 328 2685 ex
349 2668 406 2686 rec.
426 2660 581 2693 Madvigii.
619 2660 669 2687 111.
1216 2659 1235 2692 7
