1789 2955
242 105 323 146 182
660 106 764 137 Liber
788 107 913 138 xxtv.
948 106 1004 149 (A.
1030 118 1059 138 u.
1084 118 1112 139 e.
1134 107 1229 150 540.)

169 233 222 274 12
237 236 291 271 ad
316 248 439 279 arma,
474 247 608 284 quum,
643 237 710 285 qui
734 237 773 274 in
797 237 976 276 Ianiculo
1001 245 1149 283 essent,
1183 246 1382 288 negarent
1409 253 1651 290 quemquam

169 303 290 344 l3ibi
315 312 458 354 praeter
483 313 668 343 assuetos
694 308 806 344 collis
832 308 916 345 eius
940 309 1113 345 cultores
1138 311 1386 358 apparuisse.
1436 311 1534 350 Haec
1560 325 1651 361 pro-

236 376 346 424 digia
390 376 530 413 hostiis
572 377 790 414 maioribus
834 385 1049 427 procurata
1088 385 1181 416 sunt
1219 393 1267 416 ex
1305 381 1559 430 haruspicum
1591 395 1651 419 re-

236 457 404 494 sponso,
429 452 469 482 et
492 447 732 495 supplicatio
752 448 938 485 omnibus
957 449 1058 493 deis,
1084 461 1253 497 quorum
1271 451 1493 499 pulvinaria
1511 453 1651 490 Romae

235 521 384 560 essent,
417 517 571 553 indicta
604 523 677 554 est.

145 582 170 626 ΙΙ
350 588 607 636 Perpetratis,
627 600 716 636 quae
729 589 783 624 ad
795 600 938 637 pacem
952 589 1074 625 deum
1087 590 1356 637 pertinebant,
1372 593 1424 627 de
1437 604 1478 628 re
1491 593 1651 641 publica

236 657 423 705 belloque
446 659 644 706 gerendo,
671 664 712 694 et
735 664 928 706 quantum
947 659 1154 707 copiarum
1173 667 1211 696 et
1229 661 1295 696 ubi
1314 673 1483 710 quaeque
1501 671 1650 706 essent,

198 726 222 766 2
237 728 487 764 consulesad
497 733 681 765 senatum
691 729 937 765 rettulerunt.
969 729 1649 780 Duodevigintilegionibusbellum

233 798 317 846 geri
342 799 509 846 placuit;
543 799 659 841 binas
685 800 872 836 consules
897 800 971 836 sibi
996 812 1167 844 sumere,
1201 801 1304 838 binis
1330 801 1503 838 Galliam
1528 803 1652 840 Sicili-

235 880 380 916 amque
413 880 461 905 ac
494 869 720 906 Sardiniam
755 870 946 913 obtineri;
981 871 1139 907 duabus
1166 870 1216 917 Q.
1243 871 1411 908 Fabium
1438 878 1650 920 praetorem

234 939 400 987 Apuliae,
416 940 574 976 duabus
589 941 780 976 volonum
794 941 856 977 Ti.
872 940 1101 977 Gracchum
1115 941 1220 977 circa
1232 941 1443 979 Luceriam
1456 956 1649 991 praeesse:

192 1008 217 1048 ὃ
234 1009 411 1058 singulas
438 1009 483 1046 C.
512 1010 705 1047 Terentio
730 1011 963 1059 proconsuli
987 1012 1042 1047 ad
1058 1011 1251 1047 Picenum
1277 1017 1316 1047 et
1333 1012 1388 1048 M.
1409 1013 1572 1050 Valerio
1597 1015 1651 1050 ad

193 1079 402 1118 4classem
421 1081 526 1117 circa
540 1081 795 1118 Brundisium
812 1081 994 1129 relinqui,
1014 1082 1117 1117 duas
1135 1081 1220 1117 urbi
1234 1082 1423 1130 praesidio
1437 1096 1540 1120 esse.
1574 1084 1650 1122 Hic

233 1155 274 1186 ut
299 1163 488 1187 numerus
515 1151 720 1200 legionum
739 1152 976 1200 expleretur,
1003 1164 1073 1188 sex
1090 1163 1205 1187 novae
1224 1151 1408 1200 legiones
1427 1160 1541 1190 erant
1557 1156 1650 1191 scri-

232 1222 392 1257 bendae.
443 1221 524 1258 Eas
548 1222 677 1270 primo
703 1234 866 1270 quoque
891 1206 1073 1270 tempore
1099 1222 1287 1258 consules
1305 1224 1480 1260 scribere
1498 1224 1594 1261 iussi
1612 1231 1651 1261 et

195 1291 220 1330 ἶ)
236 1291 405 1328 classem
431 1304 586 1340 parare,
621 1297 664 1328 ut
687 1304 776 1328 cum
801 1293 858 1329 eis
882 1293 1064 1336 navibus,
1099 1304 1186 1340 quae
1210 1305 1283 1341 pro
1309 1292 1506 1329 Calabriae
1529 1294 1651 1329 litori-

232 1362 306 1398 bus
331 1362 371 1398 in
397 1362 573 1399 statione
599 1368 747 1407 essent,
773 1368 932 1399 centum
959 1347 1252 1411 quinquaginta
1277 1363 1489 1411 longarum
1513 1364 1650 1400 classis

195 1432 219 1471 6
234 1432 394 1468 navium
427 1445 476 1469 eo
510 1445 620 1469 anno
646 1434 882 1482 expleretur.
946 1433 1103 1470 Dilectu
1129 1433 1267 1469 habito
1294 1438 1334 1469 et
1357 1439 1517 1470 centum
1541 1434 1651 1470 navi-

234 1503 306 1539 bus
339 1503 454 1539 novis
488 1504 688 1547 deductis,
734 1504 784 1549 Q.
819 1504 966 1540 Fabius
999 1503 1163 1540 comitia
1195 1503 1430 1540 censoribus
1463 1505 1650 1540 creandis

233 1573 390 1616 habuit;
425 1574 547 1610 creati
580 1573 636 1610 M.
672 1575 811 1610 Atilius
843 1574 1021 1622 Regulus
1053 1581 1094 1610 et
1125 1574 1167 1610 P.
1202 1574 1341 1610 Furius
1373 1574 1520 1610 Philus.

351 1644 485 1690 Quum
518 1645 834 1681 increbresceret
865 1656 1011 1688 rumor,
1046 1644 1193 1680 bellum
1226 1644 1266 1680 in
1298 1644 1430 1680 Sicilia
1463 1656 1566 1688 esse,
1599 1644 1649 1680 T.

192 1715 214 1754 7
233 1714 426 1752 Otacilius
451 1727 501 1751 eo
528 1728 618 1751 cum
644 1716 772 1752 classe
796 1715 996 1764 proficisci
1020 1715 1150 1751 iussus
1175 1719 1248 1751 est.
1298 1714 1433 1760 Quum
1458 1715 1650 1751 deessent

231 1791 377 1829 nautae,
423 1786 611 1822 consules
644 1798 692 1822 ex
725 1791 889 1822 senatus
923 1785 1108 1822 consulto
1143 1785 1367 1829 edixerunt,
1409 1790 1462 1829 ut,
1504 1785 1570 1833 qui
1602 1785 1648 1821 L.

233 1856 408 1900 AEmilio,
451 1855 497 1892 C.
532 1855 730 1892 Flaminio
764 1855 1000 1892 censoribus
1032 1855 1204 1891 millibus
1237 1855 1324 1891 aeris
1358 1855 1649 1903 quinquaginta

231 1926 317 1974 ipse
357 1931 426 1962 aut
457 1931 572 1974 pater
604 1926 690 1962 eius
724 1938 868 1962 census
902 1926 1042 1962 fuisset
1075 1937 1200 1973 usque
1233 1926 1287 1960 ad
1320 1930 1482 1961 centum
1514 1925 1647 1968 millia,

231 2001 299 2032 aut
332 1996 393 2032 cui
426 2001 571 2044 postea
604 2001 716 2032 tanta
748 2008 810 2032 res
844 2001 952 2032 esset
979 1995 1098 2039 facta,
1133 2000 1298 2031 nautam
1320 2007 1443 2031 unum
1466 2007 1556 2031 curn
1580 2007 1648 2032 sex

231 2078 415 2102 mensum
449 2066 654 2114 stipendio
689 2067 823 2110 daret3
858 2066 924 2113 qui
952 2078 1071 2114 supra
1100 2071 1261 2101 centum
1289 2066 1410 2101 millia
1439 2077 1566 2113 usque
1594 2065 1647 2101 ad

190 2137 214 2176 8
231 2142 423 2183 trecenta,
449 2141 529 2172 tres
553 2141 697 2173 nautas
722 2148 812 2173 cum
836 2136 1041 2184 stipendio
1060 2147 1217 2179 annuo;
1244 2136 1310 2184 qui
1329 2148 1449 2184 supra
1467 2140 1647 2172 trecenta

231 2220 357 2255 usque
383 2207 437 2242 ad
463 2207 601 2243 decies
627 2207 725 2251 aeris,
755 2207 931 2254 quinque
956 2213 1121 2249 nautas;
1148 2207 1215 2254 qui
1241 2218 1360 2254 supra
1379 2206 1530 2249 decies,
1558 2218 1647 2254 sep-

190 2278 214 2318 9
231 2284 330 2321 tem;
356 2282 566 2313 senatores
591 2282 685 2314 octo
711 2283 854 2313 nautas
879 2289 968 2313 cum
994 2289 1132 2313 annuo
1157 2277 1362 2325 stipendio
1381 2277 1538 2312 darent.
1587 2275 1647 2312 Ex

233 2350 310 2385 hoc
343 2348 479 2384 edicto
514 2347 598 2383 dati
622 2353 768 2391 nautae‚
804 2348 944 2383 armati
968 2347 1229 2395 instructique
1253 2348 1303 2383 ab
1331 2346 1520 2389 dominis,
1556 2357 1646 2382 cum

233 2419 392 2467 triginta
411 2418 567 2454 dierum
586 2417 710 2453 coctis
729 2417 886 2453 cibariis
905 2430 1028 2454 naves
1047 2418 1388 2454 conscenderunt.
1446 2415 1551 2451 Tum
1569 2416 1646 2464 pri-

232 2501 339 2524 mum
372 2493 433 2525 est
465 2488 627 2530 factum,
662 2492 704 2523 ut
735 2488 873 2524 classis
899 2489 1085 2524 Romana
1118 2487 1238 2524 sociis
1262 2486 1470 2523 navalibus
1493 2486 1646 2534 privata

232 2560 415 2608 impensa
447 2558 596 2607 paratis
629 2558 908 2606 compleretur.

128 2627 171 2670 12
354 2629 428 2666 Hic
446 2629 574 2665 maior
588 2629 707 2665 solito
721 2634 938 2677 apparatus
951 2628 1152 2677 praecipue
1165 2627 1383 2664 conterruit
1396 2626 1643 2675 Campanos,
