<?xml version="1.0" encoding="UTF-8"?>
<!DOCTYPE html PUBLIC "-//W3C//DTD XHTML 1.0 Transitional//EN"
    "http://www.w3.org/TR/xhtml1/DTD/xhtml1-transitional.dtd">
<html xmlns="http://www.w3.org/1999/xhtml" xml:lang="en" lang="en">
 <head>
  <title>
</title>
<meta http-equiv="Content-Type" content="text/html;charset=utf-8" />
  <meta name='ocr-system' content='tesseract 3.04.00' />
  <meta name='ocr-capabilities' content='ocr_page ocr_carea ocr_par ocr_line ocrx_word'/>
</head>
<body>
  <div class='ocr_page' id='page_1' title='image "./historiarumroman02livyuoft_0525.png"; bbox 0 0 1789 2955; ppageno 0'>
   <div class='ocr_carea' id='block_1_1' title="bbox 496 120 1520 166">
    <p class='ocr_par' dir='ltr' id='par_1_1' title="bbox 496 120 1520 166">
     <span class='ocr_line' id='line_1_1' title="bbox 496 120 1520 166; baseline 0.003 -9"><span class='ocrx_word' id='word_1_1' title='bbox 496 121 612 157; x_wconf 87' lang='lat' dir='ltr'>Liber</span> <span class='ocrx_word' id='word_1_2' title='bbox 636 120 783 157; x_wconf 84' lang='lat' dir='ltr'>XXIX.</span> <span class='ocrx_word' id='word_1_3' title='bbox 831 122 892 166; x_wconf 91' lang='lat' dir='ltr'>(A.</span> <span class='ocrx_word' id='word_1_4' title='bbox 919 121 984 155; x_wconf 88' lang='lat' dir='ltr'>Ch.</span> <span class='ocrx_word' id='word_1_5' title='bbox 1009 122 1107 166; x_wconf 83' lang='lat'>204.)</span> <span class='ocrx_word' id='word_1_6' title='bbox 1441 122 1520 160; x_wconf 88' lang='grc'>195</span> 
     </span>
    </p>
   </div>
   <div class='ocr_carea' id='block_1_2' title="bbox 86 243 1659 2679">
    <p class='ocr_par' dir='ltr' id='par_1_2' title="bbox 86 243 1659 2679">
     <span class='ocr_line' id='line_1_2' title="bbox 201 243 1659 301; baseline -0.003 -12"><span class='ocrx_word' id='word_1_7' title='bbox 201 251 438 301; x_wconf 76' lang='lat' dir='ltr'><strong>Quanquam</strong></span> <span class='ocrx_word' id='word_1_8' title='bbox 469 249 645 288; x_wconf 91' lang='lat' dir='ltr'>nondum</span> <span class='ocrx_word' id='word_1_9' title='bbox 675 251 812 299; x_wconf 85' lang='lat' dir='ltr'>aperte</span> <span class='ocrx_word' id='word_1_10' title='bbox 836 246 977 286; x_wconf 86' lang='lat' dir='ltr'>Africa</span> <span class='ocrx_word' id='word_1_11' title='bbox 1007 248 1217 299; x_wconf 85' lang='lat' dir='ltr'>provincia</span> <span class='ocrx_word' id='word_1_12' title='bbox 1241 247 1401 285; x_wconf 89' lang='lat' dir='ltr'>decreta</span> <span class='ocrx_word' id='word_1_13' title='bbox 1424 250 1520 295; x_wconf 86' lang='lat' dir='ltr'>erat,</span> <span class='ocrx_word' id='word_1_14' title='bbox 1606 243 1659 292; x_wconf 85' lang='grc'>14</span> 
     </span>
     <span class='ocr_line' id='line_1_3' title="bbox 89 319 1523 372; baseline -0.004 -10"><span class='ocrx_word' id='word_1_15' title='bbox 89 323 383 362; x_wconf 80' lang='lat' dir='ltr'>occultantibus</span> <span class='ocrx_word' id='word_1_16' title='bbox 415 321 468 370; x_wconf 87' lang='lat' dir='ltr'>id,</span> <span class='ocrx_word' id='word_1_17' title='bbox 494 322 624 369; x_wconf 88' lang='lat' dir='ltr'>credo,</span> <span class='ocrx_word' id='word_1_18' title='bbox 649 320 845 372; x_wconf 88' lang='lat' dir='ltr'>patribus,</span> <span class='ocrx_word' id='word_1_19' title='bbox 875 334 925 358; x_wconf 87' lang='lat' dir='ltr'>ne</span> <span class='ocrx_word' id='word_1_20' title='bbox 949 321 1253 370; x_wconf 76' lang='lat' dir='ltr'>praesciscerent</span> <span class='ocrx_word' id='word_1_21' title='bbox 1270 319 1523 369; x_wconf 85' lang='lat' dir='ltr'>Carthagini-</span> 
     </span>
     <span class='ocr_line' id='line_1_4' title="bbox 87 392 1520 444; baseline -0.003 -11"><span class='ocrx_word' id='word_1_22' title='bbox 87 409 210 443; x_wconf 83' lang='lat' dir='ltr'>enses,</span> <span class='ocrx_word' id='word_1_23' title='bbox 240 398 372 433; x_wconf 89' lang='lat' dir='ltr'>tamen</span> <span class='ocrx_word' id='word_1_24' title='bbox 404 394 445 431; x_wconf 89' lang='lat' dir='ltr'>in</span> <span class='ocrx_word' id='word_1_25' title='bbox 478 407 564 432; x_wconf 82' lang='lat' dir='ltr'>eam</span> <span class='ocrx_word' id='word_1_26' title='bbox 595 407 703 444; x_wconf 84' lang='lat' dir='ltr'>spem</span> <span class='ocrx_word' id='word_1_27' title='bbox 735 396 866 431; x_wconf 84' lang='lat' dir='ltr'>erecta</span> <span class='ocrx_word' id='word_1_28' title='bbox 905 392 1046 431; x_wconf 82' lang='lat' dir='ltr'>civitas</span> <span class='ocrx_word' id='word_1_29' title='bbox 1077 396 1181 443; x_wconf 78' lang='lat' dir='ltr'>erat,</span> <span class='ocrx_word' id='word_1_30' title='bbox 1228 394 1269 430; x_wconf 91' lang='lat' dir='ltr'>in</span> <span class='ocrx_word' id='word_1_31' title='bbox 1300 392 1444 430; x_wconf 89' lang='lat' dir='ltr'>Africa</span> <span class='ocrx_word' id='word_1_32' title='bbox 1475 404 1520 429; x_wconf 93' lang='lat' dir='ltr'>eo</span> 
     </span>
     <span class='ocr_line' id='line_1_5' title="bbox 88 463 1562 516; baseline -0.003 -10"><span class='ocrx_word' id='word_1_33' title='bbox 88 481 195 506; x_wconf 89' lang='lat' dir='ltr'>anno</span> <span class='ocrx_word' id='word_1_34' title='bbox 225 467 420 506; x_wconf 83' lang='lat' dir='ltr'>bellatum</span> <span class='ocrx_word' id='word_1_35' title='bbox 451 466 503 504; x_wconf 88' lang='lat' dir='ltr'>iri</span> <span class='ocrx_word' id='word_1_36' title='bbox 533 465 729 516; x_wconf 89' lang='lat' dir='ltr'>finemque</span> <span class='ocrx_word' id='word_1_37' title='bbox 760 465 869 503; x_wconf 89' lang='lat' dir='ltr'>bello</span> <span class='ocrx_word' id='word_1_38' title='bbox 895 464 1049 503; x_wconf 87' lang='lat' dir='ltr'>Punico</span> <span class='ocrx_word' id='word_1_39' title='bbox 1076 465 1223 504; x_wconf 84' lang='lat' dir='ltr'>adesse.</span> <span class='ocrx_word' id='word_1_40' title='bbox 1277 463 1562 514; x_wconf 78' lang='lat' dir='ltr'>Impleverat2</span> 
     </span>
     <span class='ocr_line' id='line_1_6' title="bbox 87 536 1523 590; baseline -0.002 -13"><span class='ocrx_word' id='word_1_41' title='bbox 87 553 135 578; x_wconf 87' lang='lat' dir='ltr'>ea</span> <span class='ocrx_word' id='word_1_42' title='bbox 164 553 228 577; x_wconf 89' lang='lat' dir='ltr'>res</span> <span class='ocrx_word' id='word_1_43' title='bbox 260 539 586 590; x_wconf 74' lang='lat' dir='ltr'>superstitionum</span> <span class='ocrx_word' id='word_1_44' title='bbox 618 538 793 588; x_wconf 79' lang='lat' dir='ltr'>animos,</span> <span class='ocrx_word' id='word_1_45' title='bbox 825 537 1023 588; x_wconf 88' lang='lat' dir='ltr'>pronique</span> <span class='ocrx_word' id='word_1_46' title='bbox 1064 541 1105 574; x_wconf 88' lang='lat' dir='ltr'>et</span> <span class='ocrx_word' id='word_1_47' title='bbox 1148 537 1199 575; x_wconf 88' lang='lat' dir='ltr'>ad</span> <span class='ocrx_word' id='word_1_48' title='bbox 1229 536 1454 575; x_wconf 88' lang='lat' dir='ltr'>nuntianda</span> <span class='ocrx_word' id='word_1_49' title='bbox 1485 539 1523 574; x_wconf 74' lang='lat' dir='ltr'>et</span> 
     </span>
     <span class='ocr_line' id='line_1_7' title="bbox 86 607 1564 661; baseline -0.004 -11"><span class='ocrx_word' id='word_1_50' title='bbox 86 612 138 651; x_wconf 88' lang='lat' dir='ltr'>ad</span> <span class='ocrx_word' id='word_1_51' title='bbox 170 611 371 649; x_wconf 85' lang='lat' dir='ltr'>credenda</span> <span class='ocrx_word' id='word_1_52' title='bbox 388 610 574 661; x_wconf 84' lang='lat' dir='ltr'>prodigia</span> <span class='ocrx_word' id='word_1_53' title='bbox 592 612 724 657; x_wconf 85' lang='lat' dir='ltr'>erant;</span> <span class='ocrx_word' id='word_1_54' title='bbox 758 622 803 647; x_wconf 91' lang='lat' dir='ltr'>eo</span> <span class='ocrx_word' id='word_1_55' title='bbox 831 609 948 660; x_wconf 86' lang='lat' dir='ltr'>plura</span> <span class='ocrx_word' id='word_1_56' title='bbox 976 609 1263 658; x_wconf 85' lang='lat' dir='ltr'>vulgabantur:</span> <span class='ocrx_word' id='word_1_57' title='bbox 1296 609 1394 648; x_wconf 91' lang='lat' dir='ltr'>duos</span> <span class='ocrx_word' id='word_1_58' title='bbox 1420 609 1522 647; x_wconf 89' lang='lat' dir='ltr'>soles</span> <span class='ocrx_word' id='word_1_59' title='bbox 1540 607 1564 644; x_wconf 85' lang='lat'><strong>3</strong></span> 
     </span>
     <span class='ocr_line' id='line_1_8' title="bbox 86 680 1522 732; baseline -0.003 -9"><span class='ocrx_word' id='word_1_60' title='bbox 86 685 205 732; x_wconf 80' lang='lat' dir='ltr'>visos,</span> <span class='ocrx_word' id='word_1_61' title='bbox 236 687 275 722; x_wconf 92' lang='lat' dir='ltr'>et</span> <span class='ocrx_word' id='word_1_62' title='bbox 304 685 421 721; x_wconf 89' lang='lat' dir='ltr'>nocte</span> <span class='ocrx_word' id='word_1_63' title='bbox 451 682 722 730; x_wconf 86' lang='lat' dir='ltr'>interluxisse,</span> <span class='ocrx_word' id='word_1_64' title='bbox 760 685 800 719; x_wconf 92' lang='lat' dir='ltr'>et</span> <span class='ocrx_word' id='word_1_65' title='bbox 828 682 955 719; x_wconf 88' lang='lat' dir='ltr'>facem</span> <span class='ocrx_word' id='word_1_66' title='bbox 988 680 1107 719; x_wconf 87' lang='lat' dir='ltr'>Setiae</span> <span class='ocrx_word' id='word_1_67' title='bbox 1139 681 1189 719; x_wconf 88' lang='lat' dir='ltr'>ab</span> <span class='ocrx_word' id='word_1_68' title='bbox 1221 685 1314 720; x_wconf 89' lang='lat' dir='ltr'>ortu</span> <span class='ocrx_word' id='word_1_69' title='bbox 1345 681 1440 719; x_wconf 89' lang='lat' dir='ltr'>solis</span> <span class='ocrx_word' id='word_1_70' title='bbox 1471 680 1522 718; x_wconf 90' lang='lat' dir='ltr'>ad</span> 
     </span>
     <span class='ocr_line' id='line_1_9' title="bbox 88 753 1523 805; baseline -0.004 -10"><span class='ocrx_word' id='word_1_71' title='bbox 88 755 335 796; x_wconf 84' lang='lat' dir='ltr'>occidentem</span> <span class='ocrx_word' id='word_1_72' title='bbox 366 754 523 805; x_wconf 85' lang='lat' dir='ltr'>porrigi</span> <span class='ocrx_word' id='word_1_73' title='bbox 562 754 705 801; x_wconf 85' lang='lat' dir='ltr'>visam;</span> <span class='ocrx_word' id='word_1_74' title='bbox 752 753 982 791; x_wconf 76' lang='lat' dir='ltr'>Tarracinae</span> <span class='ocrx_word' id='word_1_75' title='bbox 1026 757 1204 804; x_wconf 82' lang='lat' dir='ltr'>portam,</span> <span class='ocrx_word' id='word_1_76' title='bbox 1248 753 1451 803; x_wconf 78' lang='lat' dir='ltr'>Anagniae</span> <span class='ocrx_word' id='word_1_77' title='bbox 1482 755 1523 790; x_wconf 88' lang='lat' dir='ltr'>et</span> 
     </span>
     <span class='ocr_line' id='line_1_10' title="bbox 87 825 1523 879; baseline -0.003 -13"><span class='ocrx_word' id='word_1_78' title='bbox 87 830 244 879; x_wconf 86' lang='lat' dir='ltr'>portam</span> <span class='ocrx_word' id='word_1_79' title='bbox 261 829 301 865; x_wconf 89' lang='lat' dir='ltr'>et</span> <span class='ocrx_word' id='word_1_80' title='bbox 324 826 461 864; x_wconf 85' lang='lat' dir='ltr'>multis</span> <span class='ocrx_word' id='word_1_81' title='bbox 484 826 583 864; x_wconf 87' lang='lat' dir='ltr'>locis</span> <span class='ocrx_word' id='word_1_82' title='bbox 606 840 762 864; x_wconf 89' lang='lat' dir='ltr'>murum</span> <span class='ocrx_word' id='word_1_83' title='bbox 794 826 843 863; x_wconf 89' lang='lat' dir='ltr'>de</span> <span class='ocrx_word' id='word_1_84' title='bbox 870 825 965 862; x_wconf 88' lang='lat' dir='ltr'>caelo</span> <span class='ocrx_word' id='word_1_85' title='bbox 982 829 1149 873; x_wconf 80' lang='lat' dir='ltr'>tactum3</span> <span class='ocrx_word' id='word_1_86' title='bbox 1180 826 1222 863; x_wconf 87' lang='lat' dir='ltr'>in</span> <span class='ocrx_word' id='word_1_87' title='bbox 1253 825 1337 863; x_wconf 86' lang='lat' dir='ltr'>aede</span> <span class='ocrx_word' id='word_1_88' title='bbox 1353 825 1523 863; x_wconf 87' lang='lat' dir='ltr'>Iunonis</span> 
     </span>
     <span class='ocr_line' id='line_1_11' title="bbox 89 896 1521 950; baseline -0.003 -12"><span class='ocrx_word' id='word_1_89' title='bbox 89 898 262 950; x_wconf 78' lang='lat' dir='ltr'>Sospitae</span> <span class='ocrx_word' id='word_1_90' title='bbox 308 898 483 938; x_wconf 88' lang='lat' dir='ltr'>Lanuvii</span> <span class='ocrx_word' id='word_1_91' title='bbox 528 912 615 936; x_wconf 88' lang='lat' dir='ltr'>oum</span> <span class='ocrx_word' id='word_1_92' title='bbox 659 897 860 936; x_wconf 84' lang='lat' dir='ltr'>horrendo</span> <span class='ocrx_word' id='word_1_93' title='bbox 904 898 1063 948; x_wconf 85' lang='lat' dir='ltr'>fragore</span> <span class='ocrx_word' id='word_1_94' title='bbox 1101 898 1314 949; x_wconf 75' lang='lat' dir='ltr'>strepitum</span> <span class='ocrx_word' id='word_1_95' title='bbox 1360 896 1521 935; x_wconf 79' lang='lat' dir='ltr'>editum.</span> 
     </span>
     <span class='ocr_line' id='line_1_12' title="bbox 87 969 1567 1022; baseline -0.003 -11"><span class='ocrx_word' id='word_1_96' title='bbox 87 972 238 1011; x_wconf 87' lang='lat' dir='ltr'>Eorum</span> <span class='ocrx_word' id='word_1_97' title='bbox 268 971 611 1022; x_wconf 88' lang='lat' dir='ltr'>procurandorum</span> <span class='ocrx_word' id='word_1_98' title='bbox 643 984 761 1009; x_wconf 85' lang='lat' dir='ltr'>causa</span> <span class='ocrx_word' id='word_1_99' title='bbox 801 970 906 1008; x_wconf 90' lang='lat' dir='ltr'>diem</span> <span class='ocrx_word' id='word_1_100' title='bbox 937 984 1059 1008; x_wconf 91' lang='lat' dir='ltr'>unum</span> <span class='ocrx_word' id='word_1_101' title='bbox 1089 970 1332 1021; x_wconf 80' lang='lat' dir='ltr'>supplicatio</span> <span class='ocrx_word' id='word_1_102' title='bbox 1362 969 1457 1016; x_wconf 88' lang='lat' dir='ltr'>fuit,</span> <span class='ocrx_word' id='word_1_103' title='bbox 1488 969 1567 1006; x_wconf 87' lang='lat' dir='ltr'>et4</span> 
     </span>
     <span class='ocr_line' id='line_1_13' title="bbox 88 1042 1524 1094; baseline -0.003 -12"><span class='ocrx_word' id='word_1_104' title='bbox 88 1043 327 1083; x_wconf 83' lang='lat' dir='ltr'>novendiale</span> <span class='ocrx_word' id='word_1_105' title='bbox 358 1057 533 1091; x_wconf 86' lang='lat' dir='ltr'>sacrum,</span> <span class='ocrx_word' id='word_1_106' title='bbox 579 1043 686 1094; x_wconf 87' lang='lat' dir='ltr'>quod</span> <span class='ocrx_word' id='word_1_107' title='bbox 717 1043 765 1080; x_wconf 92' lang='lat' dir='ltr'>de</span> <span class='ocrx_word' id='word_1_108' title='bbox 796 1043 893 1081; x_wconf 87' lang='lat' dir='ltr'>caelo</span> <span class='ocrx_word' id='word_1_109' title='bbox 940 1043 1165 1093; x_wconf 86' lang='lat' dir='ltr'>lapidatum</span> <span class='ocrx_word' id='word_1_110' title='bbox 1197 1045 1318 1090; x_wconf 89' lang='lat' dir='ltr'>esset,</span> <span class='ocrx_word' id='word_1_111' title='bbox 1363 1042 1524 1079; x_wconf 85' lang='lat' dir='ltr'>factum.</span> 
     </span>
     <span class='ocr_line' id='line_1_14' title="bbox 87 1112 1571 1165; baseline -0.003 -11"><span class='ocrx_word' id='word_1_112' title='bbox 87 1116 149 1154; x_wconf 85' lang='lat' dir='ltr'>Eo</span> <span class='ocrx_word' id='word_1_113' title='bbox 179 1116 346 1154; x_wconf 83' lang='lat' dir='ltr'>accessit</span> <span class='ocrx_word' id='word_1_114' title='bbox 376 1116 618 1153; x_wconf 81' lang='lat' dir='ltr'>consultatio</span> <span class='ocrx_word' id='word_1_115' title='bbox 650 1115 698 1153; x_wconf 93' lang='lat' dir='ltr'>de</span> <span class='ocrx_word' id='word_1_116' title='bbox 725 1118 851 1153; x_wconf 86' lang='lat' dir='ltr'>matre</span> <span class='ocrx_word' id='word_1_117' title='bbox 867 1115 978 1153; x_wconf 81' lang='lat' dir='ltr'>Idaea</span> <span class='ocrx_word' id='word_1_118' title='bbox 1002 1115 1249 1165; x_wconf 85' lang='lat' dir='ltr'>accipienda,</span> <span class='ocrx_word' id='word_1_119' title='bbox 1281 1128 1399 1164; x_wconf 88' lang='lat' dir='ltr'>quam</span> <span class='ocrx_word' id='word_1_120' title='bbox 1427 1126 1527 1164; x_wconf 85' lang='lat' dir='ltr'>prae-</span> <span class='ocrx_word' id='word_1_121' title='bbox 1548 1112 1571 1149; x_wconf 90' lang='lat'>5</span> 
     </span>
     <span class='ocr_line' id='line_1_15' title="bbox 86 1187 1525 1238; baseline -0.002 -12"><span class='ocrx_word' id='word_1_122' title='bbox 86 1191 269 1238; x_wconf 86' lang='lat' dir='ltr'>terquam</span> <span class='ocrx_word' id='word_1_123' title='bbox 287 1187 393 1238; x_wconf 86' lang='lat' dir='ltr'>quod</span> <span class='ocrx_word' id='word_1_124' title='bbox 409 1187 464 1225; x_wconf 90' lang='lat' dir='ltr'>M.</span> <span class='ocrx_word' id='word_1_125' title='bbox 482 1187 685 1235; x_wconf 79' lang='lat' dir='ltr'>Valerius,</span> <span class='ocrx_word' id='word_1_126' title='bbox 715 1201 818 1225; x_wconf 87' lang='lat' dir='ltr'>unus</span> <span class='ocrx_word' id='word_1_127' title='bbox 835 1200 883 1225; x_wconf 83' lang='lat' dir='ltr'>ex</span> <span class='ocrx_word' id='word_1_128' title='bbox 899 1187 1053 1237; x_wconf 83' lang='lat' dir='ltr'>legatis,</span> <span class='ocrx_word' id='word_1_129' title='bbox 1084 1200 1329 1237; x_wconf 84' lang='lat' dir='ltr'>praegressus</span> <span class='ocrx_word' id='word_1_130' title='bbox 1345 1188 1525 1224; x_wconf 89' lang='lat' dir='ltr'>actutum</span> 
     </span>
     <span class='ocr_line' id='line_1_16' title="bbox 87 1256 1524 1307; baseline -0.003 -8"><span class='ocrx_word' id='word_1_131' title='bbox 87 1261 129 1299; x_wconf 92' lang='lat' dir='ltr'>in</span> <span class='ocrx_word' id='word_1_132' title='bbox 159 1260 284 1298; x_wconf 89' lang='lat' dir='ltr'>Italia</span> <span class='ocrx_word' id='word_1_133' title='bbox 314 1261 399 1297; x_wconf 83' lang='lat' dir='ltr'>fore</span> <span class='ocrx_word' id='word_1_134' title='bbox 431 1260 706 1307; x_wconf 85' lang='lat' dir='ltr'>nuntiaverat,</span> <span class='ocrx_word' id='word_1_135' title='bbox 752 1273 890 1297; x_wconf 84' lang='lat' dir='ltr'>recens</span> <span class='ocrx_word' id='word_1_136' title='bbox 928 1259 1094 1296; x_wconf 81' lang='lat' dir='ltr'>nuntius</span> <span class='ocrx_word' id='word_1_137' title='bbox 1124 1256 1265 1297; x_wconf 88' lang='lat' dir='ltr'>aderat</span> <span class='ocrx_word' id='word_1_138' title='bbox 1294 1258 1524 1297; x_wconf 76' lang='lat' dir='ltr'>Tarracinae</span> 
     </span>
     <span class='ocr_line' id='line_1_17' title="bbox 87 1329 1569 1382; baseline -0.003 -11"><span class='ocrx_word' id='word_1_139' title='bbox 87 1333 168 1371; x_wconf 89' lang='lat' dir='ltr'>iam</span> <span class='ocrx_word' id='word_1_140' title='bbox 200 1345 295 1370; x_wconf 86' lang='lat' dir='ltr'>esse.</span> <span class='ocrx_word' id='word_1_141' title='bbox 355 1331 476 1369; x_wconf 85' lang='lat' dir='ltr'>Haud</span> <span class='ocrx_word' id='word_1_142' title='bbox 520 1345 654 1382; x_wconf 87' lang='lat' dir='ltr'>parvae</span> <span class='ocrx_word' id='word_1_143' title='bbox 685 1333 745 1370; x_wconf 90' lang='lat' dir='ltr'>rei</span> <span class='ocrx_word' id='word_1_144' title='bbox 790 1331 982 1370; x_wconf 90' lang='lat' dir='ltr'>iudicium</span> <span class='ocrx_word' id='word_1_145' title='bbox 1029 1334 1208 1369; x_wconf 84' lang='lat' dir='ltr'>senatum</span> <span class='ocrx_word' id='word_1_146' title='bbox 1239 1331 1426 1380; x_wconf 83' lang='lat' dir='ltr'>tenebat,</span> <span class='ocrx_word' id='word_1_147' title='bbox 1460 1329 1569 1379; x_wconf 76' lang='lat' dir='ltr'>quiss</span> 
     </span>
     <span class='ocr_line' id='line_1_18' title="bbox 88 1401 1569 1454; baseline -0.004 -11"><span class='ocrx_word' id='word_1_148' title='bbox 88 1405 152 1443; x_wconf 85' lang='lat' dir='ltr'>vir</span> <span class='ocrx_word' id='word_1_149' title='bbox 183 1404 357 1454; x_wconf 87' lang='lat' dir='ltr'>optimus</span> <span class='ocrx_word' id='word_1_150' title='bbox 388 1403 430 1441; x_wconf 91' lang='lat' dir='ltr'>in</span> <span class='ocrx_word' id='word_1_151' title='bbox 461 1403 627 1442; x_wconf 87' lang='lat' dir='ltr'>civitate</span> <span class='ocrx_word' id='word_1_152' title='bbox 659 1406 782 1452; x_wconf 73' lang='lat' dir='ltr'>esset3</span> <span class='ocrx_word' id='word_1_153' title='bbox 813 1417 948 1442; x_wconf 87' lang='lat' dir='ltr'>veram</span> <span class='ocrx_word' id='word_1_154' title='bbox 973 1406 1080 1441; x_wconf 84' lang='lat' dir='ltr'>certe</span> <span class='ocrx_word' id='word_1_155' title='bbox 1110 1404 1323 1442; x_wconf 87' lang='lat' dir='ltr'>victoriam</span> <span class='ocrx_word' id='word_1_156' title='bbox 1356 1402 1442 1440; x_wconf 89' lang='lat' dir='ltr'>eius</span> <span class='ocrx_word' id='word_1_157' title='bbox 1467 1401 1527 1438; x_wconf 88' lang='lat' dir='ltr'>rei</span> <span class='ocrx_word' id='word_1_158' title='bbox 1548 1402 1569 1436; x_wconf 89' lang='lat'><strong>7</strong></span> 
     </span>
     <span class='ocr_line' id='line_1_19' title="bbox 89 1474 1523 1526; baseline -0.003 -11"><span class='ocrx_word' id='word_1_159' title='bbox 89 1476 168 1515; x_wconf 88' lang='lat' dir='ltr'>sibi</span> <span class='ocrx_word' id='word_1_160' title='bbox 186 1476 356 1526; x_wconf 86' lang='lat' dir='ltr'>quisque</span> <span class='ocrx_word' id='word_1_161' title='bbox 382 1476 523 1514; x_wconf 89' lang='lat' dir='ltr'>mallet</span> <span class='ocrx_word' id='word_1_162' title='bbox 549 1489 667 1526; x_wconf 88' lang='lat' dir='ltr'>quam</span> <span class='ocrx_word' id='word_1_163' title='bbox 692 1476 776 1514; x_wconf 91' lang='lat' dir='ltr'>ulla</span> <span class='ocrx_word' id='word_1_164' title='bbox 802 1476 971 1526; x_wconf 86' lang='lat' dir='ltr'>imperia</span> <span class='ocrx_word' id='word_1_165' title='bbox 993 1475 1216 1514; x_wconf 87' lang='lat' dir='ltr'>honoresve</span> <span class='ocrx_word' id='word_1_166' title='bbox 1239 1474 1429 1524; x_wconf 83' lang='lat' dir='ltr'>suffragio</span> <span class='ocrx_word' id='word_1_167' title='bbox 1455 1486 1523 1511; x_wconf 89' lang='lat' dir='ltr'>seu</span> 
     </span>
     <span class='ocr_line' id='line_1_20' title="bbox 88 1545 1568 1600; baseline -0.002 -14"><span class='ocrx_word' id='word_1_168' title='bbox 88 1551 246 1600; x_wconf 89' lang='lat' dir='ltr'>patrum</span> <span class='ocrx_word' id='word_1_169' title='bbox 277 1560 346 1586; x_wconf 88' lang='lat' dir='ltr'>seu</span> <span class='ocrx_word' id='word_1_170' title='bbox 376 1548 508 1598; x_wconf 88' lang='lat' dir='ltr'>plebis</span> <span class='ocrx_word' id='word_1_171' title='bbox 541 1548 706 1586; x_wconf 86' lang='lat' dir='ltr'>delatos.</span> <span class='ocrx_word' id='word_1_172' title='bbox 779 1547 826 1586; x_wconf 88' lang='lat' dir='ltr'>P.</span> <span class='ocrx_word' id='word_1_173' title='bbox 859 1546 1088 1598; x_wconf 82' lang='lat' dir='ltr'>Scipionem</span> <span class='ocrx_word' id='word_1_174' title='bbox 1134 1547 1205 1585; x_wconf 86' lang='lat' dir='ltr'>Cn.</span> <span class='ocrx_word' id='word_1_175' title='bbox 1249 1547 1395 1594; x_wconf 88' lang='lat' dir='ltr'>filium,</span> <span class='ocrx_word' id='word_1_176' title='bbox 1428 1545 1568 1594; x_wconf 81' lang='lat' dir='ltr'>eius,8</span> 
     </span>
     <span class='ocr_line' id='line_1_21' title="bbox 90 1618 1525 1672; baseline -0.002 -13"><span class='ocrx_word' id='word_1_177' title='bbox 90 1621 158 1672; x_wconf 88' lang='lat' dir='ltr'>qui</span> <span class='ocrx_word' id='word_1_178' title='bbox 190 1622 231 1659; x_wconf 91' lang='lat' dir='ltr'>in</span> <span class='ocrx_word' id='word_1_179' title='bbox 258 1620 460 1671; x_wconf 83' lang='lat' dir='ltr'>Hispania</span> <span class='ocrx_word' id='word_1_180' title='bbox 491 1621 702 1668; x_wconf 81' lang='lat' dir='ltr'>ceciderat,</span> <span class='ocrx_word' id='word_1_181' title='bbox 732 1620 1023 1659; x_wconf 83' lang='lat' dir='ltr'>adolescentem</span> <span class='ocrx_word' id='word_1_182' title='bbox 1047 1620 1223 1657; x_wconf 89' lang='lat' dir='ltr'>nondum</span> <span class='ocrx_word' id='word_1_183' title='bbox 1254 1618 1525 1669; x_wconf 74' lang='lat' dir='ltr'>quaestorium,</span> 
     </span>
     <span class='ocr_line' id='line_1_22' title="bbox 89 1692 1524 1742; baseline -0.001 -10"><span class='ocrx_word' id='word_1_184' title='bbox 89 1693 367 1732; x_wconf 84' lang='lat' dir='ltr'>iudicaverunt</span> <span class='ocrx_word' id='word_1_185' title='bbox 398 1692 439 1729; x_wconf 92' lang='lat' dir='ltr'>in</span> <span class='ocrx_word' id='word_1_186' title='bbox 470 1696 556 1730; x_wconf 86' lang='lat' dir='ltr'>tota</span> <span class='ocrx_word' id='word_1_187' title='bbox 588 1693 749 1731; x_wconf 80' lang='lat' dir='ltr'>civitate</span> <span class='ocrx_word' id='word_1_188' title='bbox 787 1692 918 1730; x_wconf 89' lang='lat' dir='ltr'>virum</span> <span class='ocrx_word' id='word_1_189' title='bbox 947 1692 1144 1730; x_wconf 86' lang='lat' dir='ltr'>bonorum</span> <span class='ocrx_word' id='word_1_190' title='bbox 1190 1692 1386 1742; x_wconf 89' lang='lat' dir='ltr'>optimum</span> <span class='ocrx_word' id='word_1_191' title='bbox 1426 1704 1524 1730; x_wconf 57' lang='lat' dir='ltr'>esse⁴</span> 
     </span>
     <span class='ocr_line' id='line_1_23' title="bbox 90 1763 1571 1816; baseline -0.001 -13"><span class='ocrx_word' id='word_1_192' title='bbox 90 1765 140 1804; x_wconf 90' lang='lat' dir='ltr'>Id</span> <span class='ocrx_word' id='word_1_193' title='bbox 170 1766 318 1816; x_wconf 86' lang='lat' dir='ltr'>quibus</span> <span class='ocrx_word' id='word_1_194' title='bbox 349 1764 568 1802; x_wconf 88' lang='lat' dir='ltr'>virtutibus</span> <span class='ocrx_word' id='word_1_195' title='bbox 600 1765 754 1802; x_wconf 89' lang='lat' dir='ltr'>inducti</span> <span class='ocrx_word' id='word_1_196' title='bbox 786 1764 843 1802; x_wconf 81' lang='lat' dir='ltr'>ita</span> <span class='ocrx_word' id='word_1_197' title='bbox 874 1763 1109 1812; x_wconf 87' lang='lat' dir='ltr'>iudicarint,</span> <span class='ocrx_word' id='word_1_198' title='bbox 1148 1764 1251 1802; x_wconf 89' lang='lat' dir='ltr'>sicut</span> <span class='ocrx_word' id='word_1_199' title='bbox 1279 1764 1475 1802; x_wconf 87' lang='lat' dir='ltr'>traditum</span> <span class='ocrx_word' id='word_1_200' title='bbox 1507 1777 1530 1801; x_wconf 92' lang='lat' dir='ltr'>a</span> <span class='ocrx_word' id='word_1_201' title='bbox 1548 1763 1571 1800; x_wconf 86' lang='lat'>9</span> 
     </span>
     <span class='ocr_line' id='line_1_24' title="bbox 89 1836 1526 1889; baseline -0.003 -13"><span class='ocrx_word' id='word_1_202' title='bbox 89 1838 282 1889; x_wconf 84' lang='lat' dir='ltr'>proximis</span> <span class='ocrx_word' id='word_1_203' title='bbox 326 1838 525 1875; x_wconf 85' lang='lat' dir='ltr'>memoriae</span> <span class='ocrx_word' id='word_1_204' title='bbox 587 1840 812 1887; x_wconf 88' lang='lat' dir='ltr'>temporum</span> <span class='ocrx_word' id='word_1_205' title='bbox 868 1837 1028 1874; x_wconf 88' lang='lat' dir='ltr'>illorum</span> <span class='ocrx_word' id='word_1_206' title='bbox 1083 1836 1346 1887; x_wconf 85' lang='lat' dir='ltr'>scriptoribus</span> <span class='ocrx_word' id='word_1_207' title='bbox 1398 1836 1526 1873; x_wconf 89' lang='lat' dir='ltr'>libens</span> 
     </span>
     <span class='ocr_line' id='line_1_25' title="bbox 91 1908 1526 1962; baseline -0.002 -14"><span class='ocrx_word' id='word_1_208' title='bbox 91 1909 262 1962; x_wconf 87' lang='lat' dir='ltr'>posteris</span> <span class='ocrx_word' id='word_1_209' title='bbox 291 1909 504 1957; x_wconf 87' lang='lat' dir='ltr'>traderem,</span> <span class='ocrx_word' id='word_1_210' title='bbox 536 1910 593 1947; x_wconf 89' lang='lat' dir='ltr'>ita</span> <span class='ocrx_word' id='word_1_211' title='bbox 624 1923 730 1947; x_wconf 89' lang='lat' dir='ltr'>meas</span> <span class='ocrx_word' id='word_1_212' title='bbox 762 1909 970 1959; x_wconf 89' lang='lat' dir='ltr'>opiniones</span> <span class='ocrx_word' id='word_1_213' title='bbox 1001 1908 1261 1946; x_wconf 87' lang='lat' dir='ltr'>coniectando</span> <span class='ocrx_word' id='word_1_214' title='bbox 1298 1921 1383 1945; x_wconf 90' lang='lat' dir='ltr'>rem</span> <span class='ocrx_word' id='word_1_215' title='bbox 1413 1910 1526 1946; x_wconf 86' lang='lat' dir='ltr'>vetu-</span> 
     </span>
     <span class='ocr_line' id='line_1_26' title="bbox 100 1979 1605 2032; baseline -0.003 -12"><span class='ocrx_word' id='word_1_216' title='bbox 100 1985 202 2021; x_wconf 83' lang='lat' dir='ltr'>state</span> <span class='ocrx_word' id='word_1_217' title='bbox 235 1982 419 2020; x_wconf 84' lang='lat' dir='ltr'>obrutam</span> <span class='ocrx_word' id='word_1_218' title='bbox 459 1994 538 2019; x_wconf 89' lang='lat' dir='ltr'>non</span> <span class='ocrx_word' id='word_1_219' title='bbox 571 1982 838 2032; x_wconf 85' lang='lat' dir='ltr'>interponam.</span> <span class='ocrx_word' id='word_1_220' title='bbox 899 1980 945 2018; x_wconf 87' lang='lat' dir='ltr'>P.</span> <span class='ocrx_word' id='word_1_221' title='bbox 979 1980 1189 2018; x_wconf 87' lang='lat' dir='ltr'>Cornelius</span> <span class='ocrx_word' id='word_1_222' title='bbox 1230 1994 1318 2018; x_wconf 88' lang='lat' dir='ltr'>cum</span> <span class='ocrx_word' id='word_1_223' title='bbox 1350 1980 1534 2017; x_wconf 87' lang='lat' dir='ltr'>omnibus</span> <span class='ocrx_word' id='word_1_224' title='bbox 1554 1979 1605 2017; x_wconf 89' lang='lat'>10</span> 
     </span>
     <span class='ocr_line' id='line_1_27' title="bbox 94 2052 1528 2102; baseline -0.002 -9"><span class='ocrx_word' id='word_1_225' title='bbox 94 2055 288 2093; x_wconf 86' lang='lat' dir='ltr'>matronis</span> <span class='ocrx_word' id='word_1_226' title='bbox 319 2053 475 2093; x_wconf 86' lang='lat' dir='ltr'>Ostiam</span> <span class='ocrx_word' id='word_1_227' title='bbox 506 2053 665 2093; x_wconf 81' lang='lat' dir='ltr'>obviam</span> <span class='ocrx_word' id='word_1_228' title='bbox 697 2053 755 2090; x_wconf 88' lang='lat' dir='ltr'>ire</span> <span class='ocrx_word' id='word_1_229' title='bbox 788 2053 871 2090; x_wconf 86' lang='lat' dir='ltr'>deae</span> <span class='ocrx_word' id='word_1_230' title='bbox 904 2053 1046 2101; x_wconf 87' lang='lat' dir='ltr'>iussus,</span> <span class='ocrx_word' id='word_1_231' title='bbox 1075 2054 1187 2102; x_wconf 85' lang='lat' dir='ltr'>isque</span> <span class='ocrx_word' id='word_1_232' title='bbox 1225 2066 1310 2090; x_wconf 89' lang='lat' dir='ltr'>eam</span> <span class='ocrx_word' id='word_1_233' title='bbox 1348 2052 1397 2090; x_wconf 90' lang='lat' dir='ltr'>de</span> <span class='ocrx_word' id='word_1_234' title='bbox 1427 2064 1528 2090; x_wconf 84' lang='lat' dir='ltr'>nave</span> 
     </span>
     <span class='ocr_line' id='line_1_28' title="bbox 94 2123 1526 2178; baseline -0.003 -14"><span class='ocrx_word' id='word_1_235' title='bbox 94 2127 274 2178; x_wconf 83' lang='lat' dir='ltr'>accipere</span> <span class='ocrx_word' id='word_1_236' title='bbox 320 2129 359 2164; x_wconf 90' lang='lat' dir='ltr'>et</span> <span class='ocrx_word' id='word_1_237' title='bbox 395 2127 436 2164; x_wconf 88' lang='lat' dir='ltr'>in</span> <span class='ocrx_word' id='word_1_238' title='bbox 481 2129 629 2164; x_wconf 88' lang='lat' dir='ltr'>terram</span> <span class='ocrx_word' id='word_1_239' title='bbox 676 2126 822 2164; x_wconf 89' lang='lat' dir='ltr'>elatam</span> <span class='ocrx_word' id='word_1_240' title='bbox 867 2126 1027 2163; x_wconf 89' lang='lat' dir='ltr'>tradere</span> <span class='ocrx_word' id='word_1_241' title='bbox 1071 2124 1277 2163; x_wconf 83' lang='lat' dir='ltr'>ferendam</span> <span class='ocrx_word' id='word_1_242' title='bbox 1321 2123 1526 2161; x_wconf 87' lang='lat' dir='ltr'>matronis.</span> 
     </span>
     <span class='ocr_line' id='line_1_29' title="bbox 93 2195 1597 2249; baseline -0.003 -11"><span class='ocrx_word' id='word_1_243' title='bbox 93 2198 316 2249; x_wconf 87' lang='lat' dir='ltr'>Postquam</span> <span class='ocrx_word' id='word_1_244' title='bbox 346 2198 462 2237; x_wconf 86' lang='lat' dir='ltr'>navis</span> <span class='ocrx_word' id='word_1_245' title='bbox 494 2197 544 2235; x_wconf 82' lang='lat' dir='ltr'>ad</span> <span class='ocrx_word' id='word_1_246' title='bbox 576 2198 722 2236; x_wconf 87' lang='lat' dir='ltr'>ostium</span> <span class='ocrx_word' id='word_1_247' title='bbox 747 2198 874 2236; x_wconf 86' lang='lat' dir='ltr'>amnis</span> <span class='ocrx_word' id='word_1_248' title='bbox 894 2197 1077 2235; x_wconf 77' lang='lat' dir='ltr'>Tiberini</span> <span class='ocrx_word' id='word_1_249' title='bbox 1109 2197 1287 2244; x_wconf 86' lang='lat' dir='ltr'>accessit,</span> <span class='ocrx_word' id='word_1_250' title='bbox 1318 2197 1421 2234; x_wconf 91' lang='lat' dir='ltr'>sicut</span> <span class='ocrx_word' id='word_1_251' title='bbox 1445 2198 1531 2233; x_wconf 86' lang='lat' dir='ltr'>erat</span> <span class='ocrx_word' id='word_1_252' title='bbox 1551 2195 1597 2232; x_wconf 90' lang='grc'>11</span> 
     </span>
     <span class='ocr_line' id='line_1_30' title="bbox 95 2268 1529 2319; baseline -0.002 -11"><span class='ocrx_word' id='word_1_253' title='bbox 95 2271 246 2319; x_wconf 87' lang='lat' dir='ltr'>iussus,</span> <span class='ocrx_word' id='word_1_254' title='bbox 277 2271 318 2308; x_wconf 89' lang='lat' dir='ltr'>in</span> <span class='ocrx_word' id='word_1_255' title='bbox 350 2270 476 2309; x_wconf 89' lang='lat' dir='ltr'>salum</span> <span class='ocrx_word' id='word_1_256' title='bbox 507 2283 606 2308; x_wconf 84' lang='lat' dir='ltr'>nave</span> <span class='ocrx_word' id='word_1_257' title='bbox 638 2273 796 2308; x_wconf 87' lang='lat' dir='ltr'>evectus</span> <span class='ocrx_word' id='word_1_258' title='bbox 834 2270 883 2308; x_wconf 88' lang='lat' dir='ltr'>ab</span> <span class='ocrx_word' id='word_1_259' title='bbox 922 2269 1195 2307; x_wconf 85' lang='lat' dir='ltr'>sacerdotibus</span> <span class='ocrx_word' id='word_1_260' title='bbox 1228 2269 1342 2306; x_wconf 89' lang='lat' dir='ltr'>deam</span> <span class='ocrx_word' id='word_1_261' title='bbox 1373 2268 1529 2318; x_wconf 86' lang='lat' dir='ltr'>accepit</span> 
     </span>
     <span class='ocr_line' id='line_1_31' title="bbox 101 2339 1601 2394; baseline -0.003 -13"><span class='ocrx_word' id='word_1_262' title='bbox 101 2343 326 2394; x_wconf 86' lang='lat' dir='ltr'>extulitque</span> <span class='ocrx_word' id='word_1_263' title='bbox 358 2343 399 2381; x_wconf 91' lang='lat' dir='ltr'>in</span> <span class='ocrx_word' id='word_1_264' title='bbox 430 2346 590 2380; x_wconf 89' lang='lat' dir='ltr'>terram.</span> <span class='ocrx_word' id='word_1_265' title='bbox 636 2342 831 2379; x_wconf 75' lang='lat' dir='ltr'>Matronae</span> <span class='ocrx_word' id='word_1_266' title='bbox 862 2342 1056 2392; x_wconf 91' lang='lat' dir='ltr'>primores</span> <span class='ocrx_word' id='word_1_267' title='bbox 1080 2341 1268 2388; x_wconf 87' lang='lat' dir='ltr'>civitatis,</span> <span class='ocrx_word' id='word_1_268' title='bbox 1300 2341 1403 2377; x_wconf 88' lang='lat' dir='ltr'>inter</span> <span class='ocrx_word' id='word_1_269' title='bbox 1434 2352 1533 2390; x_wconf 87' lang='lat' dir='ltr'>quas</span> <span class='ocrx_word' id='word_1_270' title='bbox 1552 2339 1601 2377; x_wconf 78' lang='lat'>12</span> 
     </span>
     <span class='ocr_line' id='line_1_32' title="bbox 100 2412 1529 2464; baseline -0.002 -12"><span class='ocrx_word' id='word_1_271' title='bbox 100 2415 219 2453; x_wconf 85' lang='lat' dir='ltr'>unius</span> <span class='ocrx_word' id='word_1_272' title='bbox 240 2414 419 2453; x_wconf 77' lang='lat' dir='ltr'>Claudiae</span> <span class='ocrx_word' id='word_1_273' title='bbox 444 2414 606 2462; x_wconf 75' lang='lat' dir='ltr'>Quintae</span> <span class='ocrx_word' id='word_1_274' title='bbox 630 2415 786 2464; x_wconf 81' lang='lat' dir='ltr'>insigne</span> <span class='ocrx_word' id='word_1_275' title='bbox 802 2417 861 2452; x_wconf 92' lang='lat' dir='ltr'>est</span> <span class='ocrx_word' id='word_1_276' title='bbox 883 2427 1037 2461; x_wconf 88' lang='lat' dir='ltr'>nomen,</span> <span class='ocrx_word' id='word_1_277' title='bbox 1069 2427 1275 2463; x_wconf 82' lang='lat' dir='ltr'>accepere3</span> <span class='ocrx_word' id='word_1_278' title='bbox 1308 2412 1372 2450; x_wconf 88' lang='lat' dir='ltr'>cui</span> <span class='ocrx_word' id='word_1_279' title='bbox 1396 2412 1529 2460; x_wconf 86' lang='lat' dir='ltr'>dubia,</span> 
     </span>
     <span class='ocr_line' id='line_1_33' title="bbox 96 2484 1529 2536; baseline -0.003 -11"><span class='ocrx_word' id='word_1_280' title='bbox 96 2491 143 2525; x_wconf 93' lang='lat' dir='ltr'>ut</span> <span class='ocrx_word' id='word_1_281' title='bbox 171 2487 358 2534; x_wconf 83' lang='lat' dir='ltr'>traditur,</span> <span class='ocrx_word' id='word_1_282' title='bbox 391 2491 506 2525; x_wconf 90' lang='lat' dir='ltr'>antea</span> <span class='ocrx_word' id='word_1_283' title='bbox 535 2487 640 2525; x_wconf 88' lang='lat' dir='ltr'>fama</span> <span class='ocrx_word' id='word_1_284' title='bbox 671 2486 881 2524; x_wconf 88' lang='lat' dir='ltr'>clariorem</span> <span class='ocrx_word' id='word_1_285' title='bbox 923 2485 973 2524; x_wconf 87' lang='lat' dir='ltr'>ad</span> <span class='ocrx_word' id='word_1_286' title='bbox 1011 2489 1192 2536; x_wconf 87' lang='lat' dir='ltr'>posteros</span> <span class='ocrx_word' id='word_1_287' title='bbox 1223 2488 1304 2522; x_wconf 89' lang='lat' dir='ltr'>tam</span> <span class='ocrx_word' id='word_1_288' title='bbox 1335 2484 1529 2534; x_wconf 86' lang='lat' dir='ltr'>religioso</span> 
     </span>
     <span class='ocr_line' id='line_1_34' title="bbox 96 2556 1604 2610; baseline -0.002 -13"><span class='ocrx_word' id='word_1_289' title='bbox 96 2559 321 2597; x_wconf 85' lang='lat' dir='ltr'>ministerio</span> <span class='ocrx_word' id='word_1_290' title='bbox 375 2559 613 2610; x_wconf 84' lang='lat' dir='ltr'>pudicitiam</span> <span class='ocrx_word' id='word_1_291' title='bbox 658 2559 763 2598; x_wconf 88' lang='lat' dir='ltr'>fecit.</span> <span class='ocrx_word' id='word_1_292' title='bbox 841 2558 911 2596; x_wconf 81' lang='lat' dir='ltr'>Eae</span> <span class='ocrx_word' id='word_1_293' title='bbox 955 2571 1026 2608; x_wconf 92' lang='lat' dir='ltr'>per</span> <span class='ocrx_word' id='word_1_294' title='bbox 1071 2571 1229 2605; x_wconf 84' lang='lat' dir='ltr'>manus,</span> <span class='ocrx_word' id='word_1_295' title='bbox 1280 2556 1533 2595; x_wconf 83' lang='lat' dir='ltr'>succedentes</span> <span class='ocrx_word' id='word_1_296' title='bbox 1554 2556 1604 2594; x_wconf 85' lang='lat'>13</span> 
     </span>
     <span class='ocr_line' id='line_1_35' title="bbox 101 2629 1530 2679; baseline -0.001 -11"><span class='ocrx_word' id='word_1_297' title='bbox 101 2631 247 2669; x_wconf 88' lang='lat' dir='ltr'>deinde</span> <span class='ocrx_word' id='word_1_298' title='bbox 279 2631 368 2670; x_wconf 83' lang='lat' dir='ltr'>aliae</span> <span class='ocrx_word' id='word_1_299' title='bbox 400 2632 503 2679; x_wconf 86' lang='lat' dir='ltr'>aliis,</span> <span class='ocrx_word' id='word_1_300' title='bbox 535 2631 642 2669; x_wconf 91' lang='lat' dir='ltr'>omni</span> <span class='ocrx_word' id='word_1_301' title='bbox 674 2631 831 2669; x_wconf 85' lang='lat' dir='ltr'>obviam</span> <span class='ocrx_word' id='word_1_302' title='bbox 863 2630 983 2668; x_wconf 83' lang='lat' dir='ltr'>effusa</span> <span class='ocrx_word' id='word_1_303' title='bbox 1014 2630 1188 2678; x_wconf 85' lang='lat' dir='ltr'>civitate,</span> <span class='ocrx_word' id='word_1_304' title='bbox 1217 2629 1408 2667; x_wconf 88' lang='lat' dir='ltr'>turibulis</span> <span class='ocrx_word' id='word_1_305' title='bbox 1439 2631 1530 2667; x_wconf 82' lang='lat' dir='ltr'>ante</span> 
     </span>
    </p>
   </div>
   <div class='ocr_carea' id='block_1_3' title="bbox 98 2703 1530 2806">
    <p class='ocr_par' dir='ltr' id='par_1_3' title="bbox 98 2703 1530 2806">
     <span class='ocr_line' id='line_1_36' title="bbox 98 2703 1530 2754; baseline -0.003 -12"><span class='ocrx_word' id='word_1_306' title='bbox 98 2703 239 2742; x_wconf 82' lang='lat' dir='ltr'>ianuas</span> <span class='ocrx_word' id='word_1_307' title='bbox 255 2703 410 2754; x_wconf 87' lang='lat' dir='ltr'>positis,</span> <span class='ocrx_word' id='word_1_308' title='bbox 440 2717 519 2754; x_wconf 87' lang='lat' dir='ltr'>qua</span> <span class='ocrx_word' id='word_1_309' title='bbox 543 2703 841 2754; x_wconf 68' lang='lat' dir='ltr'>praeferebatur,</span> <span class='ocrx_word' id='word_1_310' title='bbox 865 2706 984 2753; x_wconf 85' lang='lat' dir='ltr'>atque</span> <span class='ocrx_word' id='word_1_311' title='bbox 1010 2715 1172 2740; x_wconf 81' lang='lat' dir='ltr'>accenso</span> <span class='ocrx_word' id='word_1_312' title='bbox 1188 2704 1289 2750; x_wconf 89' lang='lat' dir='ltr'>ture,</span> <span class='ocrx_word' id='word_1_313' title='bbox 1311 2704 1530 2752; x_wconf 85' lang='lat' dir='ltr'>precantes,</span> 
     </span>
     <span class='ocr_line' id='line_1_37' title="bbox 1189 2772 1250 2806; baseline 0.016 -1"><span class='ocrx_word' id='word_1_314' title='bbox 1189 2772 1250 2806; x_wconf 82' lang='lat'>13*</span> 
     </span>
    </p>
   </div>
  </div>
 </body>
</html>
