1789 2955
235 110 317 152 14?
659 108 760 139 Liber
780 108 907 139 xxm.
947 108 1002 150 (A.
1024 118 1054 139 u.
1078 118 1105 139 c.
1128 107 1224 150 538.)

233 244 415 276 senatum
446 239 536 276 lecti
565 246 714 282 essent,
749 244 790 275 ut
817 240 986 287 quisque
1013 251 1153 276 eorum
1182 240 1331 288 primus
1360 247 1518 278 creatus
1548 247 1655 286 erat;

191 308 215 347 <3
231 316 313 346 tum
339 309 446 358 legit,
477 310 543 358 qui
569 310 720 353 aediles,
750 310 895 346 tribuni
922 309 1050 358 plebis
1069 316 1342 358 quaestoresve
1361 310 1540 355 fuerant;
1570 317 1653 348 tum

233 393 280 417 ex
306 381 365 424 iis,
397 381 463 428 qui
488 381 745 429 magistratus
770 393 846 416 non
871 380 1086 429 cepissent,
1116 381 1182 428 qui
1208 382 1339 429 spolia
1364 394 1412 417 ex
1437 382 1554 418 hoste
1579 382 1658 419 fixa.

193 449 214 488 7
233 451 344 487 domi
374 451 571 487 haberent
595 457 663 486 aut
687 451 852 487 civicam
877 462 1073 487 coronam
1099 452 1366 500 accepissent.
1415 451 1474 488 Ita
1493 458 1655 489 centum

234 521 490 569 septuaginta
531 526 686 569 septem
726 532 815 557 cum
854 521 1008 569 ingenti
1042 522 1341 570 approbatione
1374 522 1582 559 hominum
1615 524 1657 560 in

234 597 418 628 senatum
445 591 568 634 lectis,
597 592 799 640 extemplo
825 604 867 628 se
892 592 1127 640 magistratu
1154 592 1369 636 abdicavit,
1397 593 1655 642 privatusque

193 660 285 700 Sde
314 662 451 698 rostris
477 663 705 706 descendit,
739 663 943 699 lictoribus
972 662 1082 698 abire
1111 662 1241 705 iussis,
1276 664 1481 711 turbaeque
1511 676 1553 700 se
1584 665 1656 700 im-

233 732 391 769 miscuit
418 732 592 780 privatas
620 734 826 781 agentium
851 745 927 777 res,
962 739 1121 781 tempus
1148 733 1225 770 hoc
1251 734 1394 770 sedulo
1419 739 1567 778 terens,
1602 748 1655 772 ne

234 803 469 839 deducendi
488 803 547 839 sui
566 815 687 840 causa
706 805 900 852 populum
919 805 971 840 de
990 804 1079 840 foro
1094 804 1329 840 abduceret.
1364 803 1507 852 Neque
1520 810 1659 842 tamen

235 873 414 921 elanguit
439 885 533 910 cura
559 874 765 910 hominurn
794 887 842 911 ea
867 887 994 917 mora,
1025 874 1338 923 frequentesque
1367 887 1458 911 eum
1487 876 1655 912 domum

194 941 505 981 Odeduxerunt.
580 944 732 981 Consul
771 952 893 982 nocte
926 945 1155 993 insequenti
1189 946 1242 981 ad
1276 946 1492 982 exercitum
1524 947 1656 992 rediit,

235 1027 321 1052 non
364 1014 473 1052 facto
518 1015 687 1052 certiore
731 1022 887 1059 senatu,
933 1029 984 1052 ne
1023 1016 1277 1052 comitiorum
1317 1028 1440 1053 causa
1480 1017 1521 1053 in
1560 1019 1658 1054 urbe

236 1085 488 1123 retineretur.

111 1151 177 1196 24
355 1156 525 1193 Postero
560 1158 626 1194 die
661 1159 868 1194 consultus
901 1170 924 1193 a
949 1157 1005 1194 M.
1030 1157 1261 1205 Pomponio
1295 1163 1466 1205 praetore
1494 1164 1660 1196 senatus

238 1227 427 1271 decrevit,
448 1227 637 1265 dictatori
655 1229 927 1272 scribendum,
947 1228 1015 1271 uti,
1036 1228 1066 1264 si
1087 1240 1108 1264 e
1126 1240 1168 1264 re
1182 1229 1341 1276 publica
1355 1235 1539 1265 censeret
1551 1241 1657 1273 esse,

237 1298 291 1334 ad
331 1299 520 1335 consules
553 1300 840 1348 subrogandos
873 1299 1026 1335 veniret
1058 1311 1147 1336 cum
1182 1300 1374 1348 magistro
1407 1300 1584 1347 equitum
1619 1305 1659 1336 et

197 1366 408 1416 2praetore
442 1368 497 1405 M.
533 1369 739 1414 Marcello,
781 1376 823 1406 ut
864 1383 911 1406 ex
942 1370 989 1406 iis
1022 1371 1288 1418 praesentibus
1321 1382 1492 1407 noscere
1524 1376 1661 1419 patres

238 1445 419 1487 possent,
461 1451 542 1488 quo
583 1445 688 1476 statu
728 1453 790 1477 res
823 1441 983 1489 publica
1017 1446 1136 1484 esset,
1177 1441 1427 1488 consiliaque
1461 1453 1509 1477 ex
1541 1442 1661 1478 rebus

240 1515 445 1557 caperent.
510 1510 589 1556 Qui
622 1512 738 1548 acciti
763 1517 890 1555 erant,
925 1523 1069 1548 omnes
1088 1516 1297 1554 venerunt,
1332 1511 1477 1547 relictis
1502 1511 1661 1560 legatis,

199 1578 306 1627 3qui
338 1580 566 1628 legionibus
601 1588 833 1630 praeessent.
897 1581 1082 1618 Dictator
1115 1582 1166 1617 de
1200 1593 1242 1617 se
1269 1593 1401 1629 pauca
1426 1593 1472 1618 ac
1499 1582 1663 1619 modice

241 1650 411 1695 locutus,
452 1651 492 1687 in
532 1653 765 1701 magistrum
806 1653 985 1701 equitum
1019 1652 1081 1688 Ti.
1116 1652 1399 1700 Sempronium
1433 1651 1664 1689 Gracchum

242 1733 432 1769 magnam
465 1728 619 1770 partem
652 1724 790 1771 gloriae
823 1724 949 1768 vertit,
991 1723 1235 1770 comitiaque
1268 1722 1404 1770 edixit,
1439 1723 1582 1770 quibus
1615 1722 1662 1760 L.

242 1792 472 1828 Postumius
505 1794 662 1830 tertium
693 1795 854 1838 absens,
889 1794 955 1842 qui
980 1799 1063 1830 tum
1089 1793 1263 1830 Galliam
1287 1793 1535 1842 provinciam
1561 1793 1665 1830 obti-

243 1863 380 1906 nebat,
407 1869 447 1898 et
465 1863 527 1899 Ti.
547 1864 810 1913 Sempronius
829 1864 1050 1908 Gracchus,
1078 1865 1144 1912 qui
1169 1870 1251 1900 tum
1278 1865 1468 1912 magister
1485 1865 1664 1912 equitum

203 1931 230 1971 4
245 1939 285 1969 et
309 1934 434 1970 aedilis
459 1934 603 1972 curulis
628 1940 725 1978 erat,
753 1936 940 1972 consules
965 1940 1162 1971 creantur.
1210 1935 1407 1971 Praetores
1424 1935 1522 1971 inde
1540 1935 1663 1972 creati

246 2004 302 2041 M.
322 2005 506 2042 Valerius
524 2005 708 2041 Laevinus
726 2006 881 2050 iterum,
903 2006 1005 2054 App.
1027 2004 1220 2041 Claudius
1238 2005 1419 2050 Pulcher,
1440 2005 1490 2051 Q.
1505 2005 1666 2042 Fulvius

205 2072 427 2119 5F1aecus‚
453 2075 504 2121 Q.
529 2075 687 2112 Mucius
711 2076 903 2112 Scaevola.
959 2075 1156 2119 Dictator,
1183 2075 1326 2112 creatis
1352 2075 1664 2124 magistratibus,

247 2145 433 2182 Teanum
458 2146 498 2182 in
524 2146 690 2182 hiberna
715 2147 768 2182 ad
793 2147 1009 2183 exercitum
1035 2146 1151 2188 redit,
1180 2146 1320 2183 relicto
1344 2146 1537 2195 magistro
1556 2146 1668 2195 equi-

247 2224 330 2252 tum
350 2217 503 2261 Romae,
533 2217 613 2265 qui,
642 2229 763 2265 quum
788 2223 882 2266 post
905 2229 1061 2266 paucos
1086 2217 1174 2253 dies
1197 2217 1475 2266 magistratum
1498 2217 1667 2254 initurus

249 2292 369 2329 esset,
410 2288 462 2323 de
502 2288 740 2324 exercitibus
784 2288 1007 2325 scribendis
1041 2287 1410 2337 comparandisque
1442 2287 1482 2323 in
1515 2300 1667 2324 annum

249 2363 384 2406 patres
418 2358 659 2395 consuleret.

210 2425 235 2465 6
371 2428 504 2474 Quum
537 2441 595 2465 eae
627 2441 691 2465 res
718 2429 890 2465 maxime
915 2436 1141 2478 agerentur,
1175 2442 1283 2466 nova
1306 2429 1444 2466 clades
1467 2429 1665 2473 nuntiata,

253 2499 371 2534 aliam
404 2511 522 2547 super
555 2499 673 2535 aliam
702 2501 931 2536 cumulante
954 2500 995 2537 in
1020 2513 1111 2537 eum
1135 2512 1286 2537 annum
1312 2499 1486 2544 fortuna,
1518 2498 1564 2536 L.
1589 2499 1669 2535 Po-

253 2569 438 2605 stumium
457 2570 665 2606 consulem
683 2570 940 2618 designatum
957 2570 997 2607 in
1016 2570 1148 2608 Gallia
1164 2571 1294 2620 ipsum
1313 2576 1433 2619 atque
1451 2569 1668 2607 exercitum

215 2638 236 2678 7
254 2640 424 2676 deletos.
489 2641 593 2677 Silva
625 2646 711 2677 erat
742 2646 854 2677 vasta
880 2639 1080 2689 (Litanam
1106 2641 1210 2678 Galli
1233 2638 1464 2690 vocabant),
1499 2652 1577 2688 qua
1601 2652 1673 2676 ex·
