1789 2955
803 64 875 99 VII

124 178 306 220 XXXIX,
346 180 388 213 18
430 178 484 212 uti
526 178 740 222 praetoriam
777 177 1034 222 (Woelfflinus.
1097 177 1271 221 Conflatoe
1308 177 1478 221 temporis
1512 179 1548 212 et

122 246 239 271 causae
273 235 544 280 sianifioationi
578 235 701 270 minus
739 236 866 279 aptum
897 238 949 270 est
985 236 1068 279 uti.)
1105 237 1145 269 21
1184 234 1332 268 milibus
1366 236 1404 267 et
1439 234 1543 278 quin-

119 292 240 337 ,qentis
290 292 381 336 (edd.
426 294 508 328 vett.
559 295 594 327 et
642 293 812 335 IVesenb.)
876 291 956 334 XL,
1003 293 1045 326 10
1087 292 1274 335 (Fortasse
1316 290 1545 326 scribendum

121 349 201 384 visa
244 352 344 384 esset
385 351 441 392 et;
484 349 556 384 vicl.
600 349 679 384 Em.
723 350 792 384 388
834 350 886 392 n.)
934 348 1034 391 XLI,
1080 351 1102 383 ‘2
1146 347 1409 392 superfuerunt
1452 347 1542 390 (edd.

126 408 209 441 vett.
249 405 297 440 In
323 406 490 441 oratione
514 406 658 451 obliqua
683 408 718 440 et
739 417 856 441 causoe
881 405 1154 450 siqnificatione
1182 404 1427 439 necessarium
1450 404 1544 440 vide-

121 465 186 498 tur
204 463 622 508 plusquamperfectum;
647 463 814 508 alioquin
840 463 1046 507 perfectum
1079 462 1136 496 hic
1153 460 1354 507 ferendum
1378 463 1481 503 esset,
1503 463 1548 496 ut

124 519 195 564 IX,
218 521 274 562 38,
300 521 340 565 3,·
363 519 509 562 XXXI,
534 522 589 563 41,
616 521 655 564 3;
678 519 785 563 XLI,
809 521 864 562 26,
891 522 931 563 5;
961 518 1094 563 XLII,
1123 520 1179 560 54,
1205 519 1242 561 63
1274 517 1391 561 XLV,
1417 519 1448 559 6,
1474 518 1545 562 11.)

123 579 162 611 11
184 579 256 620 aut,
284 577 416 621 quibus
431 577 506 611 afui
522 577 611 622 (My.
626 578 729 612 1882.
758 577 902 611 Abesse
928 576 1095 611 cladibus
1109 587 1183 610 non
1197 575 1330 610 usitate
1345 575 1493 613 dicitur,
1508 575 1547 608 in

120 634 191 668 hac
213 634 415 678 praesertim
439 634 710 669 contrariorum
742 633 938 675 relatione,
975 644 1052 677 quoe
1087 632 1171 676 ipsa
1202 632 1357 667 librario
1388 642 1546 666 errorem

122 690 279 735 obiecit.)
330 692 371 724 15
404 691 443 724 in
481 691 665 726 dicionem
702 692 743 724 17
781 701 865 724 cum
901 690 977 724 illic
1000 688 1128 730 XLII,
1168 690 1188 721 6
1224 692 1303 723 erat
1328 709 1371 713 —
1406 689 1544 733 duplex

122 747 259 782 vallum
291 747 424 791 (Rhen.
463 747 491 782 S
526 748 669 781 nullum
706 748 909 790 obiectum,
941 759 958 782 e
995 756 1063 790 quo
1089 745 1292 781 Rhenanus
1328 747 1421 780 recte
1446 744 1448 746 ’
1450 746 1549 790 fecit

120 805 262 839 vallum
288 804 495 846 obieetum3
530 804 688 849 duplicis
724 805 813 839 valli
847 804 1081 847 mentionem,
1119 814 1196 846 quae
1232 802 1331 847 apud
1356 803 1547 847 Polybium

121 863 183 904 est,
207 861 393 907 facillime
407 861 538 897 Livius
559 862 721 897 omittere
741 861 888 905 potuit.)
921 863 941 894 7
965 861 1049 905 plus
1069 859 1167 894 mille
1186 861 1221 893 et
1232 859 1403 894 ducentos
1415 871 1548 904 passus

121 918 211 963 (My.
233 919 342 962 1882)
368 917 507 960 XLVI,
529 920 545 952 1
563 919 663 962 quod
682 918 802 952 hostis
823 919 869 952 ad
885 917 1080 961 (Gronovii
1100 917 1309 952 coniectura
1331 917 1480 958 incerta,
1497 927 1547 951 ce-

122 975 214 1010 teris
238 977 358 1010 tamen
368 976 594 1020 probabilior
612 975 780 1018 videtur.)
807 978 827 1009 4
841 974 944 1009 fuere
960 975 1098 1018 (Error
1112 976 1165 1009 est
1175 973 1274 1019 apud
1288 975 1382 1018 nos.)
1414 976 1434 1008 7
1455 974 1548 1008 urbe

120 1043 244 1076 usque
268 1033 306 1066 in
332 1032 493 1076 XLVII,
520 1035 540 1066 7
565 1032 635 1075 (Ne
660 1033 793 1075 libras,
831 1032 926 1076 quod
962 1032 1003 1066 in
1028 1031 1064 1066 P
1082 1031 1267 1066 scribitur,
1306 1042 1350 1066 επ
1386 1031 1546 1073 librales,

122 1089 216 1134 quod
241 1089 269 1124 S
291 1089 404 1132 habet,
434 1091 555 1124 ortum
574 1092 736 1134 putetur,
760 1089 886 1131 obstat,
912 1088 1016 1133 quod,
1040 1088 1073 1123 si
1098 1087 1138 1123 id
1165 1087 1383 1122 adiectivum
1416 1088 1548 1123 Livius

121 1146 180 1181 hic
203 1146 245 1181 in
271 1147 338 1182 tali
362 1158 487 1182 rerum
509 1146 684 1191 ponderis
715 1146 1051 1182 commemoratione
1087 1147 1217 1180 contra
1251 1144 1549 1180 consuetudinem

115 1203 310 1248 posuisset,
337 1204 401 1239 vix
427 1204 625 1239 additurus
656 1204 801 1239 videtur
827 1203 951 1248 juisse
987 1202 1140 1246 pondo.)
1188 1201 1328 1244 XLIX,
1354 1203 1375 1236 ‘2
1400 1202 1547 1237 invenio

120 1262 142 1294 8
168 1261 314 1295 venisse
340 1261 438 1295 enim
464 1272 538 1295 eos.

212 1317 280 1351 Lib.
303 1317 428 1351 xxvn.
466 1317 554 1361 Cap.
580 1317 609 1359 I,
631 1319 652 1352 8
670 1320 779 1361 terga
799 1318 1047 1361 pugnantium
1069 1316 1176 1361 (quod
1200 1315 1344 1351 mallem
1363 1315 1462 1360 apud
1482 1326 1548 1350 nos

121 1384 259 1418 quoque
283 1374 572 1419 restitutumpro
586 1374 764 1409 Gronovii
778 1374 1003 1415 coniectura)
1028 1375 1048 1406 9
1062 1373 1100 1406 in
1114 1372 1178 1406 Cn.
1192 1373 1300 1407 Fulvi
1314 1372 1405 1417 (My.
1420 1373 1515 1406 1882
1531 1384 1548 1407 e

120 1430 284 1476 vestiyiis
298 1430 339 1474 P,
352 1431 416 1475 qui
430 1431 535 1466 habet
545 1432 582 1466 in
596 1431 734 1473 FulviS,
750 1432 784 1465 et
798 1431 839 1472 F,
862 1430 925 1475 qui
938 1431 1045 1466 habet
1061 1431 1099 1464 in
1113 1429 1245 1465 Fulvii.
1273 1429 1408 1464 Latine
1423 1429 1548 1463 simili-

120 1487 290 1522 tudinem
309 1488 501 1532 inerepare
520 1488 666 1530 dicitur,
682 1499 756 1523 non
780 1489 819 1521 111
829 1488 1123 1522 similitudinem.
1167 1487 1324 1522 Wesenb.
1345 1488 1383 1520 in
1398 1486 1547 1528 Fulvio3

121 1544 182 1580 sed
200 1545 424 1590 increpando
445 1547 594 1589 uterque
615 1545 775 1580 Fulvius
800 1545 1189 1588 comprehendebatur.)
1230 1546 1270 1578 10
1295 1544 1549 1578 Romanorum

121 1602 344 1637 cecidissent
367 1603 406 1636 11
434 1605 519 1636 ante
545 1602 623 1636 sine
648 1602 754 1636 uncis
779 1601 828 1645 (I.
845 1601 894 1635 H.
913 1602 1070 1637 Vossius.
1097 1602 1255 1636 Prorsus
1278 1612 1388 1645 prave
1412 1600 1550 1635 (licitur

120 1661 206 1693 ante
245 1685 287 1693 ..
314 1687 321 1694 .
363 1659 500 1693 deinde
653 1659 789 1693 avertit
819 1669 890 1702 pro
934 1669 991 1699 eo,
1042 1657 1137 1703 quod
1181 1659 1234 1693 est
1274 1658 1435 1701 primum
1472 1684 1479 1691 .
1506 1682 1546 1690 ..

119 1715 283 1759 deinde.)
356 1715 437 1757 III,
490 1718 511 1750 9
564 1715 755 1749 Etruriam
803 1715 942 1758 (SVayo
991 1715 1088 1759 apud
1138 1714 1346 1750 Luchsium.
1427 1714 1550 1758 Lonye

112 1772 275 1817 facilius
291 1784 363 1817 pro
390 1773 532 1807 AEtolia
556 1772 710 1807 Etruria
733 1771 905 1807 substitui
939 1783 962 1806 a
987 1772 1142 1806 librario
1162 1773 1312 1815 poterat
1335 1764 1444 1815 quam
1468 1782 1549 1805 con-

120 1831 197 1874 tra;
212 1830 450 1875 frumentum
475 1841 519 1863 eoe
545 1829 687 1864 AEtolia
715 1829 913 1863 Tarentum
938 1828 1130 1863 Adriatico
1154 1828 1252 1862 mari
1277 1839 1320 1862 ex
1337 1827 1548 1872 ,propinquo

122 1887 446 1927 transvehebatur.)
494 1886 540 1928 V,
565 1886 754 1928 211abuit,
792 1885 856 1920 ubi
892 1887 914 1919 4
951 1886 1135 1920 neminem
1162 1885 1343 1927 Siculum,
1382 1885 1445 1928 qui
1471 1911 1478 1919 .
1506 1910 1514 1918 .

120 1943 293 1985 afuerint,
319 1955 395 1977 non
422 1954 521 1986 esse3
549 1944 667 1977 omnis
693 1944 713 1976 5
738 1942 890 1976 tandem
916 1946 1067 1983 terram,
1093 1942 1310 1987 frugiferam
1335 1943 1356 1975 9
1381 1941 1481 1975 redit
1525 1942 1529 1984 Ι

119 2002 231 2043 atque
256 2000 294 2033 in
320 1999 484 2034 Siciliam
510 2000 606 2045 (Ofr.
633 1999 713 2035 Em.
737 2000 824 2043 394)
851 1999 894 2032 14
919 1999 1103 2033 dictatore
1132 2025 1139 2033 .
1164 2025 1171 2032 .
1199 2025 1206 2032 .
1233 1998 1333 2032 dioto
1360 1999 1547 2042 extemplo

122 2057 163 2090 15
188 2061 313 2091 autem
345 2057 384 2091 in
409 2057 518 2091 Italia
544 2058 586 2090 16
624 2056 847 2090 dictatorem
884 2056 1028 2090 diceret
1052 2055 1128 2099 VI,
1162 2057 1204 2090 14
1234 2055 1335 2089 redit
1361 2056 1402 2089 15
1428 2055 1547 2088 factus

124 2140 130 2147 .
163 2140 170 2147 .
199 2140 205 2148 .
233 2113 367 2156 Crassi,
396 2114 511 2148 altero
541 2114 627 2155 loco,
654 2113 733 2148 sine
757 2113 863 2147 uncis
891 2114 931 2146 18
956 2113 981 2146 11
1007 2112 1097 2155 VII,
1124 2113 1144 2145 6
1175 2113 1240 2146 sed
1274 2113 1365 2146 1111111
1392 2111 1505 2155 VIII,
1531 2113 1552 2144 4

122 2170 372 2205 decemvirum
409 2170 511 2214 (Non
546 2171 662 2215 mayis
698 2171 730 2204 71.
768 2170 790 2204 l.
827 2181 936 2214 quam
961 2169 1041 2211 III,
1078 2169 1134 2206 40.
1171 2170 1217 2203 12
1248 2169 1353 2204 illam
1381 2169 1549 2214 formam

124 2238 257 2272 ponere
282 2227 408 2269 audeo,
435 2238 513 2270 qiioe
533 2226 715 2271 facillime
740 2237 784 2261 eo:
805 2226 1021 2271 proecedenti
1042 2227 1249 2261 accusativo
1287 2226 1381 2261 oriri
1416 2225 1546 2270 potuit.

121 2285 237 2328 1863.)
285 2285 326 2318 17
348 2282 586 2328 septuaginta
606 2284 754 2317 navium
768 2283 836 2325 IX,
864 2285 883 2316 7
909 2283 1008 2318 Cora
1034 2284 1076 2317 14
1101 2283 1271 2317 dicerent
1283 2282 1330 2325 X,
1360 2282 1401 2315 13
1423 2284 1547 2316 cetero

122 2351 211 2375 auro
227 2340 283 2374 usi
298 2339 406 2384 (quod
419 2341 603 2384 receptum
615 2340 753 2383 vellem)
766 2339 834 2381 XI,
849 2341 870 2374 3
890 2340 929 2374 in
954 2340 1046 2374 cella
1068 2340 1191 2385 [aedis]
1213 2339 1303 2382 XII,
1324 2341 1384 2373 2-4
1406 2349 1547 2383 oppug-

121 2400 245 2431 naret:
261 2408 304 2432 ea
316 2397 409 2431 urbe
436 2424 445 2433 .
471 2422 478 2430 .
505 2423 512 2430 .
540 2396 577 2431 in
595 2396 704 2431 Italia
718 2395 809 2430 fore.
846 2396 1005 2440 Regium
1021 2396 1546 2440 (Interp,Emf.395)3rem0-

122 2453 230 2487 randi
245 2453 339 2498 (Em.
360 2453 448 2498 ibd.)
475 2454 515 2487 17
537 2453 654 2496 (Mire
666 2452 825 2497 ponitur
848 2453 970 2496 prima
990 2465 1083 2497 quae,
1109 2464 1219 2498 quiem
1238 2451 1419 2487 artissime
1440 2450 1546 2485 eohae-

122 2510 205 2543 reat
225 2509 347 2553 prima
371 2508 478 2554 fugit.
504 2510 623 2554 1863.)
648 2508 757 2552 XIII,
774 2510 815 2542 10
841 2509 974 2543 armati
1001 2509 1197 2552 ornatique
1224 2509 1263 2541 11
1291 2508 1546 2551 cohortesque,

124 2576 204 2608 quae
229 2564 341 2608 XIV,
376 2568 397 2600 9
421 2568 500 2600 tum
524 2567 695 2601 conferta
724 2564 863 2609 (VRF3
884 2567 1110 2610 praeceperat
1133 2564 1343 2599 coniectura
1375 2563 1547 2607 Wesenb.)

128 2623 168 2656 13
200 2621 389 2667 elephanti
426 2622 524 2657 forte
549 2622 624 2658 duo
662 2621 748 2665 XV,
785 2623 807 2654 2
840 2621 998 2664 accepti3
1037 2624 1074 2655 et
1112 2622 1152 2654 15
1190 2619 1244 2654 illi
1281 2621 1361 2654 loco
1396 2619 1500 2661 XVI,
1526 2621 1547 2653 6
