1789 2955
457 71 572 105 Liber
597 70 742 105 XXVI.
814 71 874 114 (A.
901 71 965 106 oh.
992 73 1085 114 211.)
1467 73 1491 110 3

56 199 235 248 legiones
259 211 362 244 suas,
389 211 507 247 quam
524 198 722 247 proderet.
770 198 915 248 Itaque
932 213 1023 236 vere
1042 198 1121 235 dici
1141 211 1267 247 posse,
1294 197 1405 246 prius
1425 210 1489 234 eos

58 271 218 321 perisse,
242 282 356 318 quam
383 269 567 306 viderent
594 269 756 316 hostem,
782 284 853 307 nec
879 271 929 307 ab
949 270 1191 314 Hannibale,
1217 268 1284 304 sed
1302 269 1351 305 ab
1370 269 1491 317 impe-

57 346 188 379 ratore
212 354 282 378 suo
306 342 432 379 victos
457 354 552 379 esse.
606 342 824 389 Neminem,
851 355 970 391 quum
1000 341 1232 388 suffragium
1252 340 1369 384 ineat,
1396 339 1493 376 satis
1514 339 1536 373 9

58 426 230 458 cernere,
258 413 324 449 cui
357 412 577 462 imperium,
609 414 672 450 cui
704 414 918 450 exercitum
952 413 1167 462 permittat.
1229 411 1337 457 Quid
1370 411 1490 447 inter-

57 485 177 522 fuisse
196 484 300 521 inter
313 484 374 522 Ti.
412 482 690 533 Sempronium
711 488 748 522 et
770 484 1083 523 Oanlvinoffl
1121 484 1181 521 Τί.
1196 483 1491 529 Semproniana,
1515 482 1566 518 10

58 569 178 606 quum
210 556 248 592 ei
280 568 485 593 servorum
516 557 713 593 exercitus
746 557 861 593 datus
903 559 1024 598 esset,
1069 555 1181 593 brevi
1221 553 1394 591 effecisse
1433 553 1491 590 di-

57 628 229 677 sciplina
260 631 379 677 atque
409 628 589 677 imperio,
635 631 679 665 ut
710 642 823 666 nemo
856 641 989 664 eorum
1022 627 1179 675 generis
1211 640 1255 662 ac
1288 625 1493 674 sanguinis

58 699 118 737 sui
143 712 291 736 memor
315 699 356 736 in
376 700 461 736 acie
479 703 592 745 esset,
619 700 806 749 praesidio
824 699 953 745 sociis,
980 699 1161 736 hostibus
1178 698 1326 734 terrori
1344 700 1490 743 essent,

59 770 214 817 Cumas,
232 771 504 808 Beneventum
529 772 710 820 aliasque
741 772 859 808 urbes
892 785 956 808 eos
988 771 1099 807 velut
1130 784 1149 806 e
1182 768 1365 805 faucibus
1382 769 1492 805 Han-

58 842 206 880 nibalis
238 846 394 892 ereptas
426 843 575 892 populo
603 844 783 881 Romano
816 844 1052 880 restituisse.
1101 841 1169 879 On.
1189 841 1379 877 Fulvium
1399 840 1494 887 Qui·
1517 840 1563 875 11

58 914 199 951 ritium
215 914 486 951 Romanorum
511 916 738 962 exercitum,
763 915 926 952 honeste
955 915 1121 962 genitos,
1149 913 1374 949 liberaliter
1401 913 1493 949 edu-

60 989 181 1031 catos,
213 987 425 1024 servilibus
455 988 566 1024 vitiis
600 988 800 1024 imbuisse.
848 987 956 1035 Ergo
990 985 1178 1029 effecisse,
1210 988 1253 1020 ut
1281 985 1430 1021 feroces
1456 987 1495 1021 et

62 1058 233 1107 inquieti
265 1058 370 1095 inter
402 1059 541 1105 socios,
589 1060 725 1107 ignavi
765 1063 803 1096 et
834 1059 1017 1095 imbelles
1050 1058 1155 1093 inter
1187 1056 1320 1092 hostes
1352 1059 1493 1103 essent,

60 1143 131 1166 nec
164 1127 356 1178 impetum
388 1131 503 1167 modo
536 1131 761 1177 Poenorum,
794 1131 861 1168 sed
894 1145 942 1167 ne
974 1130 1186 1166 clamorem
1219 1127 1379 1176 quidem
1411 1141 1494 1164 sus-

58 1201 189 1238 tinere
205 1205 376 1251 possent.
423 1202 506 1240 Nec
538 1203 698 1240 hercule
717 1203 858 1239 mirum
879 1216 972 1247 esse,
992 1202 1158 1239 cessisse
1178 1199 1324 1236 milites
1341 1200 1380 1236 in
1400 1199 1495 1245 acie,
1519 1197 1567 1234 12

61 1286 181 1322 quum
222 1273 373 1322 primus
413 1275 585 1311 omnium
627 1275 843 1324 imperator
881 1274 1056 1322 fugeret,
1104 1271 1227 1319 magis
1267 1271 1403 1307 mirari
1446 1270 1569 1317 se,13

61 1345 214 1394 aliquos
254 1349 404 1383 stantes
444 1347 637 1384 cecidisse
676 1350 714 1383 et
756 1360 832 1382 non
873 1359 1006 1382 omnes
1048 1344 1212 1380 comites
1255 1345 1325 1380 Cn.
1360 1343 1495 1380 Fulvii

60 1417 182 1454 fuisse
214 1418 375 1466 pavoris
407 1432 452 1455 ac
482 1419 597 1467 fugae.
660 1418 700 1455 C.
719 1418 972 1463 Flaminium,
1004 1417 1050 1455 L.
1069 1416 1253 1460 Paulum,
1285 1415 1330 1451 L.
1349 1415 1492 1452 Postu-

61 1489 195 1535 mium,
245 1489 316 1529 Cn.
356 1504 401 1527 ac
439 1491 484 1528 P.
517 1489 725 1540 Scipiones
765 1490 906 1527 cadere
948 1490 988 1526 in
1030 1489 1113 1526 acie
1154 1487 1339 1523 maluisse
1378 1499 1495 1535 quam

63 1560 243 1598 deserere
289 1562 579 1599 circumventos
620 1563 837 1609 exercitus,
885 1561 954 1599 Cn.
989 1560 1177 1598 Fulvium
1218 1572 1342 1608 prope
1374 1572 1495 1595 unum
1516 1557 1566 1594 14

61 1632 246 1669 nuntium
278 1632 401 1670 deleti
433 1634 631 1671 exercitus
663 1634 832 1671 Romam
864 1633 1028 1670 redisse.
1083 1632 1255 1668 Facinus
1287 1630 1495 1678 indignum

63 1716 157 1750 esse,
190 1703 435 1742 Cannensem
469 1706 699 1751 exercitum,
732 1705 837 1754 quod
870 1719 918 1741 ex
950 1705 1033 1741 acie
1065 1704 1226 1751 fugerit,
1258 1703 1298 1738 in
1317 1701 1495 1738 Siciliam

62 1775 327 1824 deportatum,
368 1791 416 1813 ne
446 1778 560 1826 prins
591 1777 683 1814 inde
715 1777 953 1823 dimittatur,
985 1789 1103 1825 quam
1135 1774 1263 1811 hostis
1295 1787 1343 1810 ex
1374 1773 1497 1809 Italia

64 1847 289 1895 decesserit,
320 1853 359 1885 et
388 1849 462 1886 hoc
495 1849 599 1886 idem
622 1851 663 1886 in
690 1849 760 1886 Cn.
778 1849 914 1886 Fulvii
946 1847 1174 1896 legionibus
1205 1859 1331 1895 nuper
1363 1845 1495 1881 decre-

60 1923 157 1967 tum,
189 1920 259 1957 Cn.
276 1921 422 1958 Fulvio
448 1921 583 1969 fugam
616 1935 664 1957 ex
695 1921 838 1970 proelio
870 1920 995 1970 ipsius
1025 1918 1254 1956 temeritate
1287 1917 1494 1953 commisso
1516 1914 1564 1952 15

61 1992 296 2041 impunitam
336 2006 430 2040 esse,
475 1997 514 2030 et
552 2006 640 2030 eum
678 1993 718 2029 in
758 2006 885 2040 ganea
916 1991 1144 2039 lustrisque,
1190 1989 1262 2026 ubi
1295 1990 1496 2025 iuventam

63 2064 201 2112 egerit,
233 2068 475 2102 senectutem
507 2068 699 2111 acturum,
736 2064 896 2110 milites,
937 2063 1006 2112 qui
1036 2062 1139 2099 nihil
1171 2061 1278 2098 aliud
1309 2073 1496 2110 peccave·
1519 2060 1567 2096 16

61 2136 157 2186 rint,
191 2150 308 2185 quam
341 2136 449 2186 quod
479 2137 731 2186 imperatoris
763 2135 914 2172 similes
945 2135 1105 2181 fuerint,
1143 2133 1342 2181 relegatos
1373 2144 1498 2181 prope

64 2207 105 2244 in
137 2208 320 2245 exsilium
351 2207 652 2256 ignominiosam
685 2208 771 2256 pati
801 2207 1003 2253 militiam;
1037 2206 1135 2243 adeo
1160 2206 1353 2253 imparem
1377 2204 1496 2240 liber-

61 2281 184 2316 tatem
201 2279 340 2317 Romae
364 2279 441 2316 diti
473 2293 517 2316 ac
550 2279 727 2328 pauperi,
757 2279 951 2316 honorato
983 2282 1102 2327 atque
1134 2277 1370 2314 inhonorato
1402 2288 1497 2312 esse.

64 2349 172 2389 Reus
204 2352 253 2389 ab
285 2365 325 2389 se
357 2353 513 2401 culpam
542 2352 582 2388 in
608 2351 752 2388 milites
775 2350 1061 2388 transferebat:
1094 2362 1159 2386 eos
1183 2348 1369 2385 ferociter
1396 2359 1492 2396 pug-
1583 2341 1610 2389 3

64 2436 156 2460 nam
186 2428 393 2473 poscentes
423 2423 639 2473 productos
670 2424 710 2460 in
750 2423 885 2469 aciem,
930 2435 1008 2459 non
1055 2435 1111 2468 eo,
1160 2433 1238 2469 quo
1283 2418 1498 2465 voluerint,

65 2495 158 2543 quia
189 2508 317 2532 serum
349 2495 431 2532 diei
462 2495 596 2542 fuerit,
641 2495 710 2532 sed
742 2498 902 2544 postero
934 2493 1008 2538 die,
1052 2495 1089 2529 et
1129 2496 1307 2540 tempore
1340 2493 1379 2526 et
1409 2489 1496 2526 loco

65 2577 178 2616 aequo
209 2567 436 2614 instructos,
466 2580 534 2604 seu
565 2567 709 2604 famam
740 2580 810 2604 seu
838 2566 916 2603 vim
942 2563 1117 2600 hostium
1145 2576 1223 2599 non
1249 2562 1497 2599 sustinuisse.

1183 2630 1223 2663 1*
