1789 2955
267 100 348 139 180

778 976 962 1024 Liber
998 975 1190 1023 ΧΧΙΧ.

267 1125 423 1208 Scipio
454 1160 664 1207 postquam
682 1159 723 1196 in
741 1157 923 1197 Siciliam
949 1159 1072 1207 venit,
1101 1159 1349 1197 voluntarios
1373 1160 1519 1198 milites
1543 1160 1698 1199 ordina-

225 1235 247 1270 2
265 1231 322 1268 vit
353 1230 683 1280 centuriavitque.
736 1230 798 1268 Ex
829 1231 879 1269 iis
916 1235 1114 1269 trecentos
1155 1232 1335 1280 iuvenes,
1365 1232 1552 1272 florentes
1584 1237 1700 1272 aetate

265 1307 304 1341 et
330 1303 476 1342 virium
502 1302 648 1341 robore
678 1303 864 1352 insignes,
897 1305 1002 1341 circa
1033 1318 1073 1341 se
1097 1304 1280 1352 habebat,
1311 1305 1553 1354 ignorantes,
1583 1319 1700 1356 quem

221 1375 314 1415 3ad
343 1389 462 1413 usum
493 1389 622 1425 neque
655 1377 867 1414 centuriati
911 1390 1039 1426 neque
1084 1377 1226 1414 armati
1273 1381 1536 1414 servarentur.
1597 1376 1699 1415 Tum

267 1463 315 1486 ex
345 1449 469 1486 totius
487 1447 635 1485 Siciliae
666 1449 865 1486 iuniorum
891 1462 1053 1486 numero
1085 1449 1286 1498 principes
1310 1462 1455 1498 genere
1479 1453 1519 1486 et
1540 1450 1701 1487 fortuna

264 1525 464 1559 trecentos
496 1521 669 1571 equites,
712 1521 782 1570 qui
814 1534 944 1558 secum
989 1522 1031 1558 in
1062 1521 1245 1558 Africam
1289 1521 1546 1570 traiicerent,
1592 1522 1702 1570 legit,

266 1593 450 1643 diemque
482 1593 544 1640 iis,
575 1607 653 1643 qua
686 1593 798 1643 equis
830 1594 1027 1643 armisque
1059 1593 1245 1631 instructi
1276 1596 1395 1643 atque
1427 1594 1558 1631 ornati
1590 1594 1702 1632 ades-

225 1669 249 1705 4
268 1669 366 1712 sent,
398 1665 532 1703 edixit.
608 1664 753 1703 Gravis
784 1679 829 1703 ea
859 1666 1018 1712 militia,
1049 1666 1191 1715 procul
1221 1665 1348 1713 domo,
1382 1669 1490 1703 terra
1519 1666 1701 1717 marique

270 1739 414 1776 multos
444 1737 613 1785 labores,
651 1751 794 1787 magna
839 1738 1019 1788 pericula
1063 1738 1252 1785 allatura,
1296 1738 1529 1785 videbatur3
1574 1752 1702 1789 neque

267 1812 372 1861 ipsos
405 1811 534 1856 modO,
566 1810 634 1848 sed
649 1815 834 1861 parentes
860 1815 1129 1861 cognatosque
1155 1824 1290 1848 eorum
1318 1823 1363 1848 ea
1396 1824 1490 1848 cura
1517 1811 1703 1860 angebat.

225 1885 247 1922 5
267 1883 350 1921 Ubi
382 1883 480 1930 dies,
514 1897 600 1932 quae
632 1883 741 1921 dicta
772 1887 874 1929 erat,
907 1883 1091 1930 advenit,
1131 1897 1239 1920 arma
1280 1896 1480 1932 equosque
1519 1882 1700 1921 ostende-

266 1959 370 1992 runt.
434 1955 536 1992 Tum
569 1953 706 2005 Scipio
752 1955 976 1993 renuntiari
1018 1956 1097 1993 sibi
1143 1956 1268 2002 dixit,
1316 1956 1508 2004 quosdam
1547 1955 1700 2005 equites

268 2027 497 2065 Siculorum
527 2031 719 2078 tanquam
750 2041 910 2077 gravem
942 2031 982 2064 et
1013 2028 1153 2066 duram
1183 2028 1345 2066 horrere
1377 2041 1461 2066 eam
1494 2027 1699 2074 militiam3

227 2100 302 2138 6si
334 2100 402 2150 qui
433 2100 489 2137 ita
521 2100 686 2138 animati
718 2103 869 2147 essent,
916 2100 1034 2137 malle
1079 2114 1145 2138 eos
1191 2099 1271 2137 sibi
1317 2099 1396 2136 iam
1440 2104 1524 2137 tum
1568 2099 1699 2146 fateri,

267 2186 384 2222 quam
416 2172 625 2222 postmodo
657 2175 867 2221 querentes
899 2186 1038 2222 segnes
1075 2175 1194 2222 atque
1240 2172 1404 2210 inutiles
1449 2171 1596 2208 milites
1639 2171 1700 2208 rei

267 2244 440 2294 publicae
472 2257 579 2290 esse,
612 2249 901 2293 expromerent,
934 2245 1032 2295 quid
1063 2245 1279 2293 sentirent3
1322 2258 1409 2281 cum
1448 2243 1552 2281 bona
1583 2243 1700 2281 venia

228 2319 310 2354 7se
342 2315 586 2354 auditurum.
632 2315 716 2353 Ubi
748 2330 796 2352 ex
826 2317 874 2354 iis
906 2331 1007 2355 unus
1038 2331 1156 2355 ausus
1188 2321 1247 2355 est
1277 2316 1426 2364 dicere,
1457 2330 1498 2353 se
1527 2329 1700 2366 prorsus,

224 2390 248 2428 8
267 2389 300 2426 si
330 2388 421 2435 sibi,
452 2393 585 2426 utrum
611 2388 743 2435 vellet,
776 2389 946 2426 liberum
973 2394 1085 2436 esset,
1116 2389 1223 2426 nolle
1246 2389 1435 2435 militare,
1464 2391 1547 2425 tum
1565 2386 1699 2437 Scipio

267 2461 322 2499 ei:
359 2461 584 2509 „Quoniam
605 2461 740 2510 igitur,
757 2461 997 2508 adolescens,
1015 2461 1112 2511 quid
1130 2461 1309 2508 sentires,
1326 2474 1404 2498 non
1427 2459 1700 2507 dissimulasti,

266 2534 461 2571 vicarium
492 2533 568 2570 tibi
609 2533 838 2583 expediam,
884 2533 947 2570 cui
991 2536 1036 2570 tu
1067 2546 1175 2570 arma
1221 2546 1442 2584 equumque
1489 2536 1528 2570 et
1567 2535 1699 2570 cetera

267 2606 531 2643 instrumenta
571 2606 724 2643 militiae
761 2605 896 2643 tradas
929 2609 967 2642 et
996 2609 1126 2642 tecum
1165 2605 1258 2643 hinc
1299 2605 1498 2655 extemplo
1538 2605 1697 2643 domum

220 2678 408 2729 9ducas,
455 2691 660 2725 exerceas,
707 2677 925 2716 docendum
973 2691 1083 2715 cures
1130 2690 1231 2727 equo
1275 2678 1513 2728 armisque.“
1582 2677 1694 2715 Laeto
