1789 2955
248 91 325 128 138
625 87 742 122 Liber
767 87 958 122 XXVIII.
1006 89 1068 132 (A.
1094 99 1129 121 u.
1156 99 1185 122 c.
1211 88 1304 132 548.)

241 220 302 252 tos
333 228 472 264 passus
505 215 608 252 acies
638 216 743 253 inter
773 229 857 253 sese
887 215 1067 261 aberant,
1104 215 1219 263 signo
1250 215 1433 265 receptui
1466 214 1556 252 dato
1590 213 1677 252 Sci-

242 287 310 337 pio
342 287 635 336 patefactisque
662 287 872 324 ordinibus
896 287 1117 337 equitatum
1143 300 1297 324 omnem
1321 287 1527 336 levemque
1551 300 1678 325 arma-

241 363 370 396 turam
417 359 460 396 in
497 359 670 396 medium
712 362 914 408 acceptam
957 359 1206 407 divisamque
1246 359 1288 395 in
1327 362 1461 408 partes
1499 359 1596 396 duas
1636 359 1678 396 in

167 431 216 467 14
237 430 429 468 subsidiis
455 434 545 480 post
570 443 718 468 cornua
742 430 859 469 locat.
907 430 1018 475 Inde,
1050 430 1122 466 ubi
1156 430 1391 479 incipiendae
1424 430 1502 467 iam
1533 443 1677 480 pugnae

241 506 396 552 tempus
437 505 532 548 erat,
577 502 782 551 Hispanos
823 504 886 551 (ea
924 503 1059 539 media
1099 502 1204 538 acies
1244 502 1336 550 fuit)
1375 515 1511 550 presso
1549 502 1679 550 gradu

172 574 426 611 l5incedere
467 573 598 619 iubet;
644 573 729 622 ipse
769 588 788 611 e
830 574 973 612 dextro
1013 587 1134 611 cornu
1174 573 1249 623 (ibi
1288 587 1459 622 namque
1490 575 1677 622 praeerat)

241 645 425 682 nuntium
450 646 501 682 ad
529 644 711 682 Silanum
736 650 775 683 et
798 646 994 683 Marcium
1018 646 1156 691 mittit,
1189 648 1234 682 ut
1264 659 1387 682 cornu
1419 645 1680 682 extenderent

241 718 281 754 in
313 717 515 754 sinist-ram
540 721 706 766 partem,
738 717 1070 767 quemadmodum
1095 731 1135 754 se
1159 717 1390 754 tendentem
1417 716 1466 753 ad
1494 717 1674 754 dextram

167 789 219 827 16
237 789 445 835 vidissent,
491 792 530 825 et
568 802 658 826 cum
699 790 900 839 expeditis
932 789 1114 839 peditum
1147 789 1404 838 equitumque
1434 789 1547 838 prius
1577 802 1677 838 pug-

240 874 330 897 nam
364 864 619 898 consererent
649 875 737 899 cum
768 862 892 907 hoste,
925 874 1044 910 quam
1076 861 1183 898 coire
1210 861 1315 897 inter
1341 874 1381 897 se
1405 861 1548 898 mediae
1568 861 1678 898 'acies

171 933 220 969 17
238 936 411 982 possent.
472 932 536 969 Ita
569 932 744 970 diductis
776 933 974 979 cornibus,
1021 946 1108 969 cum
1138 933 1264 969 ternis
1294 933 1474 981 peditum
1505 931 1677 969 cohorti-

239 1005 312 1041 bus
343 1004 547 1053 ternisque
579 1005 756 1054 equitum
788 1005 945 1050 turmis,
978 1004 1028 1041 ad
1059 1004 1133 1041 hoc
1163 1004 1364 1051 velitibus,
1399 1004 1519 1040 citato
1551 1003 1679 1052 gradu

168 1076 277 1113 1811]
308 1076 459 1113 hostem
492 1076 702 1122 ducebant,
735 1076 995 1126 sequentibus
1027 1075 1068 1113 in
1100 1076 1309 1126 obliquum
1341 1076 1446 1122 aliis3
1494 1076 1606 1112 sinus
1636 1075 1678 1111 in

172 1149 219 1185 19
240 1148 369 1185 medio
410 1151 506 1194 erat,
553 1161 631 1197 qua
673 1149 832 1196 segnius
865 1148 1138 1197 Hispanorum
1169 1148 1283 1196 signa
1314 1147 1566 1185 incedebant.
1624 1146 1679 1184 Et

239 1220 316 1257 iam
350 1220 616 1257 conflixerant
647 1233 806 1266 cornua,
838 1234 972 1269 quum,
1005 1220 1113 1269 quod
1144 1219 1299 1257 roboris
1326 1219 1366 1255 in
1393 1219 1478 1257 acie
1504 1219 1677 1256 hostium

240 1295 336 1337 erat,
369 1291 487 1329 Poeni
518 1291 696 1329 veterani
714 1291 889 1341 Afrique
920 1292 1094 1329 nondum
1127 1291 1176 1328 ad
1207 1291 1279 1328 teli
1305 1291 1524 1328 coniectum
1549 1290 1677 1327 venis-

239 1367 336 1409 sent,
384 1377 512 1413 neque
546 1364 585 1400 in
618 1377 778 1409 cornua,
823 1366 868 1399 ut
905 1363 1141 1400 adiuvarent
1171 1366 1407 1412 pugnantes,
1453 1362 1677 1399 discurrere

239 1435 448 1481 auderent,‘
489 1449 537 1473 ne
584 1436 787 1485 aperirent
832 1434 1001 1472 mediam
1043 1434 1167 1471 aciem
1204 1434 1383 1472 venienti
1422 1448 1469 1470 ex
1509 1434 1675 1471 adverso

165 1507 217 1543 20
236 1507 354 1544 hosti.
430 1506 590 1544 Cornua
631 1507 801 1556 ancipiti
841 1507 984 1556 proelio
1025 1506 1290 1554 urgebantur,
1338 1519 1458 1555 eques
1497 1506 1676 1554 levisque

239 1582 440 1615 armatura
479 1590 527 1616 ac
567 1578 709 1615 velites
751 1578 1034 1615 circumductis
1065 1578 1138 1615 alis
1171 1577 1211 1614 in
1242 1577 1368 1615 latera
1398 1577 1678 1618 incurrebant;

238 1650 422 1687 cohortes
453 1664 476 1687 a
506 1650 637 1687 fronte
668 1651 877 1700 urgebant,
923 1653 968 1686 ut
999 1649 1284 1698 abrumperent
1314 1662 1462 1686 cornua
1492 1663 1515 1686 a
1546 1653 1677 1686 cetera

96 1719 147 1766 15
237 1722 342 1767 acie,
382 1725 421 1758 et
452 1735 573 1771 quum
606 1722 654 1758 ab
686 1722 795 1759 omni
825 1726 939 1771 parte
969 1721 1279 1771 haudquaquam
1309 1735 1382 1770 par
1412 1734 1548 1770 pugna
1579 1723 1677 1766 erat,

237 1799 320 1831 tum
352 1794 460 1843 quod
490 1794 609 1831 turba
640 1793 862 1831 Baliarium
900 1793 1158 1842 tironumque
1189 1793 1462 1842 Hispanorum
1493 1792 1676 1830 Romano

195 1867 217 1902 2
236 1866 465 1915 Latinoque
503 1866 627 1902 militi
660 1866 818 1903 obiecta
848 1869 945 1903 erat.
1007 1865 1061 1902 Et
1090 1865 1333 1914 procedente
1367 1865 1444 1902 iam
1476 1864 1540 1901 die
1571 1864 1676 1902 vires

238 1937 357 1973 etiam
404 1937 571 1974 deficere
618 1937 888 1974 Hasdrubalis
935 1937 1155 1974 exercitum
1200 1941 1418 1986 coeperant,
1465 1949 1676 1985 oppressos

237 2010 435 2046 matutino
467 2010 641 2046 tumultu
673 2012 923 2058 coactosque,
962 2009 1195 2058 priusquam
1227 2009 1315 2046 cibo
1348 2021 1515 2057 corpora
1544 2007 1676 2044 firma-

196 2081 219 2117 3
238 2084 337 2126 rent,
369 2081 516 2129 raptim
548 2081 589 2117 in
620 2082 744 2117 aciem
776 2081 905 2128 exire3
937 2084 976 2117 et
1007 2081 1056 2118 ad
1087 2080 1129 2118 id
1161 2080 1298 2118 sedulo
1324 2080 1427 2117 diem
1452 2082 1677 2116 extraxerat

240 2150 391 2201 Scipio,
439 2155 483 2188 ut
522 2166 609 2189 sera
647 2166 782 2202 pugna
819 2155 942 2198 esset3
987 2166 1078 2189 nam
1111 2152 1159 2189 ab
1192 2152 1360 2202 septima
1390 2152 1546 2189 demum
1578 2151 1677 2188 hora

196 2223 419 2273 4peditum
451 2223 565 2271 signa
597 2238 619 2261 a
650 2225 836 2261 cornibus
869 2227 1172 2271 concurrerunt3
1204 2224 1255 2260 ad
1285 2223 1436 2261 medias
1469 2223 1573 2260 acies
1603 2223 1675 2259 ali—

238 2299 389 2344 quanto
422 2295 548 2332 serius
579 2296 761 2344 pervenit
791 2309 936 2345 pugna,
966 2296 1023 2333 ita
1053 2299 1098 2332 ut
1128 2295 1240 2346 prius
1265 2299 1382 2333 aestus
1407 2308 1429 2332 a
1451 2294 1675 2331 meridiano

238 2367 321 2404 sole
362 2367 554 2416 laborque
593 2367 726 2404 standi
765 2367 837 2404 sub
870 2368 991 2404 armis
1022 2370 1061 2404 et
1091 2367 1210 2404 simul
1240 2367 1362 2404 fames
1394 2367 1561 2415 sitisque
1592 2378 1675 2402 cor—

198 2439 337 2487 5pora
368 2438 584 2484 afficerent,
624 2451 741 2488 quam
774 2452 913 2475 manus
944 2452 1031 2475 cum
1062 2439 1174 2476 hoste
1205 2440 1470 2476 consererent.
1531 2437 1676 2486 Itaque

238 2513 437 2546 steterunt
475 2510 597 2547 scutis
637 2511 780 2549 innixi.
842 2509 929 2547 Iam
967 2523 1086 2559 super
1124 2514 1256 2547 cetera
1295 2509 1499 2559 elephanti
1540 2509 1674 2557 etiam,

238 2582 482 2619 tumultuoso
516 2595 661 2631 genere
691 2594 835 2632 pugnae
867 2582 1047 2631 equitum
1078 2581 1324 2630 velitumque
1355 2584 1396 2617 et
1424 2580 1524 2618 levis
1547 2593 1674 2617 arma-

237 2657 337 2690 turae
370 2654 626 2700 consternati,
659 2668 677 2691 e
709 2653 896 2691 cornibus
926 2653 967 2690 in
990 2652 1160 2690 mediam
1187 2653 1309 2690 aciem
1335 2665 1418 2689 sese
1445 2651 1675 2688 intulerant.
