1789 2955
431 78 548 113 Liber
571 78 764 116 XXVIII.
814 82 875 125 (A.
903 81 969 115 Ch.
995 82 1203 123 206—205.)
1452 82 1532 120 165

96 203 322 253 frequentes
354 208 394 242 et
424 205 465 242 in
490 205 734 256 Capitolium
766 207 816 245 ad
850 208 1119 246 immolantem
1154 221 1257 258 eum7
1290 221 1410 257 quum
1445 220 1533 244 cen-

94 277 178 312 tum
212 275 342 313 bubus
373 277 475 314 votis
504 278 545 315 in
562 278 764 328 Hispania
787 279 877 317 Iovi
905 280 1172 326 sacrificaret3
1204 279 1535 329 spondebantque
1555 278 1577 310 ἱ)

97 347 248 394 animis,
280 348 385 385 sicut
417 348 458 386 C.
489 350 679 388 Lutatius
725 352 909 400 superius
956 353 1106 389 bellum
1138 351 1337 388 Punicum
1370 351 1536 398 finisset,

95 419 152 456 ita
183 419 237 466 id,
269 421 376 469 quod
401 421 581 468 instaret,
599 422 645 460 P.
666 422 896 461 Cornelium
913 424 1133 472 finiturmm
1155 426 1286 472 atque,
1307 423 1368 459 uti
1386 422 1533 471 Hispa·
1558 421 1608 457 10

93 491 161 528 nia
191 492 299 529 omni
331 492 479 530 Poenos
512 494 744 543 expulisset,
775 495 830 532 sic
870 495 993 533 Italia
1032 496 1240 545 pulsurum
1287 507 1390 540 esse;
1423 493 1533 531 Afri-

92 576 260 613 camque
292 564 339 610 ei,
370 564 538 614 perinde
569 579 614 603 ac
647 567 890 604 debellatum
922 569 962 604 in
987 568 1110 605 Italia
1140 567 1254 613 foret,
1284 566 1533 615 provinciam

93 634 363 673 destinabant.
426 636 623 674 Praetoria
654 637 750 675 inde
782 639 945 677 comitia
976 640 1126 676 habita.
1183 637 1317 675 Creati
1344 637 1434 684 duo,
1467 636 1605 686 quill

94 709 177 743 tum
209 706 347 744 aediles
377 707 510 757 plebis
551 713 676 760 erant,
711 709 778 760 Sp.
808 711 1022 748 Lucretius
1065 714 1105 747 et
1137 710 1205 747 Cn.
1239 708 1450 755 Octavius,
1497 712 1535 745 et

96 791 144 815 ex
177 778 346 828 privatis
378 778 448 817 Cn.
481 778 679 819 Servilius
712 781 848 832 Caepio
881 786 920 819 et
951 783 996 820 L.
1027 783 1217 819 AEmilius
1249 781 1396 831 Papus.

207 849 362 896 Quarto
395 852 551 890 decimo
584 867 685 890 anno
717 854 864 891 Punici
895 855 994 892 belli
1018 855 1063 892 P.
1092 854 1305 892 Cornelius
1332 851 1468 902 Scipio
1495 858 1533 888 et
1555 851 1602 887 12

92 921 139 958 P.
170 921 352 960 Licinius
385 924 551 962 Crassus
582 930 627 962 ut
657 927 906 963 consulatum
951 927 1147 973 inierunt,
1193 925 1407 963 nominatae
1441 907 1736 967 con-‘'Xudlfsddsss

92 994 246 1031 sulibus
277 996 494 1044 provinciae
526 1000 630 1044 sunt,
663 997 805 1035 Sicilia
837 996 1017 1048 Scipioni
1062 1001 1173 1034 extra
1205 1001 1364 1044 sortem,
1398 1010 1534 1034 conce-

93 1065 214 1121 dente
245 1067 412 1117 collega,
460 1069 553 1118 quia
585 1083 785 1107 sacrorum
826 1083 922 1107 cura
967 1069 1198 1119 pontificem
1245 1070 1459 1106 maximum
1493 1068 1532 1104 in

90 1137 216 1176 Italia
245 1139 461 1187 retinebat,
493 1142 650 1178 Bruttii
668 1141 824 1179 Crasso.
872 1141 973 1178 Tum
1006 1142 1204 1191 praetoriae
1234 1138 1457 1190 provinciae
1490 1137 1531 1173 in
1554 1135 1604 1172 13

91 1214 238 1248 sortem
273 1213 473 1249 coniectae.
542 1212 712 1250 Urbana
759 1213 828 1251 Cn.
867 1212 1043 1251 Servilio
1091 1214 1250 1263 obtigit,
1299 1210 1533 1249 Ariminum

90 1281 166 1331 (ita
197 1281 375 1320 Galliam
417 1284 694 1336 appellabant)
740 1283 807 1335 Sp.
853 1285 1055 1331 Lucretio,
1103 1284 1243 1322 Sicilia
1274 1284 1320 1321 L.
1352 1281 1533 1326 AEmilio,

92 1353 163 1391 Cn.
196 1353 365 1392 Octavio
397 1354 597 1394 Sardinia.

206 1424 378 1464 Senatus
410 1428 449 1464 in
483 1426 684 1478 Capitolio
716 1429 892 1467 habitus.
938 1429 1005 1466 Ibi
1037 1429 1233 1465 referente
1265 1427 1311 1464 P.
1345 1425 1535 1475 Scipione
1556 1422 1606 1459 14

91 1501 253 1535 senatus
271 1500 496 1537 consultum
514 1501 661 1538 factum
688 1506 757 1547 est,
789 1504 845 1548 ut,
878 1515 977 1550 quos
1010 1500 1127 1537 ludos
1159 1501 1266 1538 inter
1298 1498 1533 1537 seditionem

92 1569 312 1608 militarem
343 1571 385 1608 in
416 1571 619 1621 Hispania
648 1573 837 1620 vovisset,
870 1587 917 1610 ex
946 1586 991 1610 ea
1015 1573 1194 1622 pecunia,
1226 1585 1344 1621 quam
1376 1571 1461 1619 ipse
1492 1570 1534 1606 in

90 1641 275 1679 aerarium
307 1642 543 1690 detulisset,
581 1644 742 1683 faceret.
819 1644 921 1681 Tum
954 1644 1269 1693 Saguntinorum
1301 1644 1456 1692 legatos
1490 1641 1529 1677 in
1605 1633 1658 1682 39

90 1717 270 1751 senatum
303 1714 541 1753 introduxit.
589 1716 650 1752 Ex
684 1717 741 1754 eis
773 1716 969 1754 maximus
993 1720 1109 1753 natu:
1145 1716 1260 1765 „Etsi
1291 1714 1395 1752 nihil
1426 1713 1534 1750 ultra

92 1785 288 1824 malorum
330 1790 399 1832 est,
441 1790 576 1836 patres
609 1788 840 1837 conscripti,
873 1801 989 1837 quam
1024 1788 1131 1838 quod
1169 1788 1278 1838 passi
1309 1799 1455 1835 suniuS,
1488 1789 1533 1822 ut

91 1857 141 1894 ad
173 1858 360 1895 ult-imum
391 1858 507 1896 fidem
541 1859 657 1897 vobis
681 1862 971 1909 praestaremus,
1002 1863 1137 1897 tamen
1162 1873 1206 1897 ea
1229 1863 1362 1897 vestra
1390 1858 1532 1895 merita

90 1930 460 1980 imperatorumque
486 1934 710 1968 vestrorum
743 1945 841 1981 erga
868 1945 939 1969 nos
974 1933 1147 1979 fuerunt,
1179 1935 1223 1968 ut
1255 1945 1326 1969 nos
1359 1930 1531 1967 cladium

90 2005 315 2040 nostrarum
355 2017 432 2040 non
465 2003 668 2053 paeniteat.
743 2002 905 2040 Bellum
950 2007 1116 2053 propter
1162 2017 1232 2040 nos
1279 2003 1572 2052 suscepistis32

91 2077 318 2123 susceptum
350 2078 537 2124 quartum
569 2075 767 2112 decimum
798 2088 945 2112 annum
977 2078 1059 2113 tam
1085 2076 1345 2123 pertinaciter
1375 2075 1528 2123 geritis.

89 2148 135 2182 ut
165 2159 269 2196 saepe
301 2146 349 2184 ad
382 2147 566 2184 ultimum
600 2147 814 2184 discrimen
854 2151 895 2184 et
932 2147 1010 2197 ipsi
1041 2148 1237 2184 veneritis
1270 2150 1309 2184 et
1339 2147 1530 2196 populum

91 2216 465 2267 Carthaginiensem
483 2219 746 2257 adduxeritis.
794 2218 925 2265 Quum
944 2220 985 2256 in
1003 2219 1128 2257 Italia
1143 2223 1225 2256 tam
1250 2222 1363 2256 atrox
1382 2219 1533 2255 bellum
1553 2219 1575 2255 33

88 2293 128 2326 et
156 2289 430 2328 Hannibalem
461 2291 614 2328 hostem
645 2291 861 2338 haberetis,
908 2291 1109 2328 consulem
1158 2304 1246 2327 cum
1279 2291 1458 2327 exercitu
1489 2290 1530 2327 in

89 2360 328 2411 Hispaniam
373 2364 485 2401 velut
531 2364 581 2401 ad
627 2363 875 2413 colligendas
920 2363 1116 2412 reliquias
1163 2363 1365 2411 naufragii
1404 2362 1531 2399 nostri

92 2433 269 2474 misistis.
330 2434 376 2472 P.
408 2438 446 2472 et
479 2434 549 2472 Cn.
570 2434 763 2481 Cornelii,
795 2448 842 2471 ex
877 2447 955 2484 quo
983 2435 1024 2472 in
1050 2434 1300 2483 provinciam
1327 2434 1578 2480 venerunt‚4

89 2505 201 2543 nullo
218 2510 393 2556 tempore
414 2507 666 2554 destiterunt,
695 2519 783 2556 quae
810 2506 930 2544 nobis
961 2506 1134 2544 secunda
1167 2519 1336 2555 quaeque
1365 2505 1531 2542 adversa

87 2575 270 2614 hostibus
316 2579 463 2616 nostris
496 2582 638 2626 essent,
676 2578 818 2616 facere.
880 2578 967 2615 Iam
1000 2578 1175 2615 oninium
1207 2577 1381 2627 primum
1415 2577 1529 2627 oppi-
1549 2576 1571 2611 5

91 2647 184 2685 dum
214 2649 330 2686 nobis
360 2651 642 2697 restituerunt;
675 2663 746 2699 per
778 2662 930 2687 omnem
957 2649 1195 2699 Hispaniam
1235 2649 1339 2687 cives
1371 2652 1528 2687 nostros
