1789 2955
237 104 320 145 246
668 103 772 134 Liber
798 103 905 134 XXV.
940 102 996 145 (A.
1020 113 1051 134 u.
1075 113 1103 135 c.
1125 102 1220 146 542.)

235 240 365 271 terent
382 234 524 284 Capua
541 234 828 281 Hannibalem,
853 242 988 282 nocte,
1014 249 1103 285 quae
1127 244 1266 275 secuta
1283 244 1356 284 est,
1382 239 1541 285 diversi,
1561 238 1650 276 Ful-

195 303 217 344 7
235 305 319 341 vius
343 304 384 341 in
408 317 548 353 agrum
567 304 807 351 Cumanum,
833 306 1026 345 Claudius
1048 309 1091 345 in
1107 308 1297 346 Lucanos
1322 310 1431 346 abiit.
1479 311 1648 348 Postero

235 375 301 411 die
325 387 445 424 quum
471 387 598 412 vacua
620 382 751 413 castra
768 377 1046 415 Romanorum
1072 391 1163 416 esse
1187 379 1412 416 nuntiatum
1431 379 1649 417 Hannibali

233 451 354 490 esset,
388 450 427 482 et
459 446 620 482 duobus
653 446 880 495 agminibus
905 448 1086 485 diversos
1112 449 1272 494 abiisse,
1305 450 1480 487 incertus
1504 451 1648 499 primo,

193 514 363 555 Sutrum
396 522 642 564 sequeretur,
682 518 857 566 Appium
888 518 1030 555 institit
1061 519 1188 567 sequi.
1250 519 1332 563 Ille,
1373 520 1649 558 circumducto

234 588 364 632 hoste,
398 600 477 635 qua
509 587 645 632 voluit,
679 588 759 624 alio
791 588 933 625 itinere
966 590 1021 625 ad
1054 588 1237 637 Capuam
1269 590 1399 627 rediit.

352 656 572 694 Hannibali
597 658 675 695 alia
698 659 739 695 in
764 659 823 695 his
848 659 947 696 locis
973 661 1077 695 bene
1101 661 1294 708 gerendae
1316 661 1372 697 rei
1398 661 1559 698 fortuna
1577 663 1649 699 ob·

193 726 218 766 9
234 729 314 764 lata
337 733 410 765 est.
459 728 514 765 M.
541 727 763 766 Centenius
788 729 860 766 fuit
883 729 1130 778 cognomine
1152 730 1328 774 Paenula,
1353 731 1522 780 insignis
1546 732 1650 768 inter

164 796 218 837 lO
232 798 346 847 primi
378 798 447 847 pili
478 799 737 836 centuriones
761 806 802 836 et
824 800 1105 849 magnitudine
1129 801 1310 849 corporis
1335 806 1375 837 et
1398 802 1548 838 animo.
1596 802 1647 846 Is,

231 869 466 917 perfunctus
505 869 655 914 militia,
702 882 774 919 per
810 871 854 907 Ρ.
897 870 1128 907 Cornelium
1168 871 1317 907 Sullam
1356 876 1569 920 praetorem
1607 872 1648 908 in

231 944 418 975 senatum
447 939 702 977 introductus
734 941 834 989 petit
865 953 889 977 a
921 941 1112 989 patribus,
1148 941 1203 977 uti
1228 941 1302 978 sibi
1327 941 1503 990 quinque
1528 942 1648 978 millia

163 1007 213 1047 11
230 1009 396 1046 militum
415 1010 625 1047 darentur:
650 1023 693 1047 se
711 1011 882 1060 peritum
900 1017 940 1047 et
956 1012 1083 1048 hostis
1102 1017 1142 1048 et
1158 1012 1369 1060 regionum
1387 1012 1495 1048 brevi
1513 1024 1648 1061 operae

230 1080 402 1128 pretium
430 1080 627 1117 facturum
655 1086 706 1126 et,
741 1082 885 1130 quibus
915 1082 1064 1120 artibus
1092 1082 1147 1118 ad
1176 1082 1218 1118 id
1246 1083 1428 1119 locorum
1454 1082 1581 1120 nostri
1604 1088 1649 1125 ,et

231 1151 357 1187 duces
387 1156 427 1187 et
457 1152 653 1188 exercitus
678 1153 785 1201 capti
811 1153 956 1198 forent,
990 1153 1037 1189 iis
1062 1153 1257 1190 adversus
1279 1154 1531 1190 inventorem
1556 1165 1648 1190 usu-

164 1219 217 1260 12
231 1233 331 1258 rum.
378 1221 426 1258 Id
451 1234 537 1258 non
559 1223 801 1271 promissum
819 1223 947 1272 magis
966 1223 1112 1260 stolide
1133 1235 1253 1272 quam
1271 1224 1419 1260 stolide
1436 1224 1646 1267 creditum,

163 1289 216 1330 13
232 1297 425 1340 tanquam
450 1293 606 1329 eaedem
629 1294 819 1330 militares
843 1299 882 1329 et
904 1293 1173 1342 imperatoriae
1197 1299 1302 1331 artes
1327 1299 1477 1331 essent.
1539 1294 1647 1330 Data

230 1375 304 1412 pro
344 1362 521 1412 quinque
561 1369 655 1401 octo
694 1363 816 1400 millia
847 1363 1026 1409 militum,
1066 1376 1159 1412 pars
1192 1365 1361 1401 dimidia
1394 1364 1513 1409 cives,
1553 1377 1647 1413 pars

230 1433 347 1477 socii;
392 1439 432 1470 et
462 1435 549 1483 ipse
583 1435 830 1483 aliquantum
862 1435 1177 1471 voluntariorum
1211 1435 1252 1471 in
1284 1435 1426 1472 itinere
1459 1447 1507 1471 ex
1539 1436 1646 1484 agris

230 1505 405 1541 concivit
427 1516 476 1541 ac
497 1516 626 1554 prope
650 1505 856 1553 duplicato
882 1505 1057 1541 exercitu
1080 1505 1121 1541 in
1145 1505 1336 1542 Lucanos
1360 1506 1553 1553 pervenit,
1578 1505 1645 1541 ubi

161 1572 215 1613 14
230 1574 448 1620 Hannibal,
482 1575 752 1623 nequicquam
777 1580 938 1612 secutus
963 1574 1190 1620 Claudium,
1216 1576 1458 1612 substiterat.
1523 1575 1646 1612 Haud

230 1645 354 1681 dubia
392 1657 456 1682 res
489 1650 586 1691 erat,
628 1646 776 1694 quippe
815 1646 918 1681 inter
950 1644 1224 1682 Hannibalem
1257 1646 1404 1682 ducem
1437 1651 1477 1682 et
1508 1651 1646 1684 centu-

229 1715 398 1760 rionem,
439 1716 717 1764 exercitusque
755 1716 922 1752 alterum
954 1716 1157 1752 vincendo
1191 1722 1438 1760 veteranum,
1478 1716 1646 1752 alterum

228 1798 378 1822 novum
403 1792 545 1831 totum,
574 1799 723 1835 magna
748 1799 796 1822 ex
820 1791 934 1835 parte
959 1786 1081 1822 etiarn
1104 1787 1402 1823 tumultuarium
1426 1798 1474 1822 ac
1498 1798 1646 1823 semer-

161 1853 215 1894 15
229 1869 348 1893 mem.
411 1856 467 1893 Ut
506 1862 728 1906 conspecta
766 1857 868 1893 inter
905 1869 949 1893 se
987 1857 1151 1905 agmina
1183 1862 1276 1894 sunt
1308 1862 1347 1894 et
1378 1862 1521 1893 neutra
1552 1869 1645 1905 pars

228 1927 466 1964 detrectavit
502 1940 694 1976 pugnarn,
736 1928 938 1976 externplo
976 1928 1179 1964 instructae
1219 1928 1339 1964 acies.
1418 1928 1646 1975 Pugnatum

228 2001 377 2041 tamen,
411 2003 454 2034 ut
485 1998 526 2034 in
558 1998 666 2035 nulla
697 1999 782 2047 pari
814 2010 870 2041 re,
904 1998 1006 2034 duas
1032 1999 1203 2047 amplius
1230 1998 1365 2042 horas,
1399 1997 1644 2041 concitante,

160 2065 212 2106 16
227 2068 363 2104 donec
397 2069 478 2104 dux
511 2068 630 2112 stetit,
664 2079 708 2104 se
740 2069 927 2104 Romana
959 2069 1059 2105 acie.
1137 2069 1358 2116 Postquam
1389 2068 1422 2104 is
1454 2079 1539 2104 non
1571 2079 1645 2117 pro

228 2142 363 2173 vetere
396 2138 504 2174 fama
537 2139 680 2183 solum,
714 2140 789 2175 sed
821 2139 942 2174 etiam
975 2144 1084 2174 metu
1109 2138 1226 2174 futuri
1251 2138 1481 2182 dedecoris,
1515 2138 1547 2174 si
1574 2150 1646 2174 sua

228 2208 452 2244 temeritate
485 2215 703 2246 contractae
736 2210 841 2246 cladi
874 2215 1116 2258 superesset,
1151 2209 1362 2245 obiectans
1394 2220 1437 2244 se
1470 2208 1645 2245 hostium

159 2277 209 2317 17
228 2279 314 2315 telis
347 2279 507 2321 cecidit,
541 2279 630 2315 fusa
662 2280 864 2328 externplo
898 2285 959 2316 est
982 2280 1170 2316 Romana
1202 2280 1329 2323 acies;
1365 2279 1439 2314 sed
1462 2279 1569 2314 adeo
1593 2290 1645 2314 ne

230 2349 334 2398 fugae
367 2349 531 2397 quidem
564 2350 637 2385 iter
669 2351 810 2398 patuit,
846 2351 1033 2387 omnibus
1059 2350 1131 2386 viis
1155 2350 1206 2385 ab
1232 2349 1365 2397 equite
1392 2348 1569 2392 insessis,
1604 2354 1646 2384 ut

229 2432 277 2455 ex
316 2425 429 2456 tanta
466 2419 720 2456 multitudine
758 2420 820 2456 vix
859 2421 963 2456 mille
996 2420 1208 2463 evaserint,
1243 2419 1364 2455 ceteri
1397 2419 1547 2466 passim
1580 2418 1644 2454 alii

230 2490 307 2525 alia
339 2495 452 2538 peste
486 2490 686 2538 absumpti
720 2490 810 2526 sint.

102 2555 163 2600 20
344 2559 488 2608 Capua
512 2573 535 2596 a
560 2560 792 2597 consulibus
818 2561 959 2596 iterum
983 2572 1139 2596 summa
1167 2559 1202 2594 vi
1221 2558 1399 2595 obsideri
1419 2564 1552 2606 coepta
1570 2564 1643 2602 est,

230 2642 400 2678 quaeque
424 2630 464 2666 in
490 2643 580 2666 eam
605 2642 689 2667 rem
715 2642 817 2679 opus
842 2636 968 2675 erant,
998 2629 1359 2678 comportabantur
1383 2629 1646 2677 parabantur-
