1789 2955
241 115 325 156 206
659 115 762 146 Liber
788 115 912 146 XXIV.
956 116 1009 158 (A.
1030 126 1061 147 u.
1084 126 1111 147 c.
1134 114 1229 159 540.)

241 257 311 294 per
351 257 439 293 quae
478 257 577 282 cava
615 258 707 295 pars
747 246 914 295 sagittis,
954 259 1047 295 pars
1085 247 1366 296 scorpionibus
1398 249 1570 286 modicis
1603 262 1651 286 ex

173 313 226 354 10
240 316 400 352 occulto
432 315 627 364 petebant
659 316 830 353 hostem.
909 316 1014 363 Quia
1045 318 1211 366 propius
1243 319 1431 366 quaedam
1463 319 1652 356 subibant

240 398 376 429 naves,
420 398 501 433 quo
543 386 753 423 interiores
791 387 934 424 ictibus
976 393 1269 424 tormentorum
1301 394 1449 433 essent,
1492 390 1533 425 in
1566 401 1649 434 eas,

239 456 448 492 tollenone
473 468 593 504 super
616 469 771 494 murum
794 457 1011 501 eminente,
1038 457 1167 494 ferrea
1190 470 1333 494 manus
1357 458 1478 495 firmae
1496 465 1651 496 catenae

239 526 387 575 illigata
417 539 538 574 quum
566 526 713 563 iniecta
737 539 867 576 prorae
890 534 998 564 esset
1020 527 1211 576 gravique
1236 528 1475 564 libramento
1499 529 1650 578 plumbi

240 597 446 633 recelleret
492 597 546 632 ad
594 597 737 641 solum,
795 610 992 646 suspensa
1038 610 1158 646 prora
1205 610 1348 634 navem
1395 598 1436 634 in
1483 599 1649 647 puppim

171 664 219 704 11
238 668 458 710 statuebat;
508 667 604 703 dein
650 669 817 705 remissa
863 669 996 705 subito
1044 669 1150 704 velut
1191 680 1239 704 ex
1281 679 1394 705 muro
1435 669 1650 705 cadentem

238 748 381 773 navem
420 748 509 773 cum
549 737 702 785 ingenti
741 740 1013 787 trepidatione
1051 743 1264 775 nautarum
1300 739 1355 774 ita
1397 739 1518 775 undae
1550 739 1651 775 affli—

236 807 372 854 gebat,
396 813 451 850 ut,
477 806 633 844 etiamsi
656 814 765 845 recta
787 810 997 851 recideret,
1024 809 1273 856 aliquantum
1295 820 1411 857 aquae
1435 809 1649 857 acciperet.

169 874 222 915 12
236 875 295 912 Ita
328 877 525 913 maritima
558 880 810 927 oppugnatio
844 885 904 915 est
937 880 1060 923 elusa,
1095 879 1307 926 omnisque
1332 891 1425 927 spes
1448 891 1498 915 eo
1521 891 1648 923 versa,

169 944 221 985 13
237 952 279 982 ut
317 947 410 984 totis
450 947 595 984 viribus
628 954 732 985 terra
764 950 1093 998 aggrederentur.
1167 949 1249 984 Sed
1281 961 1329 984 ea
1362 961 1525 997 quoque
1557 961 1650 997 pars

237 1017 386 1053 eodem
421 1018 530 1054 omni
563 1025 759 1067 apparatu
793 1025 1083 1056 tormentorum
1115 1020 1308 1057 instructa
1341 1025 1427 1055 erat
1459 1019 1649 1055 Hieronis

235 1087 428 1135 impensis
461 1100 636 1136 curaque
668 1102 739 1138 per
771 1091 918 1127 multos
950 1102 1095 1134 annos,
1128 1090 1381 1126 Archimedis
1405 1089 1524 1125 unica
1551 1095 1648 1125 arte.

169 1155 222 1196 14
236 1156 390 1193 Natura
417 1159 538 1194 etiam
567 1160 785 1196 adiuvabat
808 1161 899 1204 loci,
930 1161 1042 1208 quod
1067 1172 1219 1204 saxum,
1246 1161 1307 1196 cui
1335 1160 1526 1208 imposita
1549 1159 1649 1195 muri

237 1227 504 1264 fundamenta
529 1236 633 1274 sunt,
660 1243 808 1279 magna
832 1237 945 1279 parte
969 1232 1025 1267 ita
1049 1231 1224 1279 proclive
1250 1236 1323 1274 est,
1348 1235 1390 1265 ut
1414 1242 1499 1266 non
1520 1231 1650 1266 solum

236 1298 356 1334 missa
374 1304 591 1344 tormento,
617 1302 690 1337 sed
709 1302 842 1345 etiam,
869 1313 957 1349 quae
974 1302 1159 1349 pondere
1178 1312 1251 1336 suo
1270 1301 1482 1348 provoluta
1499 1306 1648 1345 essent,

168 1366 221 1406 15
234 1368 406 1416 graviter
436 1369 478 1405 in
510 1370 668 1406 hostem
690 1372 929 1408 inciderent.
991 1371 1149 1406 Eadem
1173 1382 1295 1407 causa
1317 1371 1370 1406 ad
1393 1371 1649 1407 subeundum

170 1436 220 1477 16
236 1439 407 1474 arduum
435 1439 589 1476 aditum
615 1441 923 1489 instabilemque
946 1442 1170 1489 ingressum
1194 1441 1412 1489 praebebat.
1468 1441 1528 1477 Ita
1552 1452 1650 1477 con-

238 1509 325 1544 silio
354 1509 506 1553 habito,
535 1511 728 1558 quoniam
755 1512 887 1547 omnis
911 1517 1082 1548 conatus
1107 1511 1279 1547 ludibrio
1304 1517 1424 1555 esset,
1454 1511 1649 1547 absistere

238 1578 546 1627 oppugnatione
578 1586 698 1628 atque
732 1582 965 1618 obsidendo
998 1587 1153 1617 tantum
1181 1592 1317 1617 arcere
1343 1586 1446 1617 terra
1468 1581 1649 1628 marique

237 1650 529 1686 commeatibus
562 1651 719 1687 hostem
753 1652 916 1700 placuit.

110 1713 172 1759 35
351 1719 512 1756 Interim
547 1720 760 1758 Marcellus
800 1734 890 1759 cum
928 1723 1044 1758 tertia
1082 1721 1165 1757 fere
1204 1726 1318 1769 parte
1355 1721 1552 1758 exercitus
1595 1722 1650 1757 ad

235 1790 491 1837 recipiendas
524 1792 642 1828 urbes
675 1792 894 1840 profectus,
929 1805 1016 1840 quae
1048 1793 1088 1829 in
1113 1797 1223 1828 motu
1248 1803 1377 1827 rerum
1402 1792 1456 1827 ad
1482 1790 1649 1827 Cartha·

235 1860 440 1907 ginienses
473 1861 722 1906 defecerant,
762 1862 957 1899 Helorum
989 1869 1110 1910 atque
1142 1861 1369 1898 Herbesum
1402 1862 1650 1898 dedentibus

195 1929 332 1978 2ipsis
363 1932 528 1979 recepit,
560 1932 730 1981 Megara
762 1933 798 1968 vi
831 1939 950 1981 capta
983 1933 1102 1968 diruit
1129 1945 1177 1969 ac
1205 1932 1368 1981 diripuit
1394 1932 1449 1967 ad
1475 1931 1649 1979 reliquo-

195 1998 320 2039 3rum
360 2012 407 2037 ac
446 2002 619 2038 maxime
651 2002 993 2050 Syracusanorum
1033 2009 1238 2039 terrorem.
1316 2003 1390 2038 Per
1421 2002 1532 2038 idern
1565 2001 1649 2037 fere

235 2077 393 2118 tempus
418 2077 458 2107 et
474 2071 662 2116 Himilco,
689 2073 755 2120 qui
780 2074 834 2109 ad
851 2073 1028 2122 Pachyni
1052 2073 1373 2122 promuntorium
1390 2073 1561 2109 classem
1579 2073 1648 2108 diu

236 2146 432 2185 tenuerat,
466 2142 520 2177 ad
552 2141 805 2187 Heracleam,
839 2155 958 2191 quam
991 2150 1140 2180 vocant
1171 2144 1366 2187 Minoam,
1400 2143 1577 2191 quinque
1609 2147 1651 2178 et

236 2211 374 2259 viginti
398 2212 519 2248 millia
542 2213 736 2260 peditum,
763 2212 837 2248 tria
861 2213 1052 2261 equitum,
1078 2214 1298 2251 duodecim
1323 2214 1563 2262 elephantos
1581 2225 1650 2249 ex-

193 2280 381 2329 4posuit,
415 2294 672 2330 nequaquam
706 2294 796 2319 cum
828 2284 987 2331 quantis
1015 2285 1143 2332 copiis
1168 2290 1262 2320 ante
1287 2290 1470 2320 tenuerat
1495 2284 1549 2319 ad
1573 2283 1648 2319 Pa-

236 2352 410 2399 chynum
449 2352 639 2396 classem;
679 2353 766 2397 sed,
805 2358 1021 2401 postquam
1063 2355 1114 2390 ab
1147 2354 1397 2402 Hippocrate
1437 2358 1648 2402 occupatae

236 2422 443 2470 Syracusae
470 2428 597 2466 erant,
630 2422 835 2471 profectus
862 2422 1151 2472 Carthaginem
1177 2424 1419 2471 adiutusque
1447 2423 1500 2459 ibi
1529 2429 1568 2459 et
1594 2423 1647 2459 ab

236 2492 378 2540 legatis
409 2492 667 2541 Hippocratis
694 2498 733 2529 et
759 2493 896 2529 litteris
921 2493 1173 2537 Hannibalis,
1208 2493 1274 2541 qui
1301 2493 1460 2530 venisse
1488 2499 1647 2541 tempus

196 2560 371 2601 baiebat
403 2562 544 2600 Sieiliae
574 2575 646 2621 per
678 2574 876 2599 summum
908 2564 1033 2599 decus
1065 2563 1312 2611 repetendae,
1346 2568 1386 2599 et
1416 2563 1503 2611 ipse
1536 2563 1647 2599 haud

237 2644 362 2668 vanus
387 2645 564 2681 praesens
587 2633 764 2669 monitor
789 2632 905 2669 facile
930 2634 1170 2682 perpulerat,
1199 2638 1253 2677 ut,
1278 2638 1438 2681 quantae
1462 2633 1648 2669 maximae
