<?xml version="1.0" encoding="UTF-8"?>
<!DOCTYPE html PUBLIC "-//W3C//DTD XHTML 1.0 Transitional//EN"
    "http://www.w3.org/TR/xhtml1/DTD/xhtml1-transitional.dtd">
<html xmlns="http://www.w3.org/1999/xhtml" xml:lang="en" lang="en">
 <head>
  <title>
</title>
<meta http-equiv="Content-Type" content="text/html;charset=utf-8" />
  <meta name='ocr-system' content='tesseract 3.04.00' />
  <meta name='ocr-capabilities' content='ocr_page ocr_carea ocr_par ocr_line ocrx_word'/>
</head>
<body>
  <div class='ocr_page' id='page_1' title='image "./historiarumroman02livyuoft_0444.png"; bbox 0 0 1789 2955; ppageno 0'>
   <div class='ocr_carea' id='block_1_1' title="bbox 270 80 1318 124">
    <p class='ocr_par' dir='ltr' id='par_1_1' title="bbox 270 80 1318 124">
     <span class='ocr_line' id='line_1_1' title="bbox 270 80 1318 124; baseline -0.008 0"><span class='ocrx_word' id='word_1_1' title='bbox 270 86 348 124; x_wconf 87' lang='lat'>114</span> <span class='ocrx_word' id='word_1_2' title='bbox 660 81 776 117; x_wconf 86' lang='lat' dir='ltr'>Liber</span> <span class='ocrx_word' id='word_1_3' title='bbox 802 80 970 117; x_wconf 86' lang='lat' dir='ltr'>XXVII.</span> <span class='ocrx_word' id='word_1_4' title='bbox 1018 82 1080 124; x_wconf 84' lang='lat' dir='ltr'>(A.</span> <span class='ocrx_word' id='word_1_5' title='bbox 1107 92 1141 116; x_wconf 83' lang='lat' dir='ltr'>u.</span> <span class='ocrx_word' id='word_1_6' title='bbox 1168 92 1197 117; x_wconf 86' lang='lat' dir='ltr'>c.</span> <span class='ocrx_word' id='word_1_7' title='bbox 1222 81 1318 124; x_wconf 82' lang='lat'><strong>547.)</strong></span> 
     </span>
    </p>
   </div>
   <div class='ocr_carea' id='block_1_2' title="bbox 118 206 1712 2629">
    <p class='ocr_par' dir='ltr' id='par_1_2' title="bbox 118 206 1712 2629">
     <span class='ocr_line' id='line_1_2' title="bbox 270 206 1704 258; baseline -0.003 -10"><span class='ocrx_word' id='word_1_8' title='bbox 270 210 484 249; x_wconf 77' lang='lat' dir='ltr'>abscedere</span> <span class='ocrx_word' id='word_1_9' title='bbox 516 209 566 247; x_wconf 90' lang='lat' dir='ltr'>ab</span> <span class='ocrx_word' id='word_1_10' title='bbox 597 208 722 258; x_wconf 90' lang='lat' dir='ltr'>signis</span> <span class='ocrx_word' id='word_1_11' title='bbox 753 222 825 246; x_wconf 88' lang='lat' dir='ltr'>nec</span> <span class='ocrx_word' id='word_1_12' title='bbox 857 209 1075 246; x_wconf 86' lang='lat' dir='ltr'>subsistere</span> <span class='ocrx_word' id='word_1_13' title='bbox 1106 209 1189 246; x_wconf 68' lang='lat' dir='ltr'>m&#39;si</span> <span class='ocrx_word' id='word_1_14' title='bbox 1220 208 1352 246; x_wconf 91' lang='lat' dir='ltr'>cibum</span> <span class='ocrx_word' id='word_1_15' title='bbox 1383 207 1606 258; x_wconf 85' lang='lat' dir='ltr'>capientes;</span> <span class='ocrx_word' id='word_1_16' title='bbox 1638 206 1704 244; x_wconf 85' lang='lat' dir='ltr'>die</span> 
     </span>
     <span class='ocr_line' id='line_1_3' title="bbox 269 278 1704 330; baseline -0.002 -11"><span class='ocrx_word' id='word_1_17' title='bbox 269 296 312 319; x_wconf 85' lang='lat' dir='ltr'>ac</span> <span class='ocrx_word' id='word_1_18' title='bbox 344 284 460 319; x_wconf 90' lang='lat' dir='ltr'>nocte</span> <span class='ocrx_word' id='word_1_19' title='bbox 477 281 555 327; x_wconf 74' lang='lat' dir='ltr'>ire,</span> <span class='ocrx_word' id='word_1_20' title='bbox 586 281 664 327; x_wconf 86' lang='lat' dir='ltr'>vix,</span> <span class='ocrx_word' id='word_1_21' title='bbox 696 280 802 330; x_wconf 91' lang='lat' dir='ltr'>quod</span> <span class='ocrx_word' id='word_1_22' title='bbox 833 280 932 318; x_wconf 86' lang='lat' dir='ltr'>satis</span> <span class='ocrx_word' id='word_1_23' title='bbox 956 280 1006 318; x_wconf 87' lang='lat' dir='ltr'>ad</span> <span class='ocrx_word' id='word_1_24' title='bbox 1030 280 1214 318; x_wconf 88' lang='lat' dir='ltr'>naturale</span> <span class='ocrx_word' id='word_1_25' title='bbox 1232 278 1477 317; x_wconf 86' lang='lat' dir='ltr'>desiderium</span> <span class='ocrx_word' id='word_1_26' title='bbox 1494 292 1704 329; x_wconf 87' lang='lat' dir='ltr'>corporum</span> 
     </span>
     <span class='ocr_line' id='line_1_4' title="bbox 196 350 1702 402; baseline -0.002 -12"><span class='ocrx_word' id='word_1_27' title='bbox 196 355 244 391; x_wconf 79' lang='lat'>12</span> <span class='ocrx_word' id='word_1_28' title='bbox 263 357 376 400; x_wconf 86' lang='lat' dir='ltr'>esset,</span> <span class='ocrx_word' id='word_1_29' title='bbox 407 353 535 402; x_wconf 92' lang='lat' dir='ltr'>quieti</span> <span class='ocrx_word' id='word_1_30' title='bbox 566 352 672 390; x_wconf 87' lang='lat' dir='ltr'>dare.</span> <span class='ocrx_word' id='word_1_31' title='bbox 719 352 774 390; x_wconf 89' lang='lat' dir='ltr'>Et</span> <span class='ocrx_word' id='word_1_32' title='bbox 805 352 856 390; x_wconf 93' lang='lat' dir='ltr'>ad</span> <span class='ocrx_word' id='word_1_33' title='bbox 887 352 1083 401; x_wconf 84' lang='lat' dir='ltr'>collegam</span> <span class='ocrx_word' id='word_1_34' title='bbox 1114 351 1312 401; x_wconf 88' lang='lat' dir='ltr'>praemissi</span> <span class='ocrx_word' id='word_1_35' title='bbox 1345 355 1470 398; x_wconf 90' lang='lat' dir='ltr'>erant,</span> <span class='ocrx_word' id='word_1_36' title='bbox 1501 350 1570 401; x_wconf 89' lang='lat' dir='ltr'>qui</span> <span class='ocrx_word' id='word_1_37' title='bbox 1602 363 1702 388; x_wconf 88' lang='lat' dir='ltr'>nun-</span> 
     </span>
     <span class='ocr_line' id='line_1_5' title="bbox 268 422 1705 474; baseline -0.003 -11"><span class='ocrx_word' id='word_1_38' title='bbox 268 426 418 463; x_wconf 87' lang='lat' dir='ltr'>tiarent</span> <span class='ocrx_word' id='word_1_39' title='bbox 449 424 663 463; x_wconf 88' lang='lat' dir='ltr'>adventum</span> <span class='ocrx_word' id='word_1_40' title='bbox 681 428 1106 474; x_wconf 73' lang='lat' dir='ltr'>percontarenturque,</span> <span class='ocrx_word' id='word_1_41' title='bbox 1138 424 1238 460; x_wconf 88' lang='lat' dir='ltr'>clam</span> <span class='ocrx_word' id='word_1_42' title='bbox 1270 437 1320 461; x_wconf 92' lang='lat' dir='ltr'>an</span> <span class='ocrx_word' id='word_1_43' title='bbox 1351 422 1495 472; x_wconf 88' lang='lat' dir='ltr'>palam,</span> <span class='ocrx_word' id='word_1_44' title='bbox 1528 422 1705 460; x_wconf 73' lang='lat' dir='ltr'>interdiu</span> 
     </span>
     <span class='ocr_line' id='line_1_6' title="bbox 269 494 1704 543; baseline -0.003 -8"><span class='ocrx_word' id='word_1_45' title='bbox 269 511 318 535; x_wconf 83' lang='lat' dir='ltr'>an</span> <span class='ocrx_word' id='word_1_46' title='bbox 350 500 470 535; x_wconf 86' lang='lat' dir='ltr'>noctu</span> <span class='ocrx_word' id='word_1_47' title='bbox 500 496 639 534; x_wconf 87' lang='lat' dir='ltr'>venire</span> <span class='ocrx_word' id='word_1_48' title='bbox 663 509 748 534; x_wconf 86' lang='lat' dir='ltr'>sese</span> <span class='ocrx_word' id='word_1_49' title='bbox 774 496 906 543; x_wconf 87' lang='lat' dir='ltr'>vellet,</span> <span class='ocrx_word' id='word_1_50' title='bbox 938 496 1081 534; x_wconf 87' lang='lat' dir='ltr'>iisdem</span> <span class='ocrx_word' id='word_1_51' title='bbox 1114 509 1163 533; x_wconf 90' lang='lat' dir='ltr'>an</span> <span class='ocrx_word' id='word_1_52' title='bbox 1195 495 1284 532; x_wconf 90' lang='lat' dir='ltr'>aliis</span> <span class='ocrx_word' id='word_1_53' title='bbox 1315 494 1520 532; x_wconf 85' lang='lat' dir='ltr'>considere</span> <span class='ocrx_word' id='word_1_54' title='bbox 1553 494 1704 532; x_wconf 86' lang='lat' dir='ltr'>castris.</span> 
     </span>
     <span class='ocr_line' id='line_1_7' title="bbox 271 567 1157 617; baseline -0.003 -9"><span class='ocrx_word' id='word_1_55' title='bbox 271 570 397 609; x_wconf 87' lang='lat' dir='ltr'>Nocte</span> <span class='ocrx_word' id='word_1_56' title='bbox 430 569 529 606; x_wconf 90' lang='lat' dir='ltr'>clam</span> <span class='ocrx_word' id='word_1_57' title='bbox 561 567 721 617; x_wconf 86' lang='lat' dir='ltr'>ingredi</span> <span class='ocrx_word' id='word_1_58' title='bbox 753 568 895 606; x_wconf 89' lang='lat' dir='ltr'>melius</span> <span class='ocrx_word' id='word_1_59' title='bbox 926 569 1056 606; x_wconf 86' lang='lat' dir='ltr'>visum</span> <span class='ocrx_word' id='word_1_60' title='bbox 1088 570 1157 605; x_wconf 88' lang='lat' dir='ltr'>est.</span> 
     </span>
     <span class='ocr_line' id='line_1_8' title="bbox 118 637 1705 690; baseline -0.003 -12"><span class='ocrx_word' id='word_1_61' title='bbox 118 638 176 686; x_wconf 85' lang='grc'>46</span> <span class='ocrx_word' id='word_1_62' title='bbox 383 640 552 678; x_wconf 84' lang='lat' dir='ltr'>Tessera</span> <span class='ocrx_word' id='word_1_63' title='bbox 596 653 668 690; x_wconf 91' lang='lat' dir='ltr'>per</span> <span class='ocrx_word' id='word_1_64' title='bbox 710 644 839 678; x_wconf 88' lang='lat' dir='ltr'>castra</span> <span class='ocrx_word' id='word_1_65' title='bbox 871 640 920 678; x_wconf 90' lang='lat' dir='ltr'>ab</span> <span class='ocrx_word' id='word_1_66' title='bbox 952 640 1070 678; x_wconf 88' lang='lat' dir='ltr'>Livio</span> <span class='ocrx_word' id='word_1_67' title='bbox 1117 639 1275 677; x_wconf 88' lang='lat' dir='ltr'>consule</span> <span class='ocrx_word' id='word_1_68' title='bbox 1307 638 1402 676; x_wconf 83' lang='lat' dir='ltr'>data</span> <span class='ocrx_word' id='word_1_69' title='bbox 1433 641 1528 685; x_wconf 88' lang='lat' dir='ltr'>erat,</span> <span class='ocrx_word' id='word_1_70' title='bbox 1559 642 1603 675; x_wconf 92' lang='lat' dir='ltr'>ut</span> <span class='ocrx_word' id='word_1_71' title='bbox 1634 637 1705 674; x_wconf 86' lang='lat' dir='ltr'>tri-</span> 
     </span>
     <span class='ocr_line' id='line_1_9' title="bbox 268 708 1707 760; baseline -0.003 -10"><span class='ocrx_word' id='word_1_72' title='bbox 268 713 398 750; x_wconf 87' lang='lat' dir='ltr'>bunus</span> <span class='ocrx_word' id='word_1_73' title='bbox 429 712 649 760; x_wconf 88' lang='lat' dir='ltr'>tribunum,</span> <span class='ocrx_word' id='word_1_74' title='bbox 684 712 864 750; x_wconf 88' lang='lat' dir='ltr'>centurio</span> <span class='ocrx_word' id='word_1_75' title='bbox 896 711 1181 758; x_wconf 76' lang='lat' dir='ltr'>centurionem,</span> <span class='ocrx_word' id='word_1_76' title='bbox 1214 723 1334 760; x_wconf 90' lang='lat' dir='ltr'>eques</span> <span class='ocrx_word' id='word_1_77' title='bbox 1365 710 1552 759; x_wconf 79' lang='lat' dir='ltr'>equitem,</span> <span class='ocrx_word' id='word_1_78' title='bbox 1585 708 1707 759; x_wconf 87' lang='lat' dir='ltr'>pedes</span> 
     </span>
     <span class='ocr_line' id='line_1_10' title="bbox 227 782 1709 835; baseline -0.003 -13"><span class='ocrx_word' id='word_1_79' title='bbox 227 786 249 821; x_wconf 80' lang='lat'>2</span> <span class='ocrx_word' id='word_1_80' title='bbox 268 784 444 835; x_wconf 88' lang='lat' dir='ltr'>peditem</span> <span class='ocrx_word' id='word_1_81' title='bbox 477 783 692 833; x_wconf 86' lang='lat' dir='ltr'>acciperet:</span> <span class='ocrx_word' id='word_1_82' title='bbox 735 797 864 833; x_wconf 90' lang='lat' dir='ltr'>neque</span> <span class='ocrx_word' id='word_1_83' title='bbox 895 785 1001 822; x_wconf 90' lang='lat' dir='ltr'>enim</span> <span class='ocrx_word' id='word_1_84' title='bbox 1033 782 1199 821; x_wconf 85' lang='lat' dir='ltr'>dilatari</span> <span class='ocrx_word' id='word_1_85' title='bbox 1230 786 1361 820; x_wconf 86' lang='lat' dir='ltr'>castra</span> <span class='ocrx_word' id='word_1_86' title='bbox 1391 795 1490 832; x_wconf 90' lang='lat' dir='ltr'>opus</span> <span class='ocrx_word' id='word_1_87' title='bbox 1522 794 1618 828; x_wconf 88' lang='lat' dir='ltr'>esse,</span> <span class='ocrx_word' id='word_1_88' title='bbox 1658 793 1709 818; x_wconf 93' lang='lat' dir='ltr'>ne</span> 
     </span>
     <span class='ocr_line' id='line_1_11' title="bbox 270 853 1708 903; baseline -0.003 -9"><span class='ocrx_word' id='word_1_89' title='bbox 270 856 396 894; x_wconf 87' lang='lat' dir='ltr'>hostis</span> <span class='ocrx_word' id='word_1_90' title='bbox 414 856 628 893; x_wconf 86' lang='lat' dir='ltr'>adveutum</span> <span class='ocrx_word' id='word_1_91' title='bbox 646 855 814 893; x_wconf 87' lang='lat' dir='ltr'>alterius</span> <span class='ocrx_word' id='word_1_92' title='bbox 832 855 1007 893; x_wconf 89' lang='lat' dir='ltr'>consulis</span> <span class='ocrx_word' id='word_1_93' title='bbox 1028 855 1213 902; x_wconf 80' lang='lat' dir='ltr'>sentiret3</span> <span class='ocrx_word' id='word_1_94' title='bbox 1245 858 1284 892; x_wconf 91' lang='lat' dir='ltr'>et</span> <span class='ocrx_word' id='word_1_95' title='bbox 1311 854 1506 892; x_wconf 85' lang='lat' dir='ltr'>coartatio</span> <span class='ocrx_word' id='word_1_96' title='bbox 1527 853 1708 903; x_wconf 91' lang='lat' dir='ltr'>plurium</span> 
     </span>
     <span class='ocr_line' id='line_1_12' title="bbox 271 925 1708 976; baseline -0.002 -11"><span class='ocrx_word' id='word_1_97' title='bbox 271 928 311 965; x_wconf 88' lang='lat' dir='ltr'>in</span> <span class='ocrx_word' id='word_1_98' title='bbox 343 932 513 976; x_wconf 88' lang='lat' dir='ltr'>angusto</span> <span class='ocrx_word' id='word_1_99' title='bbox 545 926 798 964; x_wconf 85' lang='lat' dir='ltr'>tendentium</span> <span class='ocrx_word' id='word_1_100' title='bbox 830 927 990 964; x_wconf 82' lang='lat' dir='ltr'>facilior</span> <span class='ocrx_word' id='word_1_101' title='bbox 1021 927 1156 964; x_wconf 88' lang='lat' dir='ltr'>futura</span> <span class='ocrx_word' id='word_1_102' title='bbox 1194 929 1289 973; x_wconf 89' lang='lat' dir='ltr'>erat,</span> <span class='ocrx_word' id='word_1_103' title='bbox 1321 926 1428 976; x_wconf 91' lang='lat' dir='ltr'>quod</span> <span class='ocrx_word' id='word_1_104' title='bbox 1459 925 1708 964; x_wconf 83' lang='lat' dir='ltr'>Claudianus</span> 
     </span>
     <span class='ocr_line' id='line_1_13' title="bbox 269 997 1709 1048; baseline -0.002 -11"><span class='ocrx_word' id='word_1_105' title='bbox 269 999 470 1037; x_wconf 84' lang='lat' dir='ltr'>exercitus</span> <span class='ocrx_word' id='word_1_106' title='bbox 503 999 609 1036; x_wconf 89' lang='lat' dir='ltr'>nihil</span> <span class='ocrx_word' id='word_1_107' title='bbox 647 999 773 1036; x_wconf 88' lang='lat' dir='ltr'>ferme</span> <span class='ocrx_word' id='word_1_108' title='bbox 820 1003 966 1048; x_wconf 87' lang='lat' dir='ltr'>praeter</span> <span class='ocrx_word' id='word_1_109' title='bbox 1012 1012 1123 1036; x_wconf 85' lang='lat' dir='ltr'>arma</span> <span class='ocrx_word' id='word_1_110' title='bbox 1167 1012 1299 1036; x_wconf 86' lang='lat' dir='ltr'>secum</span> <span class='ocrx_word' id='word_1_111' title='bbox 1339 999 1382 1035; x_wconf 89' lang='lat' dir='ltr'>in</span> <span class='ocrx_word' id='word_1_112' title='bbox 1412 997 1709 1047; x_wconf 84' lang='lat' dir='ltr'>expeditionem</span> 
     </span>
     <span class='ocr_line' id='line_1_14' title="bbox 227 1070 1708 1120; baseline -0.003 -11"><span class='ocrx_word' id='word_1_113' title='bbox 227 1071 430 1109; x_wconf 72' lang='lat' dir='ltr'>Stulerat.</span> <span class='ocrx_word' id='word_1_114' title='bbox 492 1070 677 1108; x_wconf 86' lang='lat' dir='ltr'>Ceterum</span> <span class='ocrx_word' id='word_1_115' title='bbox 717 1071 758 1107; x_wconf 92' lang='lat' dir='ltr'>in</span> <span class='ocrx_word' id='word_1_116' title='bbox 801 1071 888 1120; x_wconf 92' lang='lat' dir='ltr'>ipso</span> <span class='ocrx_word' id='word_1_117' title='bbox 929 1071 1074 1108; x_wconf 87' lang='lat' dir='ltr'>itinere</span> <span class='ocrx_word' id='word_1_118' title='bbox 1106 1073 1265 1108; x_wconf 89' lang='lat' dir='ltr'>auctum</span> <span class='ocrx_word' id='word_1_119' title='bbox 1297 1070 1536 1108; x_wconf 86' lang='lat' dir='ltr'>voluntariis</span> <span class='ocrx_word' id='word_1_120' title='bbox 1567 1082 1708 1117; x_wconf 85' lang='lat' dir='ltr'>agmen</span> 
     </span>
     <span class='ocr_line' id='line_1_15' title="bbox 271 1141 1711 1191; baseline -0.002 -10"><span class='ocrx_word' id='word_1_121' title='bbox 271 1146 367 1190; x_wconf 90' lang='lat' dir='ltr'>erat,</span> <span class='ocrx_word' id='word_1_122' title='bbox 400 1142 660 1181; x_wconf 87' lang='lat' dir='ltr'>offerentibus</span> <span class='ocrx_word' id='word_1_123' title='bbox 690 1142 796 1179; x_wconf 89' lang='lat' dir='ltr'>ultro</span> <span class='ocrx_word' id='word_1_124' title='bbox 829 1156 914 1181; x_wconf 87' lang='lat' dir='ltr'>sese</span> <span class='ocrx_word' id='word_1_125' title='bbox 945 1146 985 1179; x_wconf 92' lang='lat' dir='ltr'>et</span> <span class='ocrx_word' id='word_1_126' title='bbox 1015 1143 1216 1180; x_wconf 88' lang='lat' dir='ltr'>veteribus</span> <span class='ocrx_word' id='word_1_127' title='bbox 1248 1142 1455 1187; x_wconf 74' lang='lat' dir='ltr'>militibus,</span> <span class='ocrx_word' id='word_1_128' title='bbox 1486 1141 1711 1191; x_wconf 79' lang='lat' dir='ltr'>perfunctis</span> 
     </span>
     <span class='ocr_line' id='line_1_16' title="bbox 270 1212 1708 1264; baseline -0.002 -13"><span class='ocrx_word' id='word_1_129' title='bbox 270 1215 348 1253; x_wconf 88' lang='lat' dir='ltr'>iam</span> <span class='ocrx_word' id='word_1_130' title='bbox 379 1214 538 1260; x_wconf 89' lang='lat' dir='ltr'>militia,</span> <span class='ocrx_word' id='word_1_131' title='bbox 571 1218 610 1251; x_wconf 91' lang='lat' dir='ltr'>et</span> <span class='ocrx_word' id='word_1_132' title='bbox 641 1214 873 1261; x_wconf 89' lang='lat' dir='ltr'>iuvenibus,</span> <span class='ocrx_word' id='word_1_133' title='bbox 920 1227 1019 1264; x_wconf 90' lang='lat' dir='ltr'>quos</span> <span class='ocrx_word' id='word_1_134' title='bbox 1067 1215 1249 1252; x_wconf 80' lang='lat' dir='ltr'>certatim</span> <span class='ocrx_word' id='word_1_135' title='bbox 1296 1213 1458 1251; x_wconf 91' lang='lat' dir='ltr'>nomina</span> <span class='ocrx_word' id='word_1_136' title='bbox 1489 1212 1641 1259; x_wconf 87' lang='lat' dir='ltr'>dantes,</span> <span class='ocrx_word' id='word_1_137' title='bbox 1673 1212 1708 1249; x_wconf 88' lang='lat' dir='ltr'>si</span> 
     </span>
     <span class='ocr_line' id='line_1_17' title="bbox 271 1283 1708 1336; baseline -0.003 -12"><span class='ocrx_word' id='word_1_138' title='bbox 271 1300 439 1336; x_wconf 88' lang='lat' dir='ltr'>quorum</span> <span class='ocrx_word' id='word_1_139' title='bbox 457 1286 637 1336; x_wconf 90' lang='lat' dir='ltr'>corporis</span> <span class='ocrx_word' id='word_1_140' title='bbox 668 1286 822 1335; x_wconf 87' lang='lat' dir='ltr'>species</span> <span class='ocrx_word' id='word_1_141' title='bbox 852 1285 1056 1336; x_wconf 86' lang='lat' dir='ltr'>roburque</span> <span class='ocrx_word' id='word_1_142' title='bbox 1081 1287 1228 1323; x_wconf 86' lang='lat' dir='ltr'>virium</span> <span class='ocrx_word' id='word_1_143' title='bbox 1253 1289 1388 1335; x_wconf 88' lang='lat' dir='ltr'>aptum</span> <span class='ocrx_word' id='word_1_144' title='bbox 1414 1284 1566 1321; x_wconf 83' lang='lat' dir='ltr'>militiae</span> <span class='ocrx_word' id='word_1_145' title='bbox 1597 1283 1708 1320; x_wconf 86' lang='lat' dir='ltr'>vide-</span> 
     </span>
     <span class='ocr_line' id='line_1_18' title="bbox 222 1357 1710 1408; baseline -0.003 -12"><span class='ocrx_word' id='word_1_146' title='bbox 222 1360 247 1395; x_wconf 82' lang='lat'>4</span> <span class='ocrx_word' id='word_1_147' title='bbox 265 1358 396 1405; x_wconf 88' lang='lat' dir='ltr'>batur,</span> <span class='ocrx_word' id='word_1_148' title='bbox 429 1358 730 1408; x_wconf 79' lang='lat' dir='ltr'>conscripserat.</span> <span class='ocrx_word' id='word_1_149' title='bbox 776 1358 846 1395; x_wconf 88' lang='lat' dir='ltr'>Ad</span> <span class='ocrx_word' id='word_1_150' title='bbox 864 1357 1010 1396; x_wconf 85' lang='lat' dir='ltr'>Senam</span> <span class='ocrx_word' id='word_1_151' title='bbox 1037 1361 1168 1396; x_wconf 88' lang='lat' dir='ltr'>castra</span> <span class='ocrx_word' id='word_1_152' title='bbox 1199 1357 1365 1395; x_wconf 88' lang='lat' dir='ltr'>alterius</span> <span class='ocrx_word' id='word_1_153' title='bbox 1390 1357 1565 1395; x_wconf 86' lang='lat' dir='ltr'>consulis</span> <span class='ocrx_word' id='word_1_154' title='bbox 1583 1359 1710 1402; x_wconf 88' lang='lat' dir='ltr'>erant,</span> 
     </span>
     <span class='ocr_line' id='line_1_19' title="bbox 270 1428 1709 1480; baseline -0.003 -12"><span class='ocrx_word' id='word_1_155' title='bbox 270 1434 308 1468; x_wconf 91' lang='lat' dir='ltr'>et</span> <span class='ocrx_word' id='word_1_156' title='bbox 339 1431 580 1480; x_wconf 89' lang='lat' dir='ltr'>quingentos</span> <span class='ocrx_word' id='word_1_157' title='bbox 612 1430 734 1467; x_wconf 88' lang='lat' dir='ltr'>ferme</span> <span class='ocrx_word' id='word_1_158' title='bbox 769 1430 865 1468; x_wconf 91' lang='lat' dir='ltr'>inde</span> <span class='ocrx_word' id='word_1_159' title='bbox 909 1444 1047 1480; x_wconf 87' lang='lat' dir='ltr'>passus</span> <span class='ocrx_word' id='word_1_160' title='bbox 1079 1429 1314 1467; x_wconf 87' lang='lat' dir='ltr'>Hasdrubal</span> <span class='ocrx_word' id='word_1_161' title='bbox 1352 1429 1500 1467; x_wconf 85' lang='lat' dir='ltr'>aberat.</span> <span class='ocrx_word' id='word_1_162' title='bbox 1563 1428 1709 1477; x_wconf 82' lang='lat' dir='ltr'>Itaque</span> 
     </span>
     <span class='ocr_line' id='line_1_20' title="bbox 269 1500 1710 1552; baseline -0.002 -13"><span class='ocrx_word' id='word_1_163' title='bbox 269 1515 391 1552; x_wconf 89' lang='lat' dir='ltr'>quum</span> <span class='ocrx_word' id='word_1_164' title='bbox 421 1503 498 1539; x_wconf 88' lang='lat' dir='ltr'>iam</span> <span class='ocrx_word' id='word_1_165' title='bbox 531 1503 885 1552; x_wconf 86' lang='lat' dir='ltr'>appropinquaret,</span> <span class='ocrx_word' id='word_1_166' title='bbox 916 1505 1046 1540; x_wconf 81' lang='lat' dir='ltr'>tectus</span> <span class='ocrx_word' id='word_1_167' title='bbox 1080 1501 1283 1540; x_wconf 87' lang='lat' dir='ltr'>montibus</span> <span class='ocrx_word' id='word_1_168' title='bbox 1314 1500 1496 1538; x_wconf 85' lang='lat' dir='ltr'>substitit</span> <span class='ocrx_word' id='word_1_169' title='bbox 1511 1500 1630 1546; x_wconf 89' lang='lat' dir='ltr'>Nero,</span> <span class='ocrx_word' id='word_1_170' title='bbox 1660 1512 1710 1536; x_wconf 91' lang='lat' dir='ltr'>ne</span> 
     </span>
     <span class='ocr_line' id='line_1_21' title="bbox 227 1571 1711 1623; baseline -0.003 -11"><span class='ocrx_word' id='word_1_171' title='bbox 227 1575 360 1612; x_wconf 81' lang='lat' dir='ltr'>5ante</span> <span class='ocrx_word' id='word_1_172' title='bbox 392 1579 548 1612; x_wconf 84' lang='lat' dir='ltr'>noctem</span> <span class='ocrx_word' id='word_1_173' title='bbox 590 1577 721 1612; x_wconf 89' lang='lat' dir='ltr'>castra</span> <span class='ocrx_word' id='word_1_174' title='bbox 752 1574 1044 1623; x_wconf 85' lang='lat' dir='ltr'>ingrederetur.</span> <span class='ocrx_word' id='word_1_175' title='bbox 1117 1572 1287 1611; x_wconf 87' lang='lat' dir='ltr'>Silentio</span> <span class='ocrx_word' id='word_1_176' title='bbox 1336 1572 1519 1621; x_wconf 86' lang='lat' dir='ltr'>ingressi,</span> <span class='ocrx_word' id='word_1_177' title='bbox 1566 1572 1616 1609; x_wconf 87' lang='lat' dir='ltr'>ab</span> <span class='ocrx_word' id='word_1_178' title='bbox 1649 1571 1711 1608; x_wconf 88' lang='lat' dir='ltr'>sui</span> 
     </span>
     <span class='ocr_line' id='line_1_22' title="bbox 269 1644 1712 1695; baseline -0.003 -12"><span class='ocrx_word' id='word_1_179' title='bbox 269 1646 437 1695; x_wconf 89' lang='lat' dir='ltr'>quisque</span> <span class='ocrx_word' id='word_1_180' title='bbox 469 1646 624 1684; x_wconf 87' lang='lat' dir='ltr'>ordinis</span> <span class='ocrx_word' id='word_1_181' title='bbox 655 1646 885 1684; x_wconf 89' lang='lat' dir='ltr'>hominibus</span> <span class='ocrx_word' id='word_1_182' title='bbox 916 1644 960 1683; x_wconf 91' lang='lat' dir='ltr'>in</span> <span class='ocrx_word' id='word_1_183' title='bbox 989 1646 1165 1684; x_wconf 88' lang='lat' dir='ltr'>tentoria</span> <span class='ocrx_word' id='word_1_184' title='bbox 1196 1644 1388 1691; x_wconf 86' lang='lat' dir='ltr'>abducti,</span> <span class='ocrx_word' id='word_1_185' title='bbox 1435 1657 1524 1681; x_wconf 87' lang='lat' dir='ltr'>cum</span> <span class='ocrx_word' id='word_1_186' title='bbox 1557 1656 1712 1680; x_wconf 84' lang='lat' dir='ltr'>summa</span> 
     </span>
     <span class='ocr_line' id='line_1_23' title="bbox 269 1715 1709 1768; baseline -0.003 -13"><span class='ocrx_word' id='word_1_187' title='bbox 269 1718 445 1755; x_wconf 86' lang='lat' dir='ltr'>omnium</span> <span class='ocrx_word' id='word_1_188' title='bbox 477 1718 620 1756; x_wconf 87' lang='lat' dir='ltr'>laetitia</span> <span class='ocrx_word' id='word_1_189' title='bbox 636 1718 896 1767; x_wconf 89' lang='lat' dir='ltr'>hospitaliter</span> <span class='ocrx_word' id='word_1_190' title='bbox 924 1717 1193 1768; x_wconf 80' lang='lat' dir='ltr'>excipiuntur.</span> <span class='ocrx_word' id='word_1_191' title='bbox 1227 1717 1396 1754; x_wconf 87' lang='lat' dir='ltr'>Postero</span> <span class='ocrx_word' id='word_1_192' title='bbox 1416 1716 1480 1754; x_wconf 88' lang='lat' dir='ltr'>die</span> <span class='ocrx_word' id='word_1_193' title='bbox 1499 1715 1709 1753; x_wconf 74' lang='lat' dir='ltr'>consilium</span> 
     </span>
     <span class='ocr_line' id='line_1_24' title="bbox 227 1787 1710 1839; baseline -0.003 -12"><span class='ocrx_word' id='word_1_194' title='bbox 227 1792 249 1827; x_wconf 78' lang='lat'>6</span> <span class='ocrx_word' id='word_1_195' title='bbox 268 1789 462 1837; x_wconf 86' lang='lat' dir='ltr'>habitum,</span> <span class='ocrx_word' id='word_1_196' title='bbox 495 1790 558 1827; x_wconf 89' lang='lat' dir='ltr'>cui</span> <span class='ocrx_word' id='word_1_197' title='bbox 577 1793 615 1827; x_wconf 90' lang='lat' dir='ltr'>et</span> <span class='ocrx_word' id='word_1_198' title='bbox 631 1790 676 1827; x_wconf 88' lang='lat' dir='ltr'>L.</span> <span class='ocrx_word' id='word_1_199' title='bbox 698 1789 867 1827; x_wconf 85' lang='lat' dir='ltr'>Porcius</span> <span class='ocrx_word' id='word_1_200' title='bbox 883 1790 1052 1828; x_wconf 86' lang='lat' dir='ltr'>Licinus</span> <span class='ocrx_word' id='word_1_201' title='bbox 1069 1793 1217 1839; x_wconf 87' lang='lat' dir='ltr'>praetor</span> <span class='ocrx_word' id='word_1_202' title='bbox 1245 1788 1368 1828; x_wconf 84' lang='lat' dir='ltr'>affuit.</span> <span class='ocrx_word' id='word_1_203' title='bbox 1417 1787 1557 1826; x_wconf 87' lang='lat' dir='ltr'>Castra</span> <span class='ocrx_word' id='word_1_204' title='bbox 1573 1787 1710 1824; x_wconf 86' lang='lat' dir='ltr'>iuncta</span> 
     </span>
     <span class='ocr_line' id='line_1_25' title="bbox 271 1859 1712 1909; baseline -0.001 -11"><span class='ocrx_word' id='word_1_205' title='bbox 271 1862 478 1899; x_wconf 84' lang='lat' dir='ltr'>consulum</span> <span class='ocrx_word' id='word_1_206' title='bbox 510 1861 653 1899; x_wconf 86' lang='lat' dir='ltr'>castris</span> <span class='ocrx_word' id='word_1_207' title='bbox 684 1861 868 1908; x_wconf 89' lang='lat' dir='ltr'>habebat,</span> <span class='ocrx_word' id='word_1_208' title='bbox 902 1866 939 1899; x_wconf 91' lang='lat' dir='ltr'>et</span> <span class='ocrx_word' id='word_1_209' title='bbox 985 1865 1077 1899; x_wconf 89' lang='lat' dir='ltr'>ante</span> <span class='ocrx_word' id='word_1_210' title='bbox 1108 1861 1323 1900; x_wconf 87' lang='lat' dir='ltr'>adventum</span> <span class='ocrx_word' id='word_1_211' title='bbox 1354 1873 1491 1898; x_wconf 89' lang='lat' dir='ltr'>eorum</span> <span class='ocrx_word' id='word_1_212' title='bbox 1521 1872 1591 1909; x_wconf 89' lang='lat' dir='ltr'>per</span> <span class='ocrx_word' id='word_1_213' title='bbox 1623 1859 1712 1897; x_wconf 89' lang='lat' dir='ltr'>loca</span> 
     </span>
     <span class='ocr_line' id='line_1_26' title="bbox 270 1932 1711 1982; baseline -0.002 -11"><span class='ocrx_word' id='word_1_214' title='bbox 270 1934 350 1971; x_wconf 76' lang='lat' dir='ltr'>alta</span> <span class='ocrx_word' id='word_1_215' title='bbox 383 1934 564 1971; x_wconf 88' lang='lat' dir='ltr'>ducendo</span> <span class='ocrx_word' id='word_1_216' title='bbox 596 1933 826 1980; x_wconf 88' lang='lat' dir='ltr'>exercitum,</span> <span class='ocrx_word' id='word_1_217' title='bbox 860 1947 981 1982; x_wconf 88' lang='lat' dir='ltr'>quum</span> <span class='ocrx_word' id='word_1_218' title='bbox 1005 1933 1123 1971; x_wconf 88' lang='lat' dir='ltr'>modo</span> <span class='ocrx_word' id='word_1_219' title='bbox 1150 1933 1343 1971; x_wconf 88' lang='lat' dir='ltr'>insideret</span> <span class='ocrx_word' id='word_1_220' title='bbox 1368 1934 1557 1981; x_wconf 86' lang='lat' dir='ltr'>angustos</span> <span class='ocrx_word' id='word_1_221' title='bbox 1574 1932 1711 1978; x_wconf 87' lang='lat' dir='ltr'>saltus,</span> 
     </span>
     <span class='ocr_line' id='line_1_27' title="bbox 270 2003 1712 2052; baseline -0.001 -10"><span class='ocrx_word' id='word_1_222' title='bbox 270 2008 314 2042; x_wconf 88' lang='lat' dir='ltr'>ut</span> <span class='ocrx_word' id='word_1_223' title='bbox 343 2006 558 2043; x_wconf 85' lang='lat' dir='ltr'>transitum</span> <span class='ocrx_word' id='word_1_224' title='bbox 590 2005 807 2051; x_wconf 85' lang='lat' dir='ltr'>clauderet,</span> <span class='ocrx_word' id='word_1_225' title='bbox 838 2005 954 2044; x_wconf 88' lang='lat' dir='ltr'>modo</span> <span class='ocrx_word' id='word_1_226' title='bbox 980 2005 1029 2043; x_wconf 83' lang='lat' dir='ltr'>ab</span> <span class='ocrx_word' id='word_1_227' title='bbox 1062 2006 1188 2043; x_wconf 82' lang='lat' dir='ltr'>latere</span> <span class='ocrx_word' id='word_1_228' title='bbox 1220 2007 1289 2042; x_wconf 89' lang='lat' dir='ltr'>aut</span> <span class='ocrx_word' id='word_1_229' title='bbox 1314 2003 1363 2040; x_wconf 89' lang='lat' dir='ltr'>ab</span> <span class='ocrx_word' id='word_1_230' title='bbox 1391 2006 1507 2052; x_wconf 86' lang='lat' dir='ltr'>tergo</span> <span class='ocrx_word' id='word_1_231' title='bbox 1526 2007 1712 2052; x_wconf 85' lang='lat' dir='ltr'>carperet</span> 
     </span>
     <span class='ocr_line' id='line_1_28' title="bbox 271 2075 1711 2126; baseline -0.001 -13"><span class='ocrx_word' id='word_1_232' title='bbox 271 2090 425 2126; x_wconf 87' lang='lat' dir='ltr'>agmen,</span> <span class='ocrx_word' id='word_1_233' title='bbox 458 2077 688 2115; x_wconf 88' lang='lat' dir='ltr'>ludificatus</span> <span class='ocrx_word' id='word_1_234' title='bbox 713 2078 867 2115; x_wconf 84' lang='lat' dir='ltr'>hostem</span> <span class='ocrx_word' id='word_1_235' title='bbox 885 2077 1068 2114; x_wconf 91' lang='lat' dir='ltr'>omnibus</span> <span class='ocrx_word' id='word_1_236' title='bbox 1095 2077 1248 2114; x_wconf 89' lang='lat' dir='ltr'>artibus</span> <span class='ocrx_word' id='word_1_237' title='bbox 1264 2076 1364 2114; x_wconf 91' lang='lat' dir='ltr'>belli</span> <span class='ocrx_word' id='word_1_238' title='bbox 1379 2076 1531 2122; x_wconf 80' lang='lat' dir='ltr'>fuerat3</span> <span class='ocrx_word' id='word_1_239' title='bbox 1563 2075 1596 2112; x_wconf 88' lang='lat' dir='ltr'>is</span> <span class='ocrx_word' id='word_1_240' title='bbox 1624 2078 1711 2112; x_wconf 88' lang='lat' dir='ltr'>tum</span> 
     </span>
     <span class='ocr_line' id='line_1_29' title="bbox 227 2147 1710 2194; baseline -0.001 -9"><span class='ocrx_word' id='word_1_241' title='bbox 227 2151 247 2185; x_wconf 84' lang='grc'>7</span> <span class='ocrx_word' id='word_1_242' title='bbox 270 2149 312 2185; x_wconf 92' lang='lat' dir='ltr'>in</span> <span class='ocrx_word' id='word_1_243' title='bbox 343 2149 510 2187; x_wconf 88' lang='lat' dir='ltr'>consilio</span> <span class='ocrx_word' id='word_1_244' title='bbox 538 2149 686 2187; x_wconf 83' lang='lat' dir='ltr'>aderat.</span> <span class='ocrx_word' id='word_1_245' title='bbox 733 2149 955 2187; x_wconf 83' lang='lat' dir='ltr'>Multorum</span> <span class='ocrx_word' id='word_1_246' title='bbox 973 2162 1017 2186; x_wconf 90' lang='lat' dir='ltr'>eo</span> <span class='ocrx_word' id='word_1_247' title='bbox 1038 2147 1289 2185; x_wconf 84' lang='lat' dir='ltr'>inclinabant</span> <span class='ocrx_word' id='word_1_248' title='bbox 1305 2148 1525 2194; x_wconf 76' lang='lat' dir='ltr'>sententiae,</span> <span class='ocrx_word' id='word_1_249' title='bbox 1541 2150 1597 2194; x_wconf 92' lang='lat' dir='ltr'>ut,</span> <span class='ocrx_word' id='word_1_250' title='bbox 1615 2147 1710 2184; x_wconf 87' lang='lat' dir='ltr'>dum</span> 
     </span>
     <span class='ocr_line' id='line_1_30' title="bbox 272 2218 1711 2270; baseline -0.002 -12"><span class='ocrx_word' id='word_1_251' title='bbox 272 2221 417 2258; x_wconf 89' lang='lat' dir='ltr'>fessum</span> <span class='ocrx_word' id='word_1_252' title='bbox 463 2221 528 2258; x_wconf 85' lang='lat' dir='ltr'>via</span> <span class='ocrx_word' id='word_1_253' title='bbox 573 2235 617 2259; x_wconf 86' lang='lat' dir='ltr'>ac</span> <span class='ocrx_word' id='word_1_254' title='bbox 649 2221 806 2270; x_wconf 85' lang='lat' dir='ltr'>vigiliis</span> <span class='ocrx_word' id='word_1_255' title='bbox 845 2220 1028 2258; x_wconf 88' lang='lat' dir='ltr'>reficeret</span> <span class='ocrx_word' id='word_1_256' title='bbox 1066 2219 1231 2257; x_wconf 83' lang='lat' dir='ltr'>militem</span> <span class='ocrx_word' id='word_1_257' title='bbox 1262 2220 1380 2267; x_wconf 84' lang='lat' dir='ltr'>Nero,</span> <span class='ocrx_word' id='word_1_258' title='bbox 1413 2220 1530 2258; x_wconf 88' lang='lat' dir='ltr'>simul</span> <span class='ocrx_word' id='word_1_259' title='bbox 1577 2223 1615 2257; x_wconf 89' lang='lat' dir='ltr'>et</span> <span class='ocrx_word' id='word_1_260' title='bbox 1660 2218 1711 2256; x_wconf 88' lang='lat' dir='ltr'>ad</span> 
     </span>
     <span class='ocr_line' id='line_1_31' title="bbox 271 2292 1710 2342; baseline -0.001 -12"><span class='ocrx_word' id='word_1_261' title='bbox 271 2292 515 2330; x_wconf 85' lang='lat' dir='ltr'>noscendum</span> <span class='ocrx_word' id='word_1_262' title='bbox 546 2293 700 2330; x_wconf 87' lang='lat' dir='ltr'>hostem</span> <span class='ocrx_word' id='word_1_263' title='bbox 732 2305 878 2342; x_wconf 88' lang='lat' dir='ltr'>paucos</span> <span class='ocrx_word' id='word_1_264' title='bbox 925 2292 1003 2330; x_wconf 85' lang='lat' dir='ltr'>sibi</span> <span class='ocrx_word' id='word_1_265' title='bbox 1035 2296 1211 2330; x_wconf 89' lang='lat' dir='ltr'>sumeret</span> <span class='ocrx_word' id='word_1_266' title='bbox 1241 2292 1344 2338; x_wconf 88' lang='lat' dir='ltr'>dies,</span> <span class='ocrx_word' id='word_1_267' title='bbox 1374 2295 1533 2341; x_wconf 84' lang='lat' dir='ltr'>tempus</span> <span class='ocrx_word' id='word_1_268' title='bbox 1564 2303 1710 2341; x_wconf 83' lang='lat' dir='ltr'>pugnae</span> 
     </span>
     <span class='ocr_line' id='line_1_32' title="bbox 226 2363 1711 2413; baseline -0.001 -12"><span class='ocrx_word' id='word_1_269' title='bbox 226 2364 251 2401; x_wconf 84' lang='lat'>8</span> <span class='ocrx_word' id='word_1_270' title='bbox 271 2364 513 2403; x_wconf 83' lang='lat' dir='ltr'>differretur.</span> <span class='ocrx_word' id='word_1_271' title='bbox 574 2364 682 2403; x_wconf 82' lang='lat' dir='ltr'>Nero</span> <span class='ocrx_word' id='word_1_272' title='bbox 713 2378 792 2402; x_wconf 87' lang='lat' dir='ltr'>non</span> <span class='ocrx_word' id='word_1_273' title='bbox 825 2363 994 2401; x_wconf 83' lang='lat' dir='ltr'>suadere</span> <span class='ocrx_word' id='word_1_274' title='bbox 1026 2363 1156 2413; x_wconf 86' lang='lat' dir='ltr'>modo,</span> <span class='ocrx_word' id='word_1_275' title='bbox 1199 2364 1268 2402; x_wconf 89' lang='lat' dir='ltr'>sed</span> <span class='ocrx_word' id='word_1_276' title='bbox 1299 2377 1451 2401; x_wconf 84' lang='lat' dir='ltr'>summa</span> <span class='ocrx_word' id='word_1_277' title='bbox 1490 2377 1563 2413; x_wconf 91' lang='lat' dir='ltr'>ope</span> <span class='ocrx_word' id='word_1_278' title='bbox 1596 2376 1711 2401; x_wconf 87' lang='lat' dir='ltr'>orare</span> 
     </span>
     <span class='ocr_line' id='line_1_33' title="bbox 270 2435 1710 2483; baseline -0.001 -11"><span class='ocrx_word' id='word_1_279' title='bbox 270 2435 431 2482; x_wconf 88' lang='lat' dir='ltr'>institit,</span> <span class='ocrx_word' id='word_1_280' title='bbox 478 2449 526 2473; x_wconf 93' lang='lat' dir='ltr'>ne</span> <span class='ocrx_word' id='word_1_281' title='bbox 559 2436 766 2474; x_wconf 88' lang='lat' dir='ltr'>consilium</span> <span class='ocrx_word' id='word_1_282' title='bbox 812 2448 937 2479; x_wconf 88' lang='lat' dir='ltr'>suum,</span> <span class='ocrx_word' id='word_1_283' title='bbox 986 2435 1093 2483; x_wconf 86' lang='lat' dir='ltr'>quod</span> <span class='ocrx_word' id='word_1_284' title='bbox 1138 2438 1270 2473; x_wconf 90' lang='lat' dir='ltr'>tutum</span> <span class='ocrx_word' id='word_1_285' title='bbox 1315 2435 1500 2473; x_wconf 90' lang='lat' dir='ltr'>celeritas</span> <span class='ocrx_word' id='word_1_286' title='bbox 1540 2435 1710 2481; x_wconf 86' lang='lat' dir='ltr'>fecisset,</span> 
     </span>
     <span class='ocr_line' id='line_1_34' title="bbox 224 2506 1709 2556; baseline 0 -12"><span class='ocrx_word' id='word_1_287' title='bbox 224 2508 246 2543; x_wconf 80' lang='grc'>9</span> <span class='ocrx_word' id='word_1_288' title='bbox 265 2508 524 2545; x_wconf 88' lang='lat' dir='ltr'>temerarium</span> <span class='ocrx_word' id='word_1_289' title='bbox 557 2507 747 2546; x_wconf 87' lang='lat' dir='ltr'>morando</span> <span class='ocrx_word' id='word_1_290' title='bbox 779 2507 975 2553; x_wconf 80' lang='lat' dir='ltr'>facerent3</span> <span class='ocrx_word' id='word_1_291' title='bbox 1008 2519 1155 2553; x_wconf 88' lang='lat' dir='ltr'>errore,</span> <span class='ocrx_word' id='word_1_292' title='bbox 1191 2507 1259 2556; x_wconf 91' lang='lat' dir='ltr'>qui</span> <span class='ocrx_word' id='word_1_293' title='bbox 1292 2520 1371 2544; x_wconf 87' lang='lat' dir='ltr'>non</span> <span class='ocrx_word' id='word_1_294' title='bbox 1403 2506 1616 2544; x_wconf 88' lang='lat' dir='ltr'>diuturnus</span> <span class='ocrx_word' id='word_1_295' title='bbox 1650 2507 1709 2543; x_wconf 89' lang='lat' dir='ltr'>fu—</span> 
     </span>
     <span class='ocr_line' id='line_1_35' title="bbox 270 2577 1710 2629; baseline -0.001 -13"><span class='ocrx_word' id='word_1_296' title='bbox 270 2583 384 2617; x_wconf 88' lang='lat' dir='ltr'>turus</span> <span class='ocrx_word' id='word_1_297' title='bbox 416 2583 531 2625; x_wconf 88' lang='lat' dir='ltr'>esset,</span> <span class='ocrx_word' id='word_1_298' title='bbox 561 2580 672 2617; x_wconf 87' lang='lat' dir='ltr'>velut</span> <span class='ocrx_word' id='word_1_299' title='bbox 702 2582 928 2629; x_wconf 88' lang='lat' dir='ltr'>torpentem</span> <span class='ocrx_word' id='word_1_300' title='bbox 953 2577 1228 2616; x_wconf 84' lang='lat' dir='ltr'>Hannibalem</span> <span class='ocrx_word' id='word_1_301' title='bbox 1260 2592 1331 2616; x_wconf 89' lang='lat' dir='ltr'>nec</span> <span class='ocrx_word' id='word_1_302' title='bbox 1365 2582 1496 2616; x_wconf 87' lang='lat' dir='ltr'>castra</span> <span class='ocrx_word' id='word_1_303' title='bbox 1526 2591 1596 2616; x_wconf 87' lang='lat' dir='ltr'>sua</span> <span class='ocrx_word' id='word_1_304' title='bbox 1624 2578 1710 2616; x_wconf 84' lang='lat' dir='ltr'>sine</span> 
     </span>
    </p>
   </div>
   <div class='ocr_carea' id='block_1_3' title="bbox 272 2649 1708 2701">
    <p class='ocr_par' dir='ltr' id='par_1_3' title="bbox 272 2649 1708 2701">
     <span class='ocr_line' id='line_1_36' title="bbox 272 2649 1708 2701; baseline 0.001 -14"><span class='ocrx_word' id='word_1_305' title='bbox 272 2650 370 2688; x_wconf 86' lang='lat' dir='ltr'>duce</span> <span class='ocrx_word' id='word_1_306' title='bbox 402 2652 544 2689; x_wconf 88' lang='lat' dir='ltr'>relicta</span> <span class='ocrx_word' id='word_1_307' title='bbox 575 2651 740 2701; x_wconf 81' lang='lat' dir='ltr'>aggredi</span> <span class='ocrx_word' id='word_1_308' title='bbox 778 2665 848 2689; x_wconf 86' lang='lat' dir='ltr'>nec</span> <span class='ocrx_word' id='word_1_309' title='bbox 888 2650 938 2687; x_wconf 87' lang='lat' dir='ltr'>ad</span> <span class='ocrx_word' id='word_1_310' title='bbox 985 2650 1229 2700; x_wconf 86' lang='lat' dir='ltr'>sequendum</span> <span class='ocrx_word' id='word_1_311' title='bbox 1276 2662 1316 2687; x_wconf 87' lang='lat' dir='ltr'>se</span> <span class='ocrx_word' id='word_1_312' title='bbox 1363 2650 1441 2687; x_wconf 88' lang='lat' dir='ltr'>iter</span> <span class='ocrx_word' id='word_1_313' title='bbox 1474 2649 1708 2689; x_wconf 81' lang='lat' dir='ltr'>intendisse.</span> 
     </span>
    </p>
   </div>
  </div>
 </body>
</html>
