1789 2955
264 115 348 156 226
678 113 783 144 Liber
808 113 916 144 XXV.
968 112 1022 154 (A.
1049 123 1078 144 u.
1099 123 1127 144 e.
1153 112 1251 155 542.)

223 242 249 283 3
263 245 337 280 bus
355 255 519 292 passum
537 255 645 288 esse;
666 244 916 282 decemviros
933 251 1028 282 ante
1046 258 1151 288 eum,
1170 255 1340 292 quorum
1352 244 1507 293 legibus
1521 245 1575 280 ad
1587 257 1677 281 eam

264 313 373 350 diem
397 314 587 359 viverent,
611 315 758 350 multos
783 319 928 362 postea
951 315 1153 363 principes
1171 314 1339 351 civitatis
1355 314 1548 351 iudicium
1566 315 1619 350 de
1637 326 1680 351 se

225 380 406 432 4p0pu1i
429 395 593 432 passos;
620 384 867 420 Postumium
892 384 1139 433 Pyrgensem
1166 384 1396 433 suffragium
1421 385 1574 433 populo
1599 385 1681 421 Ro-

263 465 386 490 mano
401 453 629 498 extorsisse,
644 454 857 490 concilium
871 455 1000 502 plebis
1013 455 1233 498 sustulisse,
1247 455 1428 490 tribunos
1441 454 1482 490 in
1496 455 1683 491 ordinem

264 524 463 572 coegisse,
489 528 631 560 contra
655 524 848 572 populum
866 525 1095 560 Romanum
1120 524 1249 561 aciem
1273 525 1519 568 instruxisse,
1545 525 1679 561 locum

265 605 502 642 occupasse,
536 598 578 630 ut
605 593 833 630 tribunos-a
857 595 975 642 plebe
998 595 1296 638 intercluderet,
1332 595 1454 631 tribus
1478 594 1519 630 in
1545 594 1684 631 suffra-

223 661 372 713 5gium
406 664 540 700 vocari
572 664 817 712 prohiberet.
881 664 986 700 Nihil
1019 665 1129 700 aliud
1163 677 1186 700 a
1210 666 1323 702 caede
1347 677 1396 701 ac
1420 663 1682 700 dimicatione

263 733 512 770 continuisse
530 733 717 771 homines
734 734 810 770 nisi
827 734 1063 782 patientiam
1080 735 1398 783 magistratuum,
1417 735 1530 781 quod
1548 746 1681 771 cesse-

262 804 340 840 rint
366 804 406 840 in
434 804 649 852 praesentia
677 804 798 840 furori
826 809 947 852 atque
975 804 1156 841 audaciae
1182 817 1402 853 paucorum
1428 804 1613 852 vincique
1641 816 1685 840 se

230 871 320 913 6ac
359 874 553 922 populum
586 874 815 910 Romanum
855 875 965 922 passi
1004 874 1082 911 sint
1121 880 1160 911 et
1192 875 1368 918 comitia,
1407 886 1495 921 quae
1527 886 1617 910 reus
1649 873 1686 910 vi

263 950 385 992 atque
413 944 531 981 armis
558 944 829 993 prohibiturus
860 950 959 988 erat,
994 957 1045 980 ne
1070 956 1193 982 causa
1221 944 1492 993 quaerentibus
1519 944 1686 981 dimica-

224 1012 245 1053 7
263 1014 417 1051 tionem
441 1015 616 1059 daretur,
642 1015 848 1051 voluntate
871 1014 947 1063 ipsi
971 1027 1044 1051 sua
1066 1015 1311 1051 sustulerint.
1360 1014 1459 1051 Haec
1485 1026 1608 1062 quum
1633 1015 1684 1050 ab

266 1084 420 1132 optimo
445 1096 608 1132 quoque
633 1097 705 1134 pro
731 1085 942 1122 atrocitate
967 1085 1023 1121 rei
1051 1090 1222 1134 accepta
1240 1090 1390 1129 essent,
1415 1084 1575 1133 vimque
1594 1097 1684 1121 eam

264 1160 405 1191 contra
436 1166 521 1191 rem
552 1156 754 1203 publicam
787 1160 826 1191 et
858 1156 1090 1204 pernicioso
1127 1155 1312 1204 exemplo
1347 1155 1495 1191 factam
1522 1160 1686 1191 senatus

224 1223 248 1264 8
264 1226 484 1269 decresset,
513 1225 727 1262 confestim
746 1225 904 1262 Carvilii
928 1226 1074 1262 tribuni
1099 1225 1242 1274 plebis,
1270 1225 1422 1261 omissa
1446 1225 1580 1262 multae
1599 1237 1682 1261 cer-

263 1295 432 1338 tatione,
471 1295 528 1331 rei
562 1296 744 1344 capitalis
778 1296 885 1332 diem
918 1296 1126 1332 Postumio
1163 1295 1350 1331 dixerunt
1381 1307 1442 1339 ac,
1486 1295 1527 1331 ni
1559 1296 1684 1347 vades

264 1366 392 1407 daret,
433 1365 577 1413 prendi
617 1378 641 1401 a
680 1366 832 1402 viatore
872 1371 993 1413 atque
1031 1366 1072 1402 in
1105 1377 1307 1402 carcerem
1341 1365 1434 1402 duci
1467 1365 1680 1402 iusserunt.

222 1433 504 1480 9P0stumius‚
538 1436 708 1473 vadibus
736 1437 853 1480 datis,
887 1448 972 1473 non
997 1436 1120 1473 affuit.
1185 1435 1353 1472 Tribuni
1381 1436 1539 1484 plebem
1563 1448 1682 1484 roga-

263 1511 405 1542 verunt
435 1506 656 1554 plebesque
689 1507 743 1543 ita
776 1507 900 1550 scivit,
943 1507 974 1543 si
1007 1507 1062 1543 M.
1095 1506 1325 1543 Postumius
1358 1512 1452 1542 ante
1485 1506 1680 1543 calendas

263 1576 394 1612 Maias
418 1588 504 1612 non
530 1577 735 1624 prodisset
752 1577 976 1624 citatusque
994 1589 1044 1613 eo
1063 1577 1130 1612 die
1148 1588 1234 1613 non
1251 1576 1532 1624 respondisset
1548 1588 1682 1624 neque

264 1651 477 1682 excusatus
501 1653 620 1691 esset,
646 1647 771 1683 videri
796 1659 888 1683 eum
910 1647 952 1683 in
978 1647 1117 1684 exsilio
1143 1659 1246 1690 esse,
1272 1647 1464 1694 bonaque
1482 1646 1567 1683 eius
1587 1659 1681 1683 ven-

196 1715 249 1755 lO
266 1717 335 1760 ire,
369 1717 445 1765 ipsi
473 1729 579 1764 aqua
606 1722 646 1753 et
671 1718 753 1765 igni
782 1718 942 1765 placere
969 1717 1167 1754 interdici.
1231 1717 1404 1765 Singulis
1435 1717 1587 1753 deinde
1613 1729 1682 1754 eo-

263 1799 362 1831 rum,
391 1787 458 1835 qui
483 1788 607 1824 turbae
632 1799 679 1824 ac
704 1788 893 1824 tumultus
919 1788 1191 1825 concitatores
1217 1787 1387 1831 fuerant,
1416 1787 1472 1823 rei
1497 1787 1681 1835 capitalis

195 1856 245 1895 11
265 1856 372 1893 diem
398 1858 533 1894 dicere
558 1869 605 1894 ac
630 1859 756 1894 vades
779 1870 950 1906 poscere
975 1863 1196 1907 coeperunt.
1251 1858 1384 1894 Primo
1410 1869 1494 1893 non
1521 1858 1680 1901 dantes,

265 1927 418 1964 deinde
443 1928 563 1964 etiam
588 1940 673 1972 eos,
701 1928 767 1976 qui
785 1929 883 1964 dare
901 1934 1082 1976 possent,
1109 1928 1150 1964 in
1169 1940 1370 1964 carcerem
1389 1927 1680 1971 coniiciebant;

264 1998 376 2034 cuius
415 1998 470 2034 rei
510 1998 728 2046 periculum
768 1998 938 2034 vitantes
978 1998 1157 2046 plerique
1196 1999 1236 2034 in
1270 1997 1449 2034 exsilium
1483 1998 1680 2034 abierunt.

167 2063 197 2108 5
380 2067 498 2104 Hunc
523 2068 629 2104 fraus
654 2069 972 2116 publicanorum,
1002 2068 1154 2104 deinde
1180 2068 1364 2104 fraudem
1389 2067 1562 2104 audacia
1590 2079 1682 2116 pro-

224 2136 250 2176 2
264 2142 407 2186 tegens
435 2138 585 2174 exitum
602 2138 752 2174 habuit.
802 2138 977 2175 Comitia
993 2138 1090 2175 inde
1108 2138 1288 2187 pontifici
1305 2138 1480 2174 maximo
1499 2138 1681 2175 creando

266 2213 358 2244 sunt
390 2208 546 2252 habita3
581 2221 629 2244 ea
661 2209 825 2245 comitia
857 2221 985 2246 novus
1008 2209 1192 2257 pontifex
1217 2208 1272 2245 Μ.
1299 2208 1510 2245 Cornelius
1536 2208 1682 2245 Cethe-

225 2276 250 2316 3
265 2290 339 2326 gus
378 2277 529 2314 habuit.
593 2278 693 2315 Tres
733 2279 886 2327 ingenti
926 2280 1145 2316 certamine
1178 2279 1390 2327 petierunt,
1437 2278 1488 2324 Q.
1522 2279 1680 2315 Fulvius

266 2348 434 2385 Flaccus
464 2348 618 2391 consul,
652 2349 718 2396 qui
748 2346 821 2399 [et]
851 2355 945 2386 ante
975 2351 1035 2387 bis
1065 2350 1207 2387 consul
1233 2354 1272 2385 et
1296 2361 1441 2385 censor
1465 2348 1607 2393 fuerat,
1642 2354 1682 2385 et

266 2417 315 2454 T.
334 2417 510 2455 Manlius
527 2418 771 2466 Torquatus,
797 2424 836 2454 et
857 2419 944 2467 ipse
968 2420 1129 2457 duobus
1154 2420 1430 2456 consulatibus
1454 2424 1494 2455 et
1511 2431 1682 2455 censura

266 2487 447 2535 insignis,
476 2493 516 2524 et
537 2488 585 2525 R
610 2487 788 2525 Licinius
812 2488 994 2533 Crassus,
1023 2489 1090 2537 qui
1118 2489 1350 2526 aedilitatem
1378 2489 1552 2526 curulem
1580 2489 1681 2538 peti—

224 2555 251 2595 4
267 2563 374 2594 turus
407 2563 505 2595 erat.
568 2557 644 2595 Hic
669 2570 788 2595 senes
811 2559 1116 2607 honoratosque
1140 2560 1293 2596 iuvenis
1317 2560 1358 2596 in
1383 2571 1433 2596 eo
1462 2560 1680 2596 certamine
