1789 2955
278 71 331 109 34
668 65 785 100 Liber
810 64 956 101 XXVI.
1008 64 1070 109 (A.
1097 79 1132 102 u.
1159 78 1189 101 c.
1216 68 1309 111 544.)

277 194 334 232 ita
365 193 542 231 scribere
573 193 753 231 consules
785 193 893 242 iussi,
926 206 975 230 ne
1005 207 1121 243 quem
1146 195 1316 232 militem
1346 195 1533 242 facerent,
1565 197 1634 246 qui
1665 197 1709 235 in

275 265 456 303 exercitu
487 265 542 303 M.
576 264 746 311 Claudii,
786 263 843 302 M.
877 263 1044 312 Valerii,
1085 264 1131 312 Q.
1167 266 1299 304 Fulvii
1337 267 1488 314 fuisset,
1526 282 1624 306 neve
1663 282 1711 308 eo

276 350 379 375 anno
417 337 555 387 plures
593 349 714 385 quam
752 349 832 373 una
871 339 910 373 et
939 337 1089 385 viginti
1119 337 1310 375 Romanae
1348 339 1527 388 legiones
1566 343 1707 379 essent.

125 407 181 457 29
385 407 463 445 His
490 411 650 446 senatus
676 407 870 445 consultis
898 408 1088 457 perfectis
1107 410 1239 446 sortiti
1262 410 1488 458 provincias
1515 412 1709 452 consules.

278 479 418 518 Sicilia
436 482 475 516 et
491 479 630 517 classis
646 479 853 525 Marcello,
870 478 993 517 Italia
1011 493 1099 516 cum
1116 480 1221 517 bello
1239 480 1426 519 adversus
1441 481 1712 521 Hannibalem

235 555 258 591 2
278 552 445 590 Laevino
479 551 624 588 evenit.
673 549 771 597 Quae
803 563 899 597 sors,
929 551 1040 588 velut
1071 552 1216 588 iterum
1248 553 1377 602 captis
1402 551 1622 602 Syracusis,
1655 555 1712 594 ita

278 623 521 661 exanimavit
539 622 708 669 Siculos,
737 623 1032 672 exspectatione
1057 623 1176 660 sortis
1206 624 1246 660 in
1272 625 1476 662 consulum
1501 630 1715 676 conspectu

277 697 438 741 stantes,
469 698 514 731 ut
544 694 808 744 comploratio
840 707 976 731 eorum
1007 694 1238 744 flebilesque
1279 708 1394 733 voces
1436 700 1475 733 et
1513 699 1712 748 extemplo

279 767 415 805 oculos
432 766 634 804 hominum
653 766 923 803 converterint
947 770 987 803 et
1002 766 1210 815 postmodo
1234 780 1433 805 sermones
1455 769 1716 818 praebuerint.

246 839 269 877 3
292 838 568 875 Circumibant
598 838 701 874 enim
735 841 960 875 senatorum
992 838 1128 875 domos
1159 852 1245 875 cum
1278 842 1387 876 veste
1413 840 1587 885 sordida,
1609 841 1714 879 affir-

279 913 445 957 mantes,
473 923 514 947 se
541 923 620 947 non
638 909 755 947 modo
773 923 885 947 suam
903 922 1080 959 quosque
1096 910 1280 958 patriam,
1304 911 1373 948 sed
1390 915 1514 948 totam
1533 911 1716 952 Siciliam

238 982 504 1031 4relicturos,
534 982 569 1019 si
595 996 640 1020 eo
664 981 881 1019 Marcellus
906 981 1048 1018 iterum
1066 995 1154 1018 cum
1185 982 1350 1031 imperio
1366 982 1547 1021 redisset.
1595 984 1716 1023 Nullo

279 1067 350 1093 suo
381 1054 524 1092 merito
557 1068 646 1091 eum
677 1057 767 1091 ante
800 1053 1097 1102 implacabilem
1128 1054 1170 1090 in
1195 1067 1235 1090 se
1258 1054 1403 1101 fuisse3
1436 1055 1532 1104 quid
1558 1056 1716 1105 iratum,

280 1126 386 1177 quod
418 1126 585 1163 Romam
616 1125 664 1162 de
696 1139 735 1163 se
767 1130 949 1174 questum
972 1125 1128 1163 venisse
1154 1124 1312 1163 Siculos
1348 1126 1459 1174 sciat,
1487 1127 1718 1166 facturum?

279 1197 409 1236 obrui
442 1198 574 1234 AEtnae
606 1198 767 1246 ignibus
806 1200 873 1234 aut
905 1198 1035 1246 mergi
1067 1198 1168 1235 freto
1215 1198 1340 1234 satius
1370 1197 1432 1235 illi
1464 1201 1603 1237 insulae
1635 1214 1718 1238 esse

238 1268 261 1307 5
280 1283 402 1319 quam
445 1270 556 1307 velut
601 1268 698 1306 dedi
745 1280 860 1305 noxae
906 1268 1078 1306 inimico.
1152 1270 1226 1306 Hae
1273 1268 1500 1307 Siculorum
1547 1269 1718 1318 querelae

281 1341 420 1379 domos
450 1342 624 1391 primum
651 1340 846 1378 nobilium
874 1340 1117 1378 circumlatae
1144 1341 1432 1390 celebrataeque
1458 1340 1720 1387 sermonibus,

282 1427 381 1464 quos
412 1414 558 1463 partim
590 1412 865 1449 misericordia
897 1410 1134 1458 Siculorum,
1175 1413 1321 1462 partim
1352 1411 1505 1450 invidia
1534 1411 1722 1448 Marcelli

237 1486 259 1523 6
280 1485 499 1532 excitabat,
531 1486 573 1522 in
597 1488 778 1522 senatum
807 1484 927 1521 etiam
954 1487 1235 1533 pervenerunt.
1293 1483 1547 1521 Postulatum
1575 1497 1598 1520 a
1623 1496 1714 1521 con-

283 1557 438 1595 sulibus
465 1560 535 1606 est,
561 1559 608 1593 ut
633 1556 680 1593 de
706 1555 982 1606 permutandis
1008 1556 1227 1604 provinciis
1251 1559 1430 1593 senatum
1455 1556 1718 1593 consulerent.

283 1629 516 1675 Marcellus,
542 1628 576 1666 si
601 1628 681 1665 iam
709 1627 839 1665 auditi
866 1627 914 1664 ab
932 1630 1071 1664 senatu
1089 1627 1215 1665 Siculi
1234 1631 1375 1676 essent,
1403 1628 1524 1666 aliam
1550 1627 1721 1664 forsitan

242 1700 264 1737 7
284 1700 460 1738 futuram
485 1700 607 1738 fuisse
641 1699 877 1737 sententiam
905 1712 1015 1736 suam
1041 1699 1195 1747 dicere3
1227 1713 1344 1746 nunc,
1375 1713 1424 1737 ne
1456 1700 1545 1749 quis
1574 1699 1721 1736 timore

284 1773 432 1810 frenari
463 1786 528 1810 eos
560 1771 693 1810 dicere
724 1771 863 1821 possit,
895 1783 974 1820 quo
1006 1772 1138 1809 minus
1170 1773 1218 1809 de
1249 1785 1294 1809 eo
1332 1772 1458 1809 libere
1490 1773 1723 1820 querantur,

284 1845 326 1882 in
359 1845 470 1882 cuius
502 1847 701 1894 potestate
740 1857 831 1881 mox
863 1843 987 1880 futuri
1019 1844 1109 1891 sint,
1148 1844 1183 1881 si
1215 1844 1379 1893 collegae
1418 1843 1519 1881 nihil
1550 1841 1719 1890 intersit,

243 1915 441 1954 8mutare
473 1929 513 1953 se
544 1916 791 1965 provinciam
823 1918 1006 1964 paratum
1037 1928 1137 1962 esse,
1183 1915 1390 1965 deprecari
1429 1917 1588 1952 senatus
1619 1926 1721 1963 prae-

285 1987 497 2034 iudicium3
544 2001 635 2024 nam
675 2000 795 2036 quum
840 1990 954 2024 extra
994 1990 1139 2024 sortem
1185 1987 1349 2036 collegae
1390 1986 1594 2036 optionem
1634 1984 1723 2022 dari

284 2059 503 2108 provinciae
535 2059 717 2108 iniquum
754 2058 894 2105 fuerit,
938 2062 1088 2108 quanto
1126 2059 1313 2096 maiorem
1344 2057 1552 2103 iniuriam,
1601 2057 1722 2094 immo

246 2131 270 2167 9
290 2130 571 2168 contumeliam
590 2143 683 2177 esse,
711 2133 857 2167 sortem
875 2143 985 2167 suam
1013 2130 1063 2166 ad
1081 2143 1169 2167 eum
1185 2129 1426 2168 transferri?
1472 2130 1537 2166 Ita
1554 2131 1723 2175 senatus,

287 2215 419 2252 quum,
437 2202 535 2251 quid
553 2202 741 2251 placeret,
758 2202 882 2249 magis
909 2202 1148 2239 ostendisset
1170 2215 1287 2251 quam
1316 2201 1525 2247 decresset,
1552 2199 1721 2237 dimitti-

287 2278 364 2311 tur.
403 2274 517 2311 Inter
533 2274 640 2323 ipsos
659 2273 839 2310 consules
857 2275 1099 2323 permutatio
1117 2273 1424 2324 provinciarum,
1441 2272 1623 2322 rapiente
1638 2271 1720 2308 fato

218 2344 270 2382 10
286 2344 524 2383 Marcellum
556 2345 607 2382 ad
632 2345 912 2392 Hannibalem,
944 2345 1048 2382 facta
1079 2350 1148 2391 est,
1181 2350 1235 2393 ut,
1268 2359 1315 2383 ex
1347 2358 1424 2395 quo
1449 2344 1602 2394 primus
1632 2344 1724 2392 post

290 2418 600 2455 adversissimas
632 2418 746 2455 haud
777 2416 954 2454 adversae
986 2430 1130 2466 pugnae
1161 2417 1330 2465 gloriam
1363 2418 1537 2466 ceperat,
1569 2416 1609 2452 in
1641 2415 1723 2451 eius

287 2489 447 2527 laudem
478 2493 701 2539 postremus
733 2488 1005 2526 Romanorum
1046 2489 1353 2538 imperatorum,
1394 2487 1596 2538 prosperis
1635 2489 1722 2523 tum

290 2560 460 2598 maxime
491 2561 649 2599 bellicis
680 2561 812 2609 rebus,
845 2560 1018 2598 caderet.
