1789 2955
252 103 332 139 242
650 98 766 132 Liber
791 96 918 133 xxx,
973 99 1032 140 (A.
1059 110 1093 131 u.
1120 109 1149 132 c.
1174 99 1271 142 551.)

187 226 236 263 12
255 227 359 264 lares
390 226 568 263 futurum
601 239 696 262 esse.
753 225 823 263 Ad
863 238 909 262 ea
938 238 1173 275 responsum
1205 225 1360 273 legatis,
1393 238 1526 263 rerum
1557 230 1684 275 gesta-

250 311 338 335 rum
354 311 544 347 prospere
560 297 600 334 in
618 296 761 335 Africa
777 310 1025 334 communem
1051 297 1128 334 sibi
1153 310 1241 334 oum
1265 310 1358 346 rege
1376 298 1685 345 gratulationem

252 383 354 416 esse;
387 368 617 419 Scipionem
649 372 756 406 recte
788 372 908 418 atque
939 368 1083 406 ordine
1108 368 1240 407 videri
1272 368 1425 415 fecisse,
1458 369 1565 418 quod
1597 384 1686 407 eum

251 454 386 490 regem
403 441 681 491 appellaverit,
713 443 752 477 et
769 439 961 490 quicquid
987 439 1097 477 aliud
1121 440 1273 487 fecerit,
1305 440 1413 489 quod
1444 440 1555 478 cordi
1581 441 1685 479 foret

182 511 231 549 13
250 512 498 560 Masinissae,
546 515 682 562 patres
728 511 992 562 comprobare
1037 525 1083 550 ac
1126 511 1304 550 laudare.
1363 511 1552 560 Munera,
1598 526 1687 562 quae

251 584 377 634 legati
407 585 559 622 ferrent
603 585 707 633 regi,
747 584 1010 621 decreverunt
1056 583 1197 632 sagula
1242 596 1446 633 purpurea
1487 584 1565 622 duo
1597 598 1685 622 cum

251 656 386 694 fibulis
432 656 563 693 aureis
609 655 782 704 singulis
837 659 876 693 et
921 656 1004 693 lato
1060 656 1171 693 clavo
1217 655 1393 702 tunicas,
1439 669 1562 704 equos
1607 656 1686 694 duo

251 728 494 778 phaleratos,
526 728 623 765 bina
655 727 859 776 equestria
888 740 999 764 arma
1029 739 1118 763 cum
1149 726 1305 773 loricis,
1351 730 1391 764 et
1428 728 1688 766 tabernacula

251 800 546 849 militaremque
578 799 880 849 supellectilem,
915 799 1073 849 qualem
1095 798 1267 847 praeberi
1293 799 1448 836 consuli
1465 813 1548 838 mos
1574 804 1687 838 esset.

185 871 236 908 14
251 872 350 910 Haec
382 872 468 921 regi
509 875 658 921 praetor
690 870 850 908 mittere
892 871 1036 908 iussus.
1096 870 1260 919 Legatis
1290 871 1331 907 in
1369 871 1551 920 singulos
1582 871 1687 910 dona

252 958 301 981 ne
333 944 462 981 minus
494 944 661 993 quinum
693 943 877 988 millium,
908 942 1121 980 comitibus
1145 954 1283 979 eorum
1310 942 1480 980 millium
1514 943 1616 991 aeris,
1648 947 1688 981 et

251 1015 490 1054 vestimenta
521 1015 616 1053 bina
648 1015 804 1064 legatis,
837 1014 999 1063 singula
1039 1014 1253 1051 comitibus
1283 1013 1571 1064 Numidisque,
1617 1015 1687 1064 qui

252 1100 301 1124 ex
335 1087 517 1125 custodia
563 1087 697 1125 emissi
742 1085 1008 1124 redderentur
1038 1086 1142 1134 regi,
1190 1085 1241 1122 ad
1287 1086 1360 1123 hoc
1404 1086 1508 1124 aedes
1538 1086 1688 1137 liberae,

253 1159 353 1206 loca,
383 1159 510 1196 lautia
542 1159 685 1207 legatis
719 1158 891 1196 decreta.

111 1226 161 1274 18
367 1230 520 1268 Eadem
563 1234 725 1277 aestate,
765 1243 844 1280 qua
889 1230 972 1266 haec
1020 1229 1180 1267 decreta
1211 1229 1350 1266 Romae
1395 1233 1435 1267 et
1479 1230 1519 1267 in
1550 1229 1692 1267 Africa

253 1307 366 1351 gesta
398 1305 501 1349 sunt,
527 1302 579 1340 -Ρ,
611 1302 858 1350 Quinctilius
886 1301 1021 1340 Varus
1052 1305 1201 1351 praetor
1231 1304 1271 1337 et
1294 1300 1350 1338 M.
1369 1300 1577 1339 Cornelius
1601 1315 1691 1351 pro-

253 1375 393 1411 consul
426 1375 466 1411 in
499 1387 594 1422 agro
627 1374 844 1411 Insubrum
871 1372 1079 1411 Gallorum
1112 1387 1201 1410 cum
1217 1372 1392 1421 Magone
1408 1372 1534 1411 Poeno
1565 1373 1691 1423 signis

208 1445 232 1481 2
254 1446 415 1484 collatis
439 1449 681 1496 pugnarunt.
729 1445 924 1483 Praetoris
956 1445 1134 1494 legiones
1167 1445 1208 1482 in
1239 1445 1369 1495 prima
1393 1445 1478 1482 acie
1509 1446 1689 1492 fuerunt;

255 1518 469 1555 Cornelius
500 1531 590 1555 suas
621 1519 663 1554 in
695 1517 889 1555 subsidiis
915 1518 1056 1564 tenuit,
1088 1518 1174 1566 ipse
1201 1516 1252 1554 ad
1283 1517 1412 1566 prima
1444 1517 1558 1566 signa
1589 1530 1690 1567 equo

254 1589 464 1636 advectus;
495 1603 649 1639 proque
681 1589 836 1627 duobus
855 1589 1041 1627 cornibus
1058 1592 1206 1638 praetor
1231 1602 1275 1625 ac
1302 1589 1518 1638 proconsul
1542 1589 1691 1627 milites

212 1658 304 1698 3ad
335 1661 543 1698 inferenda
573 1661 614 1698 in
646 1661 779 1699 hostes
812 1660 930 1710 signa
960 1674 1112 1698 summa
1156 1661 1197 1698 vi
1235 1660 1514 1698 hortabantur.
1576 1660 1690 1698 Post-

255 1746 373 1783 quam
398 1732 499 1770 nihil
523 1733 837 1780 commovebant,
868 1736 952 1770 tum
979 1732 1227 1780 Quinctilius
1245 1731 1454 1770 Cornelio:
1488 1731 1692 1781 „Lentior,

254 1808 299 1842 ut
343 1804 476 1851 vides,
520 1804 566 1841 fit
611 1818 769 1855 pugna,
817 1808 855 1842 et
899 1805 1113 1842 induratur
1150 1807 1297 1854 praeter
1327 1816 1436 1853 spem
1467 1803 1692 1842 resistendo

253 1877 428 1914 hostium
459 1877 600 1923 timor,
648 1891 715 1924 ac,
759 1890 809 1914 ne
839 1879 972 1914 vertat
1002 1876 1043 1913 in
1074 1875 1303 1922 audaciam,
1350 1875 1575 1924 periculum
1620 1879 1689 1914 est.

210 1946 494 1998 4Equestrem
525 1949 745 1998 procellam
778 1948 998 1986 excitemus
1030 1950 1202 1997 oportet,
1240 1947 1274 1984 si
1313 1947 1476 1984 turbare
1507 1960 1551 1984 ac
1583 1950 1689 1984 statu

254 2032 414 2057 movere
444 2020 641 2058 volumus.
701 2020 846 2070 Itaque
892 2020 956 2057 vel
1000 2023 1045 2056 tu
1077 2019 1127 2057 ad
1171 2019 1302 2069 prima
1347 2018 1460 2067 signa
1504 2019 1690 2068 proelium

254 2091 429 2138 sustine,
474 2104 546 2140 ego
593 2091 780 2129 inducam
826 2091 868 2128 in
913 2104 1088 2141 pugnam
1134 2090 1306 2140 equites,
1354 2090 1419 2127 vel
1450 2102 1523 2138 ego
1553 2090 1618 2127 hic
1648 2090 1690 2127 in

254 2163 384 2212 prima
428 2162 513 2199 acie
558 2175 642 2200 rem
675 2175 830 2212 geram,
875 2166 920 2199 tu
961 2165 1151 2212 quattuor
1196 2161 1402 2211 legionum
1446 2161 1602 2211 equites
1648 2161 1689 2198 in

209 2231 232 2269 5
251 2232 407 2272 hostem
439 2234 612 2272 emitte.“
677 2234 822 2271 Utram
853 2234 975 2271 vellet
1004 2237 1162 2284 praetor,
1200 2233 1376 2270 muneris
1410 2235 1565 2283 partem
1594 2245 1685 2282 pro-

255 2306 418 2343 consule
435 2305 667 2355 accipiente,
701 2305 944 2352 Quinctilius
960 2309 1108 2355 praetor
1124 2317 1213 2341 cum
1229 2304 1324 2351 filio,
1350 2304 1414 2341 cui
1432 2304 1571 2342 Marco
1588 2316 1688 2354 prae-

254 2390 397 2415 nomen
429 2380 533 2424 erat,
579 2377 754 2426 impigro
799 2377 958 2424 iuvene,
1003 2376 1055 2414 ad
1100 2377 1256 2426 equites
1301 2375 1434 2425 pergit
1475 2376 1684 2425 iussosque

210 2449 233 2486 6
252 2448 465 2487 escendere
510 2449 551 2486 in
592 2462 715 2498 equos
761 2451 923 2498 repente
968 2449 1008 2485 in
1047 2448 1199 2486 hostem
1231 2447 1391 2484 emittit.
1452 2446 1685 2484 Tumultum

255 2523 478 2570 equestrem
510 2520 623 2557 auxit
653 2520 804 2556 clamor
835 2518 883 2556 ab
923 2518 1150 2568 legionibus
1181 2518 1366 2566 additus,
1411 2531 1482 2556 nec
1513 2518 1689 2556 stetisset

254 2592 430 2629 hostium
462 2592 579 2637 acies,
611 2591 653 2628 ni
685 2591 806 2639 Mago
845 2590 896 2628 ad
936 2590 1107 2640 primum
1138 2590 1315 2640 equitum
1346 2591 1496 2627 motum
1527 2592 1690 2639 paratos

212 2663 234 2699 7
254 2662 490 2712 elephantos
523 2662 724 2712 extemplo
756 2662 799 2699 in
830 2661 1017 2711 proelium
1041 2661 1284 2707 induxisset;
1317 2661 1367 2699 ad
1399 2673 1568 2711 quorum
1598 2660 1690 2699 stri-
