1768 2943
553 124 659 155 Liber
690 125 800 155 XXII.
829 121 883 166 (A.
912 123 974 155 Ch.
1006 123 1102 166 216.)
1450 124 1533 165 113

104 257 225 306 ›digni
254 262 296 293 ut
323 257 611 293 redimeremur
641 252 699 305 [a]
731 255 844 291 vobis
867 254 939 291 visi
962 255 1098 291 simus.
1162 256 1337 292 Rediere
1360 257 1534 292 Romam
1552 254 1604 294 18

110 320 320 377 quondam
343 327 498 363 remissi
523 339 547 362 a
565 326 716 374 Pyrrho
741 326 828 362 sine
852 325 982 373 pretio
1009 325 1136 373 capti;
1163 326 1237 361 sed
1260 327 1418 362 rediere
1444 339 1534 363 cum

109 398 267 446 legatis,
293 397 532 446 primoribus
558 397 740 440 civitatis,
767 396 821 432 ad
839 395 1105 431 redimendos
1123 407 1213 432 sese
1231 396 1375 433 missis.
1426 398 1534 434 Red-

113 481 204 505 eam
237 480 316 517 ego
349 469 390 504 in
421 468 593 516 patriam
627 467 817 503 trecentis
850 466 1024 502 nummis
1056 477 1142 502 non
1169 466 1388 504 aestimatus
1413 467 1535 505 civis?

105 539 235 575 ,Suum
259 538 428 587 quisque
453 538 568 574 habet
589 537 782 581 animum,
808 542 944 586 patres
969 537 1201 587 conscripti.
1255 537 1362 582 Scio,
1387 538 1428 574 in
1453 539 1534 575 dis·
1552 536 1604 576 19

104 610 277 646 -crimine
302 621 393 646 esse
416 610 536 646 vitam
562 619 791 657 corpusque
815 618 969 650 meum;
1004 608 1133 656 magis
1156 620 1221 643 me
1246 607 1363 644 famae
1381 609 1536 657 pericu-

108 681 192 716 -lum
223 685 372 724 movet,
406 692 459 716 ne
491 692 514 715 a
547 679 662 716 vobis
695 678 878 714 damnati
911 689 959 714 ac
981 678 1129 726 repulsi
1152 679 1367 722 abea1nus;
1402 691 1536 727 neque

104 751 218 786 =enim
252 762 324 787 vos
357 750 486 798 pretio
519 749 752 798 pepercisse
784 749 970 785 homines
1006 749 1214 785 credent.»

230 820 311 857 Ubi
334 821 367 857 is
392 820 514 856 finem
533 820 639 864 fecit,
667 820 870 867 extemplo
896 819 948 855 ab
973 832 1022 855 ea
1047 820 1176 863 turba,
1203 832 1292 868 quae
1310 820 1350 856 in
1371 820 1536 856 comitio
1603 814 1663 859 60

112 896 211 935 erat,
231 891 383 927 clamor
397 891 538 927 flebilis
553 896 613 927 est
626 891 818 935 sublatus,
838 902 1063 938 manusque
1077 891 1131 926 ad
1146 890 1296 926 curiam
1310 891 1538 928 tendebant

113 966 292 1005 orantes,
317 967 359 997 ut
383 962 458 997 sibi
475 962 636 1006 liberos,
664 961 818 1005 fratres,
845 966 1047 1009 cognatos
1064 961 1299 997 redderent.
1348 961 1379 997 F
1382 961 1538 998 eminas
1554 958 1580 999 2

114 1043 278 1080 quoque
297 1036 427 1068 metus
445 1044 492 1069 ac
510 1033 733 1069 necessitas
751 1032 791 1068 in
811 1032 900 1068 foro
919 1032 1044 1068 turbae
1062 1032 1234 1068 virorum
1253 1032 1537 1068 immiscuerat.

113 1103 286 1139 Senatus
311 1103 520 1139 summotis
539 1103 695 1138 arbitris
714 1103 869 1139 consuli
888 1107 1058 1151 coeptus.
1106 1102 1165 1138 Ibi
1185 1114 1306 1150 quum
1325 1103 1536 1139 sententiis
1551 1099 1576 1140 3

115 1173 345 1217 variaretur,
375 1177 415 1209 et
442 1172 506 1208 alii
535 1173 801 1209 redimendos
830 1174 883 1209 de
908 1174 1086 1221 publico,
1114 1173 1179 1209 alii
1204 1173 1354 1209 nullam
1379 1173 1539 1221 publice

113 1243 342 1292 impensam
375 1243 608 1280 faciendam
640 1255 716 1280 nec
750 1244 1032 1292 prohibendos
1058 1256 1106 1280 ex
1128 1243 1284 1292 privato
1308 1244 1472 1288 redimi3
1508 1241 1581 1281 si4

114 1314 258 1362 quibus
297 1319 510 1362 argentum
547 1315 588 1351 in
628 1315 843 1363 praesentia
882 1316 1059 1359 deesset,
1101 1315 1284 1350 dandam
1317 1326 1365 1350 ex
1398 1315 1539 1351 aerario

113 1384 330 1433 pecuniam
357 1389 536 1420 mutuam
564 1385 850 1433 praedibusque
875 1397 921 1422 ac
946 1386 1108 1434 praediis
1133 1386 1360 1422 cavendum
1386 1386 1540 1434 populo

116 1460 343 1499 censerent,
372 1459 456 1490 tum
481 1454 530 1492 T.
555 1455 731 1492 Manlius
757 1455 1003 1504 Torquatus,
1031 1456 1173 1504 priscae
1199 1468 1245 1492 ac
1270 1456 1389 1492 nimis
1415 1457 1538 1499 durae,
1554 1453 1581 1494 5

115 1530 159 1561 ut
182 1525 383 1574 plerisque
407 1525 631 1570 videbatur,
659 1527 893 1571 severitatis,
918 1527 1190 1576 interrogatus
1216 1527 1461 1563 sententiam
1484 1527 1539 1562 ita

114 1596 272 1633 locutus
305 1595 444 1632 fertur:
492 1597 556 1632 «Si
588 1598 875 1634 tantummodo
908 1598 1184 1646 postulassent
1216 1597 1337 1645 legati
1371 1609 1444 1646 pro
1477 1594 1579 1641 iis‚ss

114 1667 181 1714 qui
220 1667 261 1703 in
293 1667 470 1703 hostium
501 1672 706 1715 potestate
738 1673 844 1712 sunt,
884 1674 926 1704 ut
957 1668 1262 1711 redimerentur,
1305 1668 1391 1703 sine
1424 1668 1538 1704 ullius

113 1737 385 1774 insectatione
417 1749 558 1773 eorum
590 1738 698 1773 brevi
731 1739 974 1774 sententiam
1006 1738 1275 1786 peregissem;
1310 1738 1408 1786 quid
1431 1735 1579 1775 enimT

112 1808 226 1844 aliud
251 1820 373 1856 quam
397 1808 652 1844 admonendi
677 1808 833 1851 essetis,
859 1814 902 1844 ut
925 1820 1082 1845 morem
1106 1809 1296 1844 traditum
1319 1820 1343 1844 a
1360 1808 1540 1856 patribus

112 1878 348 1915 necessario
373 1879 428 1915 ad
445 1890 530 1914 rem
547 1878 759 1914 militarem
777 1880 964 1928 exemplo
984 1877 1221 1916 servaretis?
1254 1878 1372 1915 Nunc
1391 1884 1539 1923 autem,

114 1960 240 1996 quum
269 1961 398 1998 prope
424 1949 585 1997 gloriati
612 1949 703 1994 sint,
735 1950 848 1998 quod
878 1962 922 1986 se
950 1949 1134 1986 hostibus
1160 1949 1407 1994 dediderint,
1442 1961 1541 1997 prae-

115 2019 289 2067 ferrique
320 2031 406 2056 non
437 2019 566 2067 captis
598 2020 726 2056 modo
755 2020 797 2056 in
819 2020 906 2056 acie
930 2021 981 2056 ab
1006 2020 1202 2065 hostibus,
1238 2020 1312 2056 sed
1336 2020 1456 2056 etiam
1480 2020 1540 2063 iis,

115 2090 184 2138 qui
217 2090 440 2126 Venusiam
474 2088 777 2138 Canusiumque
810 2095 1093 2139 pervenerunt,
1127 2096 1249 2138 atque
1281 2090 1357 2138 ipsi
1392 2089 1437 2127 C.
1462 2090 1541 2126 Te-

113 2160 247 2197 rentio
288 2160 443 2197 consuli
484 2172 642 2208 aequum
682 2161 927 2205 censuerint,
971 2161 1068 2197 nihil
1100 2173 1173 2198 vos
1206 2173 1360 2205 eorum,
1404 2166 1540 2209 patres

114 2231 348 2280 conscripti,
373 2243 462 2280 quae
486 2231 563 2267 illic
588 2236 679 2267 acta
697 2236 802 2276 sunt,
828 2231 1017 2280 ignorare
1035 2232 1179 2280 patiar.
1234 2232 1367 2279 Atque
1386 2231 1539 2267 utinam
1555 2228 1579 2269 8

116 2301 216 2345 haec,
250 2313 339 2349 quae
371 2302 483 2350 apud
515 2313 587 2338 vos
621 2307 781 2338 acturus
814 2313 915 2346 sum,
950 2301 1116 2338 Canusii
1141 2302 1252 2350 apud
1274 2302 1407 2350 ipsum
1430 2313 1541 2337 exer-

117 2371 240 2408 citum
273 2384 448 2420 agerem,
484 2372 681 2420 optimum
713 2377 858 2408 testem
889 2372 1061 2421 ignaviae
1094 2372 1287 2420 cuiusque
1311 2377 1351 2408 et
1374 2372 1538 2415 virtutis,

115 2446 186 2478 aut
224 2454 326 2478 unus
364 2442 429 2479 hic
467 2443 610 2479 saltem
648 2443 816 2479 adesset
846 2443 890 2479 P.
924 2443 1200 2491 Sempronius,
1245 2454 1366 2490 quem
1406 2442 1438 2477 si
1476 2441 1539 2477 isti

115 2512 264 2548 ducem
296 2513 421 2549 secuti
455 2518 604 2557 essent,
637 2513 782 2549 milites
815 2513 940 2549 hodie
972 2513 1013 2549 in
1047 2513 1186 2550 castris
1211 2512 1421 2555 Romanis,
1455 2523 1539 2547 non

117 2581 264 2630 captivi
294 2582 337 2619 in
368 2583 544 2620 hostium
576 2588 782 2632 potestate
814 2588 964 2620 essent.
1029 2583 1110 2619 Sed
1133 2594 1267 2630 quum,
1303 2581 1419 2618 fessis
1442 2594 1541 2630 pug-
1555 2579 1581 2620 9

120 2653 262 2689 nando
295 2653 491 2698 hostibus,
525 2659 608 2690 tum
633 2654 799 2690 victoria
822 2653 921 2690 laetis
944 2658 984 2689 et
1005 2653 1102 2701 ipsis
1125 2652 1325 2701 plerisque
1348 2652 1540 2700 regressis

190 2718 291 2745 Livius
312 2727 347 2745 ex
369 2727 426 2745 rec.
446 2718 598 2752 Madvigii.
639 2719 686 2744 111
1234 2720 1256 2753 8
