1789 2955
556 113 660 143 Liber
685 113 810 142 xxiii.
863 111 916 153 (A.
941 112 1001 143 Ch.
1025 111 1118 146 *2153
1459 113 1539 153 159

124 244 315 288 romanis,
341 244 484 292 quibus
501 243 546 279 L.
567 244 756 292 Apustius
780 244 935 292 legatus
953 244 1120 279 Tarenti
1145 249 1326 291 praeerat,
1352 245 1393 280 in
1416 256 1540 280 naves

123 314 333 362 impositis,
359 314 651 362 quinquaginta
670 314 846 361 quinque
864 314 1025 349 navium
1044 314 1172 350 classe
1190 326 1275 349 non
1294 314 1393 349 tueri
1412 314 1538 350 modo

122 383 246 420 Italiae
287 395 412 428 oram,
456 384 530 420 sed
569 384 779 432 explorare
812 385 864 419 de
897 383 1172 419 Macedonico
1206 384 1331 427 bello;
1376 384 1407 419 si
1441 396 1538 420 con·
1556 382 1609 422 10

122 454 306 502 gruentia
330 454 467 490 litteris
492 454 797 502 legatorumque
821 454 980 490 indiciis
998 454 1169 502 Philippi
1195 454 1364 490 consilia
1388 460 1536 498 essent,

123 529 165 560 ut
188 523 244 560 M.
269 524 472 560 Valerium
500 529 713 572 praetorem
742 524 878 560 litteris
909 524 1120 560 certiorem
1145 524 1308 568 faceret,
1337 524 1465 572 isque,
1491 524 1537 560 L.
1556 523 1605 562 11

122 594 292 643 Apustio
315 595 450 642 legato
477 594 665 630 exercitui
684 594 917 642 praeposito,
944 594 1167 630 Tarentum
1185 595 1239 630 ad
1258 594 1429 630 classem
1447 606 1539 642 pro-

122 664 249 701 fectus
281 664 410 713 primo
443 676 606 712 quoque
639 670 823 712 tempore
855 664 897 700 in
929 664 1221 701 Macedoniam
1253 664 1541 700 transmitteret

122 736 317 783 daretque
343 747 522 783 operam,
548 739 590 770 ut
606 734 833 783 Philippum
859 735 900 770 in
925 746 1052 783 regno
1073 736 1312 771 contineret.
1361 734 1539 770 Pecunia
1558 733 1610 772 12

121 806 177 842 ad
199 806 369 842 classem
393 806 588 841 tuendam
613 805 841 852 bellumque
859 804 1174 841 Macedonicum
1200 818 1249 841 ea
1275 806 1439 841 decreta
1464 810 1538 848 est,

121 888 210 924 quae
232 877 337 924 App.
364 875 537 912 Claudio
565 877 606 911 in
632 875 805 911 Siciliam
832 875 955 910 missa
983 880 1080 919 erat,
1109 880 1152 911 ut
1179 876 1415 911 redderetur
1444 873 1540 911 Hie-

120 946 209 982 roni
232 947 335 994 regi3
362 959 411 982 ea
434 949 506 994 per
522 945 568 982 L.
593 945 807 982 Antistium
833 946 1009 993 legatum
1029 945 1250 981 Tarentum
1276 951 1337 981 est
1355 946 1538 982 devecta.

121 1016 241 1052 Simul
282 1017 332 1052 ab
365 1015 546 1052 Hierone
585 1016 706 1052 missa
745 1016 923 1051 ducenta
963 1017 1084 1052 millia
1123 1016 1305 1052 modium
1345 1016 1461 1051 tritici
1501 1021 1541 1051 et
1558 1014 1610 1054 13

121 1086 264 1123 hordei
299 1092 475 1123 centum.

237 1156 343 1192 Dum
371 1157 456 1194 haec
480 1157 654 1193 Romani
682 1162 827 1205 parant
854 1162 1073 1205 aguntque,
1106 1157 1160 1192 ad
1185 1157 1413 1204 Philippum
1443 1168 1537 1202 cap·
1600 1153 1661 1197 39

119 1227 199 1263 tiva
237 1227 349 1263 navis
381 1239 463 1263 una
494 1239 543 1263 ex
574 1227 634 1271 iis,
676 1239 764 1275 quae
797 1228 970 1264 Romam
1003 1227 1134 1263 missae
1167 1232 1294 1271 erant,
1339 1239 1387 1262 ex
1420 1239 1535 1262 cursu

119 1297 265 1346 refugit
274 1309 282 1341 ;
306 1298 404 1333 inde
428 1297 584 1342 scitum,
611 1298 767 1346 legatos
793 1310 883 1334 cum
900 1297 1038 1333 litteris
1057 1302 1214 1345 captos.
1262 1297 1404 1344 Itaque
1421 1298 1534 1345 igna-
1550 1296 1575 1336 2

118 1379 184 1404 rus
207 1380 288 1412 rex,
314 1379 403 1416 quae
420 1379 511 1404 cum
529 1368 759 1404 Hannibale
777 1367 919 1416 legatis
938 1368 1018 1403 suis
1037 1367 1339 1411 convenissent,
1367 1379 1536 1415 quaeque

118 1437 239 1486 legati
267 1438 351 1474 eius
379 1438 433 1473 ad
462 1450 506 1474 se
533 1438 687 1474 allaturi
713 1438 895 1482 fuissent,
927 1438 1175 1486 legationem
1201 1438 1321 1474 aliam
1346 1449 1437 1474 cum
1463 1437 1539 1473 eis-

119 1508 214 1544 dem
238 1508 440 1544 mandatis
458 1507 588 1544 mittit.
636 1507 780 1556 Legati
799 1509 853 1544 ad
871 1507 1145 1544 Hannibalem
1163 1508 1273 1544 missi
1291 1507 1533 1551 Heraclitus,
1552 1507 1577 1547 3

118 1578 181 1614 cui
213 1578 380 1615 Scotino
419 1590 652 1626 cognomen
695 1584 792 1622 erat,
836 1584 875 1614 et
908 1577 1019 1614 Crito
1053 1578 1220 1614 Boeotus
1255 1584 1294 1613 et
1327 1578 1538 1614 Sositheus

117 1647 304 1695 Magnes.
367 1647 419 1683 Hi
451 1660 645 1696 prospere
678 1649 852 1684 tulerunt
878 1661 925 1684 ac
950 1649 1187 1684 rettulerunt
1211 1649 1426 1691 mandata;
1462 1647 1579 1687 sed4

117 1718 225 1766 prius
254 1730 297 1754 se
325 1723 443 1754 aestas
471 1718 715 1765 circumegit,
746 1730 868 1765 quam
894 1731 1057 1754 movere
1088 1731 1134 1755 ac
1165 1719 1294 1754 moliri
1321 1718 1537 1766 quicquam

117 1798 186 1823 rex
223 1793 383 1836 posset;
424 1793 580 1824 tantum
619 1788 732 1824 navis
771 1801 851 1824 una
890 1794 1009 1836 capta
1043 1801 1132 1825 cum
1165 1789 1308 1837 legatis
1342 1789 1538 1824 momenti

117 1857 213 1894 fecit
243 1858 298 1894 ad
330 1858 569 1894 dilationem
602 1858 848 1894 imminentis
881 1859 1078 1895 Romanis
1111 1860 1217 1895 belli.

235 1927 288 1964 Et
324 1927 429 1965 circa
467 1927 663 1976 Capuam,
707 1934 959 1976 transgresso
993 1928 1232 1964 Vulturnum
1272 1929 1399 1965 Fabio
1438 1934 1532 1977 post
1558 1928 1586 1968 5

118 1998 279 2046 expiata
295 1999 461 2034 tandem
479 1998 678 2046 prodigia,
705 1999 825 2034 ambo
845 1999 1032 2035 consules
1049 2011 1134 2034 rem
1150 2000 1360 2047 gerebant.
1410 1998 1532 2035 Corn-
1547 1998 1572 2038 6

117 2068 328 2104 bulteriam
355 2073 395 2104 et
418 2067 635 2104 Trebulam
660 2073 700 2104 et
723 2069 970 2105 Austiculam
997 2069 1130 2113 urbes,
1164 2081 1253 2116 quae
1281 2071 1337 2105 ad
1361 2070 1531 2105 Poenum

119 2137 368 2182 defecerant,
409 2138 557 2174 Fabius
597 2138 632 2173 vi
672 2139 791 2186 cepit,
832 2138 1101 2186 praesidiaque
1140 2139 1182 2174 in
1214 2139 1260 2175 iis
1294 2138 1536 2175 Hannibalis

120 2206 400 2256 Campanique
438 2207 623 2256 permulti
663 2208 783 2256 capti.
846 2209 898 2244 Et
929 2208 1058 2253 Nolae,
1099 2209 1201 2245 sicut
1237 2209 1370 2257 priore
1409 2207 1574 2254 ann0,7

119 2283 283 2315 senatus
311 2278 603 2321 Romanorum,
636 2278 751 2326 plebs
775 2277 1016 2315 Hannibalis
1050 2284 1147 2323 erat,
1182 2279 1433 2326 consiliaque
1466 2290 1534 2315 oc-

119 2348 225 2384 culta
250 2348 303 2384 de
331 2348 444 2384 caede
468 2348 693 2396 principum
717 2352 756 2383 et
780 2348 1012 2396 proditione
1036 2349 1143 2385 urbis
1166 2349 1384 2385 inibantur.
1434 2348 1531 2394 Qui·
1546 2347 1572 2388 8

118 2417 193 2453 bus
224 2429 277 2453 ne
308 2417 471 2466 incepta
502 2418 784 2466 procederent,
822 2417 926 2453 inter
957 2417 1141 2466 Capuam
1175 2423 1386 2466 castraque
1419 2418 1532 2454 Han-

119 2487 277 2532 nibalis,
309 2498 397 2535 quae
429 2487 470 2522 in
499 2486 643 2523 Tifatis
673 2492 800 2531 erant,
829 2487 1015 2523 traducto
1044 2487 1219 2524 exercitu
1242 2488 1391 2523 Fabius
1420 2499 1541 2535 super

121 2556 354 2593 Suessulam
386 2556 427 2592 in
452 2557 591 2593 castris
616 2556 851 2593 Claudianis
876 2557 1063 2593 consedit
1072 2568 1081 2601 ;
1105 2557 1202 2593 inde
1225 2557 1283 2593 M.
1307 2557 1542 2593 Marcellum
