1768 2943
257 95 312 134 32
678 93 782 124 Liber
816 94 908 124 XXI.
941 92 997 135 (A.
1035 104 1064 124 u.
1092 104 1121 125 c.
1149 93 1243 135 536.)

256 226 365 260 data.
437 224 593 260 Triduo
633 225 729 260 inde
771 225 825 260 ad
865 225 1028 273 planum
1071 226 1334 270 descensum,
1375 227 1453 263 iam
1495 232 1534 263 et
1573 227 1671 264 locis

257 295 504 331 mollioribus
537 300 576 330 et
609 296 836 331 accolarum
871 296 1057 344 ingeniis.

135 361 197 406 38
378 365 470 402 Hoc
510 366 681 402 maxime
724 367 850 402 modo
890 367 931 402 in
962 366 1118 404 Italiam
1154 373 1388 415 perventum
1423 374 1495 412 est,
1530 369 1671 416 quinto

255 448 393 472 mense
426 448 449 472 a
483 435 729 485 Carthagine
754 436 883 481 Nova,
918 442 960 473 ut
991 439 1155 485 quidam
1181 443 1367 474 auctores
1392 444 1496 482 sunt,
1531 439 1671 486 quinto

216 500 416 544 2decimo
451 507 517 543 die
546 507 713 555 Alpibus
739 508 949 556 superatis.
999 508 1171 554 Quantae
1199 509 1328 556 copiae
1354 513 1606 557 transgresso
1631 509 1671 545 in

255 578 407 614 ltaliam
432 577 651 613 Hannibali
683 578 841 622 fuerint,
876 591 1133 627 nequaquam
1160 579 1263 615 inter
1286 585 1473 615 auctores
1498 585 1670 616 constat.

255 648 335 694 Qui
359 648 591 696 plurimum,
618 653 780 684 centum
806 649 925 685 millia
951 650 1153 698 peditum,
1179 650 1316 698 viginti
1344 649 1521 697 equitum
1550 649 1671 686 fuisse

254 719 450 762 scribunt;
485 719 552 766 qui
585 719 805 763 minimum,
839 719 977 768 viginti
1009 720 1130 756 millia
1158 720 1353 768 peditum,
1388 732 1457 756 sex
1480 720 1672 768 equiturn.

215 783 299 825 3L.
334 789 497 825 Cincius
530 789 768 832 Alimentus,
803 790 868 837 qui
902 796 1064 838 captum
1098 803 1141 826 se
1174 791 1224 826 ab
1258 789 1490 827 Hannibale
1523 791 1670 829 scribit.

253 860 425 895 maxime
465 865 606 896 auctor
644 866 842 904 moveret,
887 861 961 897 nisi
995 860 1266 897 confunderet
1297 873 1506 897 numerum
1547 861 1672 898 Gallis

214 923 241 963 4
256 930 549 979 Liguribusque
567 931 736 975 additis;
757 943 847 967 cum
866 931 925 967 his
944 932 1155 980 octoginta
1172 931 1295 967 millia
1312 933 1508 980 peditum,
1528 933 1671 969 decem

254 1003 431 1050 equitum
458 1003 658 1045 adducta;
684 1000 739 1051 (in
764 1001 878 1038 Italia
902 1003 1030 1051 magis
1057 1002 1260 1039 affluxisse
1284 1003 1365 1038 veri
1390 1003 1516 1039 simile
1534 1009 1607 1047 est,
1634 1010 1673 1039 et

214 1064 308 1109 5ita
332 1073 496 1121 quidam
523 1078 710 1109 auctores
735 1070 861 1122 sunt3)
887 1085 935 1108 ex
960 1073 1051 1121 ipso
1078 1078 1211 1109 autem
1239 1073 1403 1110 audisse
1426 1073 1671 1117 Hannibale,

253 1148 468 1191 postquam
500 1142 744 1179 Rhodanum
778 1143 990 1188 transierit,
1024 1144 1186 1192 triginta
1219 1156 1288 1180 sex
1319 1144 1441 1180 millia
1464 1144 1671 1180 hominum

253 1214 541 1262 ingentemque
573 1226 783 1250 numerum
810 1227 1004 1261 equorum
1028 1220 1068 1250 et
1090 1214 1258 1250 aliorum
1281 1214 1552 1251 iumentorum
1575 1215 1673 1250 ami-

253 1285 366 1320 sisse.
430 1284 602 1321 Taurini
629 1285 833 1333 Semigalli
872 1285 1055 1333 proxima
1087 1297 1188 1333 gens
1222 1291 1308 1321 erat
1339 1285 1380 1320 in
1412 1285 1568 1321 Italiam
1601 1286 1672 1321 de—

214 1343 238 1382 ss
252 1367 408 1403 gresso.
460 1355 508 1391 Id
541 1367 662 1403 quum
690 1355 794 1391 inter
817 1367 959 1392 omnes
983 1360 1156 1400 constet,
1192 1368 1242 1392 eo
1265 1356 1394 1404 magis
1418 1356 1538 1392 miror
1560 1357 1672 1392 amb-

253 1426 319 1473 igi,
345 1438 522 1473 quanam
545 1426 669 1475 Alpes
693 1426 907 1470 transierit,
941 1431 981 1462 et
998 1427 1118 1475 vulgo
1137 1427 1317 1471 credere,
1344 1427 1516 1463 Poenino
1535 1425 1671 1477 (atque

215 1490 349 1532 7inde
382 1509 535 1533 nomen
568 1497 604 1532 ei
635 1497 732 1545 iugo
759 1497 918 1545 Alpium
951 1495 1138 1547 inditum)
1163 1502 1470 1546 transgressum,
1505 1496 1671 1534 Caelium

253 1579 324 1616 per
357 1566 570 1604 Cremonis
602 1567 737 1615 iugum
772 1568 908 1604 dicere
942 1568 1151 1612 transisse;
1186 1568 1253 1616 qui
1286 1569 1408 1604 ambo
1432 1568 1556 1604 saltus
1580 1579 1669 1604 eum

252 1650 338 1674 non
356 1638 397 1674 in
415 1638 630 1682 Taurinos,
660 1639 734 1674 sed
752 1650 823 1686 per
841 1638 1026 1674 Salassos
1044 1638 1268 1675 Montanos
1287 1640 1342 1674 ad
1357 1638 1511 1675 Libuos
1529 1637 1671 1675 Gallos

213 1703 238 1744 8
253 1709 532 1745 deduxissent.
580 1708 666 1745 Nec
691 1709 771 1744 veri
795 1708 922 1745 simile
948 1714 1022 1753 est,
1047 1721 1097 1745 ea
1121 1715 1204 1745 tum
1229 1711 1283 1746 ad
1301 1709 1473 1746 Galliam
1492 1709 1670 1758 patuisse

250 1779 415 1824 itinera;
449 1780 599 1827 utique,
634 1791 722 1827 quae
756 1780 809 1815 ad
842 1780 1054 1816 Poeninum
1088 1780 1232 1824 ferunt,
1267 1781 1450 1828 obsaepta
1482 1779 1670 1828 gentibus

214 1844 565 1898 9Semigermanis
589 1850 772 1886 fuissent.
821 1849 965 1898 Neque
990 1850 1151 1886 hercule
1175 1851 1381 1887 montibus
1400 1851 1472 1894 his,
1501 1850 1533 1887 si
1551 1862 1669 1898 quem

252 1919 354 1956 forte
386 1920 430 1955 id
461 1926 610 1965 movet,
647 1921 697 1957 ab
731 1921 900 1957 transitu
932 1921 1150 1957 Poenorum
1184 1921 1264 1957 ullo
1298 1921 1451 1958 Seduni
1484 1920 1668 1970 Veragri,

250 1991 394 2027 incolae
427 1991 508 2039 iugi
532 1990 630 2035 eius,
664 2003 816 2027 nomen
841 1991 973 2027 ferunt
994 1992 1179 2036 inditum,
1214 1993 1289 2028 sed
1312 1993 1363 2028 ab
1387 2004 1451 2036 eo,
1486 2004 1606 2040 quem
1630 1992 1668 2028 iu

250 2073 407 2097 summo
441 2067 642 2098 sacratum
675 2062 822 2098 vertice
855 2062 1069 2098 Poeninum
1101 2063 1285 2098 montani
1318 2063 1537 2111 appellant.

129 2124 190 2170 39
371 2132 679 2180 Peropportune
723 2133 776 2168 ad
815 2133 1013 2181 principia
1051 2145 1180 2169 rerum
1222 2133 1430 2177 Taurinis,
1477 2134 1668 2182 proximae

248 2203 379 2251 genti,
421 2203 614 2239 adversus
646 2202 835 2239 Insubres
869 2209 1024 2240 motum
1056 2204 1203 2240 bellum
1235 2209 1334 2241 erat.
1398 2204 1480 2240 Sed
1513 2216 1668 2241 armare

249 2273 467 2310 exercitum
485 2272 704 2317 Hannibal,
732 2278 774 2309 ut
797 2274 898 2322 parti
924 2274 1036 2310 alteri
1062 2274 1209 2311 auxilio
1235 2279 1355 2318 esset,
1380 2274 1421 2310 in
1445 2274 1667 2311 reficiendo

211 2339 422 2380 Dmaxime
447 2343 688 2380 sentientem
714 2350 924 2380 contracta
947 2351 1042 2381 ante
1067 2345 1186 2389 mala,
1219 2356 1305 2381 non
1331 2349 1510 2393 poterat;
1542 2346 1667 2382 otium

249 2415 357 2451 enirn
389 2427 438 2451 ex
470 2414 628 2458 labore,
669 2414 789 2462 copia
821 2427 869 2450 ex
901 2415 1053 2464 inopia,
1088 2416 1215 2452 cultus
1248 2428 1297 2452 ex
1329 2416 1459 2452 illuvie
1492 2417 1666 2465 tabeque

212 2482 437 2532 3squalida
476 2490 516 2521 et
553 2496 682 2533 prope
716 2484 883 2521 efferata
915 2497 1088 2534 corpora
1121 2486 1227 2522 varie
1261 2487 1464 2522 movebat.
1527 2486 1589 2522 Ea
1621 2487 1664 2523 P.

250 2554 441 2591 Cornelio
481 2555 637 2591 consuli
677 2567 800 2592 causa
840 2555 930 2599 fuit,
977 2568 1097 2604 quum
1131 2556 1243 2593 Pisas
1275 2556 1444 2593 navibus
1476 2557 1664 2600 venisset.

249 2626 423 2662 exercitu
457 2638 480 2662 a
505 2625 659 2662 Manlio
684 2627 886 2674 Atilioque
919 2632 1090 2675 accepto
1125 2627 1254 2663 tirone
1281 2632 1321 2663 et
1345 2628 1384 2663 in
1410 2627 1525 2664 novis
1550 2628 1666 2675 igno-
