1789 2955
246 63 330 102 200
649 60 764 96 Liber
787 59 934 96 XXIX.
983 61 1043 105 (A.
1069 73 1103 96 u.
1129 71 1158 96 c.
1183 61 1278 105 550.)

204 188 230 225 4
247 188 298 227 ad
327 201 397 226 vos
428 188 659 239 pervenisse
689 188 837 238 Pyrrhi
862 189 983 236 bello,
1017 188 1098 238 qui,
1130 202 1251 238 quum
1278 202 1324 226 ex
1349 187 1492 227 Sicilia
1517 189 1678 228 rediens

245 260 396 299 Locros
428 261 552 298 classe
581 261 952 311 praeterveheretur,
984 260 1089 297 inter
1120 260 1200 298 alia
1229 260 1355 309 foeda,
1388 274 1476 312 quae
1514 265 1678 313 propter

247 331 365 370 fidem
396 346 492 382 erga
514 345 584 371 vos
611 332 654 370 in
682 333 884 371 civitatem
908 336 1084 370 nostram
1109 332 1289 371 facinora
1306 332 1445 380 edidit,
1469 333 1678 372 thesauros

247 417 404 454 quoque
421 404 687 455 Proserpinae,
705 405 875 444 intactos
901 405 951 444 ad
978 419 1064 443 eam
1088 403 1204 452 diem,
1236 405 1436 455 spoliavit,
1467 408 1588 456 atque
1611 406 1678 453 ita,

205 476 415 527 5pecunia
446 476 489 513 in
519 490 638 515 naves
670 477 877 528 imposita,
922 477 1008 527 ipse
1053 479 1162 515 terra
1208 479 1268 514 est
1297 477 1510 527 profectus.
1572 476 1679 524 Quid

247 561 342 598 ergo
375 549 517 595 evenit,
548 551 682 599 patres
714 548 960 600 conscripti?
1006 548 1155 587 Classis
1177 551 1337 599 postero
1365 536 1433 587 diev
1459 549 1680 587 foedissima

245 623 484 671 tempestate
523 621 699 659 lacerata
730 634 944 671 omnesque
985 634 1125 668 naveS‚
1168 634 1255 671 quae
1286 635 1440 659 sacram
1471 621 1679 671 pecuniam

204 694 226 731 6
244 693 482 741 habuerunt,
513 694 554 731 in
570 693 694 732 litora
716 697 853 732 nostra
877 694 1011 731 eiectae
1046 695 1157 740 sunt;
1188 706 1265 743 qua
1288 696 1402 731 tanta.
1433 693 1546 731 clade
1566 693 1680 731 edoc-

247 768 311 803 tus
342 765 514 813 tandem,
555 764 647 803 deos
681 779 784 813 esse,
829 765 1137 816 superbissimus
1181 779 1252 803 rex
1283 765 1492 815 pecuniam
1524 779 1679 803 omnem

249 837 513 887 conquisitam
531 837 572 874 in
595 838 802 876 thesauros
819 837 1072 888 Proserpinae
1098 837 1240 875 referri
1266 837 1393 876 iussit.
1439 838 1522 877 Nec
1548 841 1681 876 tamen

248 909 311 946 illi
327 923 503 959 unquam
526 913 667 960 postea
690 910 874 961 prosperi
900 910 1115 960 quicquam
1139 909 1284 957 evenit,
1313 910 1534 960 pulsusque
1558 910 1682 948 Italia

250 981 421 1032 ignobili
452 985 571 1032 atque
598 982 808 1020 inhonesta
832 986 970 1030 morte,
1000 986 1149 1020 temere
1171 985 1287 1020 nocte
1314 982 1517 1032 ingressus
1533 981 1683 1032 Argos,

208 1055 229 1091 7
250 1054 447 1093 occubuit.
523 1054 622 1092 Haec
673 1068 794 1105 quum
845 1055 1024 1093 audisset
1079 1055 1234 1104 legatus
1272 1057 1403 1092 vester
1446 1054 1683 1105 tribunique

251 1126 424 1163 militum
456 1130 494 1164 et
524 1126 636 1164 mille
662 1127 752 1176 alia,
784 1140 871 1177 quae
896 1140 976 1165 non
1002 1126 1194 1176 augendae
1218 1126 1431 1176 religionis
1455 1140 1584 1174 causa,
1614 1126 1683 1164 sed

249 1199 441 1249 praesenti
489 1198 571 1237 deae
616 1199 779 1237 numine
824 1213 929 1249 saepe
976 1202 1179 1249 comperta
1222 1198 1338 1237 nobis
1386 1198 1683 1248 maioribusque

206 1271 230 1308 8
249 1271 398 1308 nostris
427 1271 717 1319 referebantur,
748 1272 834 1309 ausi
866 1275 958 1309 sunt
988 1271 1116 1309 nihilo
1143 1272 1272 1310 minus
1299 1271 1516 1320 sacrilegas
1548 1269 1683 1308 admo-

251 1356 343 1381 vere
374 1356 513 1381 manus
544 1343 706 1382 intactis
733 1344 816 1382 illis
843 1343 1040 1381 thesauris
1073 1347 1111 1381 et
1135 1343 1307 1382 nefanda
1337 1343 1474 1394 praeda
1507 1356 1546 1381 se
1576 1343 1684 1393 ipsos

209 1417 230 1453 9
250 1429 295 1454 ac
327 1415 463 1455 domos
495 1417 765 1454 contaminare
796 1429 886 1454 suas
928 1418 966 1453 et
1004 1416 1153 1453 milites
1183 1419 1348 1455 vestros.
1410 1415 1580 1463 Quibus,
1612 1428 1684 1465 per

250 1502 319 1526 vos
345 1487 465 1526 fidem
488 1491 672 1535 vestram,
709 1491 842 1538 patres
874 1488 1102 1538 conscripti,
1138 1488 1370 1538 priusquam
1398 1500 1532 1525 eorum
1557 1488 1685 1525 scelus

252 1560 435 1611 expietis,
452 1574 579 1610 neque
597 1560 639 1597 in
655 1560 779 1598 Italia
794 1573 924 1610 neque
941 1561 982 1598 in
1002 1560 1144 1598 Africa
1160 1560 1373 1610 quicquam
1390 1559 1449 1597 rei
1465 1559 1683 1609 gesseritis,

251 1646 311 1680 ne,
329 1633 436 1683 quod
453 1632 607 1682 piaculi
625 1633 1005 1680 commiserunt‚non
1022 1647 1092 1671 suo
1110 1633 1239 1671 solum
1256 1632 1461 1682 sanguine,
1477 1632 1546 1670 sed
1565 1632 1684 1670 etiam

178 1705 229 1744 10
245 1703 410 1756 publica
450 1705 565 1742 clade
602 1705 728 1744 luant.
808 1705 1046 1755 Quanquam
1091 1719 1140 1743 ne
1179 1718 1284 1743 nunc
1322 1704 1505 1755 quidem,
1549 1706 1684 1755 patres

253 1777 489 1827 conscripti,
538 1780 607 1814 aut
647 1777 690 1815 in
737 1777 904 1815 ducibus
952 1781 1022 1816 aut
1062 1778 1103 1815 in
1141 1777 1337 1815 militibus
1375 1777 1519 1815 vestris
1558 1780 1686 1815 cessat

251 1849 312 1887 ira
343 1849 436 1888 deae.
499 1847 728 1900 Aliquoties
759 1850 837 1887 iam
868 1850 973 1888 inter
1002 1864 1042 1888 se
1083 1850 1210 1900 signis
1241 1849 1396 1888 collatis
1428 1862 1683 1887 concucurre-

251 1925 357 1959 runt.
419 1920 517 1959 Dux
564 1922 729 1959 alterius
773 1922 900 1972 partis
931 1921 1175 1969 Pleminius,
1222 1921 1385 1960 alterius
1417 1921 1496 1959 duo
1525 1921 1684 1959 tribuni

252 1993 428 2031 militum
460 1996 584 2031 erant.
630 1993 721 2032 Non
745 1993 875 2031 acrius
899 2007 987 2032 cum
1005 1993 1405 2043 Carthaginiensibus
1437 2007 1556 2044 quam
1579 1993 1685 2031 inter

188 2067 233 2104 11
256 2078 296 2103 se
328 2065 406 2116 ipsi
436 2066 541 2103 ferro
566 2065 869 2113 dimicaverunt,
900 2067 1242 2116 praebuissentque
1274 2066 1522 2104 occasionem
1552 2066 1685 2103 furore

253 2151 322 2176 suo
354 2137 504 2176 Locros
536 2137 760 2188 recipiendi
783 2137 1020 2187 Hannibali,
1051 2139 1131 2176 nisi
1156 2139 1305 2176 accitus
1332 2138 1381 2176 ab
1412 2137 1530 2175 nobis
1547 2135 1685 2188 Scipio

186 2212 234 2248 12
254 2210 543 2248 intervenisset.
603 2209 663 2247 At
707 2210 869 2248 hercule
914 2211 1061 2249 milites
1101 2214 1302 2249 contactos
1333 2210 1544 2260 sacrilegio
1575 2210 1687 2247 furor

254 2283 393 2333 agitat,
424 2283 464 2319 in
492 2281 658 2319 ducibus
674 2282 770 2332 ipsis
795 2283 1011 2332 puniendis
1028 2283 1184 2321 nullum
1209 2283 1291 2321 deae
1314 2296 1460 2320 numen
1484 2282 1685 2333 apparuit.

252 2355 379 2392 Immo
412 2354 471 2392 ibi
502 2367 676 2405 praesens
693 2354 862 2392 maxime
888 2355 975 2393 fuit.
1021 2355 1161 2404 Virgis
1187 2355 1279 2392 caesi
1301 2354 1456 2392 tribuni
1473 2353 1524 2392 ab
1552 2354 1686 2403 legato

183 2428 232 2465 13
250 2430 362 2474 sunt;
395 2427 552 2477 legatus
583 2426 729 2464 deinde
760 2426 917 2464 insidiis
947 2427 1202 2465 tribunorum
1234 2427 1491 2476 interceptus,
1523 2428 1686 2476 praeter-

255 2513 372 2550 quam
405 2499 512 2550 quod
541 2501 625 2536 toto
658 2512 822 2549 corpore
852 2498 1070 2546 laceratus,
1118 2512 1213 2537 naso
1256 2511 1413 2549 quoque
1444 2498 1686 2548 auribusque

182 2572 234 2609 14
251 2571 417 2619 decisis,
463 2571 675 2622 exsanguis
722 2574 781 2609 est
824 2571 1008 2618 relictus3
1054 2573 1254 2609 recreatus
1301 2570 1394 2608 dein
1437 2570 1591 2619 legatus
1637 2583 1685 2607 ex

253 2643 489 2682 vulneribus
519 2644 703 2682 tribunos
734 2643 905 2681 militum
935 2644 976 2681 in
1007 2643 1140 2682 vincla
1172 2642 1392 2689 coniectos,
1425 2641 1517 2680 dein
1548 2640 1684 2679 verbe-
