1789 2955
576 115 680 146 Liber
707 116 812 146 xxv.
864 114 917 157 (A.
942 116 1005 146 Ch.
1023 114 1119 157 212.)
1467 117 1548 158 267

253 247 330 283 Par
367 247 615 296 negligentia
652 247 694 283 in
727 247 865 284 castris
899 247 1180 284 custodiendis
1213 247 1303 290 fuit;
1350 259 1443 284 nam
1477 246 1619 286 etsilss

137 316 387 366 propinquus
415 317 541 354 hostis
564 322 662 361 erat,
693 322 828 354 tamen
851 317 1038 365 reliquias
1061 330 1152 354 eum
1175 330 1264 354 esse
1288 318 1459 353 duorum
1484 330 1550 354 ex-

135 387 329 425 ercituum
360 392 454 424 ante
486 400 641 436 paucos
674 388 762 424 dies
794 388 1019 424 deletorum
1050 388 1320 425 succurrebat.
1384 387 1448 424 Ob
1472 388 1549 424 hoc
1568 386 1617 426 17

135 470 257 506 quum
290 457 427 494 omnia
448 458 634 506 neglecta
657 458 767 506 apud
790 458 928 494 hostes
952 463 1101 503 essent,
1136 457 1352 506 exploratis
1374 458 1421 494 iis
1444 458 1550 494 Mar-

136 528 219 565 cius
245 529 299 564 ad
323 528 533 564 consilium
558 528 685 577 prima
703 527 838 576 specie
857 529 1112 564 temerarium
1129 528 1258 577 magis
1277 541 1396 576 quam
1415 529 1549 564 audax

136 598 312 635 animum
340 598 502 642 adiecit,
532 604 574 635 ut
603 600 704 635 ultro
734 603 863 635 castra
892 598 1065 634 hostium
1097 603 1365 647 oppugnaret,
1396 598 1549 635 facilius
1568 596 1618 638 18

135 680 224 705 esse
257 673 365 705 ratus
398 668 514 705 unius
546 668 814 706 Hasdrubalis
847 669 1068 717 expugnari
1102 674 1231 707 castra
1265 681 1398 717 quam,
1441 669 1472 705 si
1505 682 1548 706 se

133 750 265 775 rursus
298 743 376 775 tres
410 739 605 776 exercitus
639 752 685 776 ac
718 744 797 776 tres
830 740 955 776 duces
987 738 1223 783 iunxissem,
1257 752 1328 776 sua
1359 739 1547 781 defendi:

133 809 246 845 simul
279 813 359 854 aut,
393 810 433 845 si
461 810 722 847 successisset
755 810 911 858 coeptis,
951 814 1174 846 erecturum
1207 822 1250 846 se
1283 810 1453 847 afflictas
1485 823 1548 847 res
1567 808 1618 848 19

132 885 212 923 aut,
245 880 276 916 si
299 881 435 928 pulsus
458 886 578 924 esset,
613 885 748 916 tamen
772 881 874 916 ultro
897 879 1113 915 inferendo
1138 892 1248 916 arma
1271 886 1547 929 contemptum

131 950 191 986 sui
223 951 492 999 dempturum.
555 950 617 987 Ne
649 956 785 987 tamen
814 949 945 987 subita
966 962 1030 986 res
1053 955 1093 985 et
1118 956 1339 987 nocturnus
1362 956 1487 987 terror
1510 957 1549 988 et
1612 946 1673 992 38

131 1021 210 1056 iam
240 1033 324 1057 non
348 1033 429 1058 suae
454 1021 622 1058 fortunae
646 1020 856 1058 consilium
879 1021 1142 1069 perturbaret,
1178 1021 1448 1069 alloquendos
1476 1024 1548 1058 ad-

130 1092 437 1140 hortandosque
459 1092 532 1128 sibi
555 1092 699 1128 milites
721 1096 843 1135 ratus,
877 1090 1071 1127 contione
1095 1091 1308 1135 advocata,
1343 1091 1397 1128 ita
1420 1093 1547 1129 disse-

129 1163 223 1200 ruit:
262 1162 364 1198 ‹Vel
397 1175 487 1199 mea
521 1175 616 1211 erga
647 1163 912 1210 imperatores
946 1166 1107 1197 nostros
1140 1161 1251 1198 vivos
1284 1160 1588 1211 mortuosque?

129 1233 259 1282 pietas
291 1233 352 1268 vel
384 1243 562 1281 praesens
596 1232 775 1267 omnium
807 1236 1003 1275 nostrum,
1038 1231 1194 1275 milites,
1230 1231 1391 1268 fortuna
1424 1233 1545 1270 fidem

129 1304 251 1340 cuivis
284 1302 417 1339 facere
450 1307 597 1350 potest,
631 1302 726 1337 mihi
759 1302 836 1339 hoc
869 1302 1093 1350 imperium,
1126 1307 1169 1338 ut
1196 1303 1373 1350 amplum
1395 1303 1545 1340 iudicio

129 1379 275 1418 vestro,
305 1373 360 1410 ita
387 1385 429 1409 re
458 1372 546 1421 ipsa
575 1385 697 1421 grave
725 1384 772 1408 ac
796 1372 1007 1408 sollicitum
1032 1385 1135 1408 esse.
1200 1372 1293 1418 Quo
1318 1374 1424 1410 enim
1448 1371 1586 1411 tem-3

126 1456 239 1493 pore,
264 1444 340 1480 nisi
364 1448 494 1480 metus
518 1455 729 1479 maerorem
754 1442 1095 1491 obstupefaceret,
1121 1443 1184 1479 vix
1207 1442 1261 1479 ita
1280 1455 1450 1492 compos
1468 1445 1546 1481 mei

127 1527 271 1559 essem,
305 1520 348 1551 ut
378 1514 512 1562 aliqua
544 1513 688 1550 solatia
714 1514 894 1550 invenire
917 1525 1024 1562 aegro
1048 1513 1184 1550 animo
1208 1525 1385 1562 possem,
1420 1527 1547 1564 cogor

127 1589 300 1621 vestram
325 1584 503 1621 omnium
528 1584 669 1628 vicem,
703 1585 815 1632 quod
840 1583 1115 1620 difficillimum
1140 1584 1181 1620 in
1206 1584 1311 1620 luctu
1338 1590 1411 1629 est,
1443 1597 1545 1622 unus

126 1655 350 1691 consulere.
414 1654 465 1690 Et
496 1667 548 1690 ne
577 1660 661 1690 tum
683 1654 861 1702 quidem,
895 1654 975 1697 ubi,
1010 1666 1189 1701 quonam
1211 1655 1339 1691 modo
1362 1655 1435 1692 has
1457 1652 1586 1693 reli-4

125 1724 240 1772 quias
273 1725 445 1761 duorum
469 1724 712 1761 exercituum
735 1725 873 1773 patriae
897 1737 1137 1761 conservare
1161 1725 1326 1773 possim,
1362 1726 1544 1774 cogitan-

124 1796 222 1832 dum
255 1800 328 1838 est,
363 1800 542 1832 avertere
565 1795 743 1831 animum
766 1796 816 1831 ab
841 1795 1005 1832 assiduo
1033 1807 1201 1831 maerore
1224 1795 1329 1832 licet.
1392 1797 1543 1833 Praesto
1559 1793 1585 1834 5

123 1870 186 1903 est
210 1865 318 1902 enim
341 1866 488 1903 acerba
510 1865 719 1910 memoria,
746 1871 786 1902 et
802 1865 1015 1914 Scipiones
1040 1878 1104 1901 me
1130 1867 1251 1902 ambo
1276 1866 1364 1903 dies
1382 1872 1544 1903 noctes—

123 1949 202 1984 que
235 1937 338 1973 curis
370 1936 661 1984 insomniisque
694 1936 850 1984 agitant
875 1941 915 1972 et
938 1935 1113 1972 excitant
1136 1948 1244 1985 saepe
1268 1949 1429 1980 somno,
1464 1950 1542 1973 neu
1558 1935 1582 1975 6

124 2019 167 2043 se
205 2019 284 2043 neu
323 2007 494 2044 invictos
533 2019 604 2056 per
644 2012 738 2043 octo
779 2018 911 2043 annos
942 2007 983 2042 in
1016 2006 1076 2043 his
1109 2007 1222 2043 terris
1255 2007 1398 2044 milites
1432 2020 1541 2048 suos.

124 2077 420 2114 commilitones
458 2083 627 2122 vestros,
667 2089 745 2114 neu
778 2089 861 2113 rem
893 2077 1094 2125 publicam
1129 2077 1257 2126 patiar
1288 2078 1469 2123 inultam,
1503 2082 1544 2115 et

125 2159 238 2183 suam
263 2147 518 2196 disciplinam
543 2160 695 2195 suaque
719 2147 899 2184 instituta
925 2147 1036 2195 sequi
1062 2148 1203 2184 iubent
1228 2153 1279 2192 et,
1306 2153 1349 2184 ut
1365 2148 1542 2197 imperiis
1558 2146 1579 2186 T

123 2216 301 2253 vivorum
333 2229 456 2254 nemo
490 2218 748 2254 obedientior
780 2231 844 2254 me
877 2230 959 2254 uno
993 2218 1122 2262 fuerit,
1156 2219 1211 2254 ita
1243 2223 1338 2267 post
1370 2224 1539 2255 mortem

123 2299 249 2332 suam,
284 2289 396 2336 quod
428 2288 469 2324 in
502 2301 662 2336 quaque
695 2301 736 2324 re
770 2287 947 2325 facturos
979 2289 1068 2325 illos
1103 2289 1224 2325 fuisse
1251 2290 1424 2325 maxime
1447 2302 1541 2326 cen-

123 2369 247 2401 seam,
281 2358 323 2393 id
357 2358 552 2407 optimum
577 2360 739 2395 ducere.
803 2358 891 2395 Vos
914 2371 1076 2407 quoque
1099 2359 1229 2403 velim,
1264 2360 1420 2403 milites,
1455 2361 1579 2396 non&

122 2427 307 2464 lamentis
354 2428 606 2476 lacrimisque
654 2434 847 2477 tanquam
895 2429 1115 2466 exstinctos
1156 2430 1346 2479 prosequi
1392 2428 1541 2479 (vivunt

122 2497 338 2545 vigentque
363 2497 470 2534 fama
495 2511 624 2535 rerum
647 2496 879 2549 gestarum),
904 2501 991 2544 sed,
1017 2500 1339 2548 quotiescunque
1358 2505 1541 2536 occurret

123 2568 317 2603 memoria
340 2568 509 2613 illorum,
535 2570 641 2606 velut
665 2570 696 2606 si
721 2570 987 2606 adhortantes
1006 2570 1245 2619 signumque
1264 2571 1410 2606 dantes
1427 2570 1539 2606 vide-

123 2637 198 2673 atis
223 2650 308 2680 eos,
334 2638 390 2675 ita
414 2639 553 2687 proelia
577 2640 690 2676 inire.
739 2640 824 2677 Nec
851 2640 928 2676 alia
953 2640 1138 2689 profecto
1164 2640 1321 2688 species
1347 2638 1578 2678 hesterno9
