1789 2955
264 110 349 151 212
685 108 790 140 Liber
817 108 943 139 xxm.
981 108 1038 150 (A.
1057 119 1088 139 u.
1103 118 1136 152 re.
1155 107 1250 151 540.)

264 247 384 284 retro,
430 240 540 276 unde
578 245 756 284 venerat,
800 241 856 276 ad
894 246 1070 277 ceteram
1103 241 1273 278 classem
1305 241 1492 285 remissis,
1532 241 1675 277 milites

265 311 405 360 procul
438 323 462 346 a
487 310 651 346 flumine
678 322 749 358 per
778 310 884 347 viam
910 311 1074 347 minime
1101 312 1152 347 ab
1180 311 1299 360 regiis
1327 311 1537 348 obsessam
1564 311 1677 347 duxit

265 386 305 418 et
331 387 466 425 nocte,
494 381 550 417 ita
578 385 621 416 ut
646 392 769 417 nemo
797 381 972 418 hostium
1000 383 1177 425 sentiret,
1205 382 1345 417 urbem
1372 387 1434 418 est
1459 382 1676 430 ingressus.

199 443 253 483 10
266 451 386 488 Diem
409 451 691 499 insequentem
715 451 915 498 quievere,
940 453 1038 488 dum
1061 451 1274 500 praefectus
1291 452 1538 488 iuventutern
1555 451 1678 500 Apol-

267 522 476 559 loniatium
516 533 708 569 armaque
746 527 786 558 et
826 522 932 559 urbis
964 523 1066 559 vires
1099 522 1327 571 inspiceret.
1402 521 1483 558 Ubi
1515 533 1565 558 ea
1595 522 1680 558 visa

265 593 532 641 inspectaque
564 593 661 629 satis
693 593 919 628 animorum
942 592 1088 637 fecere,
1123 593 1319 641 simulque
1343 593 1394 629 ab
1418 592 1680 641 exploratori-

267 663 342 699 bus
382 663 590 711 comperit,
631 668 783 711 quanta
815 664 1008 700 socordia
1039 675 1086 700 ac
1119 663 1368 712 negligentia
1399 664 1510 712 apud
1542 663 1680 700 hostes

198 725 248 764 11
267 738 386 777 esset,
435 733 595 770 silentio
642 734 775 770 noctis
822 735 873 770 ab
921 735 1019 769 urbe
1068 734 1154 770 sine
1201 735 1282 771 ullo
1330 734 1500 771 tumultu
1547 745 1681 782 egres-

268 815 334 840 sus
381 810 514 840 castra
555 804 731 840 hostium
778 805 886 840 adeo
933 805 1121 852 neglecta
1163 810 1285 852 atque
1327 810 1468 853 aperta
1508 804 1680 847 intravit,

267 880 311 910 ut
356 875 452 911 satis
500 880 717 918 constaret,
764 875 872 924 prius
919 875 1025 911 mille
1068 875 1276 911 hominum
1314 876 1459 911 vallum
1496 875 1681 917 intrasse,

268 957 390 993 quam
429 945 640 993 quisquam
673 945 851 988 sentiret,
891 956 953 989 ac,
994 946 1027 981 si
1059 946 1172 982 caede
1204 946 1504 988 abstinuissent,
1544 956 1683 993 perve-

200 1007 254 1046 1-‘2
268 1015 354 1051 nire
387 1016 442 1052 ad
474 1016 778 1052 tabernaculum
804 1016 960 1064 regium
983 1016 1177 1064 potuisse.
1242 1015 1387 1053 Caedes
1410 1015 1684 1064 proximorum

268 1092 396 1134 portae
429 1086 614 1122 excitavit
646 1087 798 1123 hostes.
861 1085 963 1122 Inde
991 1091 1126 1122 tantus
1151 1092 1279 1122 terror
1304 1097 1511 1134 pavorque
1541 1097 1684 1122 omnes

269 1157 495 1205 occupavit,
536 1163 579 1192 ut
617 1168 701 1193 non
739 1157 867 1193 modo
900 1157 1000 1193 alius
1034 1157 1247 1204 quisquam
1279 1168 1390 1193 arma
1422 1162 1586 1205 caperet
1617 1163 1686 1192 aut

200 1220 254 1260 13
270 1228 409 1264 castris
441 1227 591 1275 pellere
624 1227 784 1263 hostem
816 1233 1043 1271 conaretur,
1085 1228 1159 1263 sed
1192 1228 1313 1263 etiam
1345 1228 1432 1276 ipse
1464 1239 1545 1270 rex,
1585 1228 1686 1264 sicut

269 1309 416 1334 somno
445 1298 597 1334 excitus
626 1304 723 1342 erat,
754 1309 883 1346 prope
910 1298 1147 1335 seminudus
1172 1297 1344 1346 fugiens,
1372 1298 1485 1334 militi
1509 1309 1684 1346 quoque,

267 1369 421 1404 nedum
452 1369 538 1416 regi
569 1369 632 1404 vix
664 1369 818 1405 decoro
852 1369 1003 1412 habitu,
1049 1369 1103 1404 ad
1135 1368 1285 1404 flumen
1316 1380 1522 1416 navesque
1553 1368 1687 1417 perfu-

201 1434 255 1474 14
269 1439 384 1486 gerit.
460 1438 621 1476 Eodem
654 1445 694 1475 et
724 1439 803 1475 alia
835 1439 950 1475 turba
983 1438 1110 1475 effusa
1143 1444 1216 1475 est.
1291 1439 1418 1475 Paulo
1451 1439 1582 1475 minus
1615 1440 1689 1475 tria

270 1509 393 1545 millia
431 1510 599 1546 militum
635 1511 677 1546 in
709 1510 849 1546 castris
881 1516 950 1545 aut
981 1515 1101 1558 capta
1134 1516 1202 1545 aut
1234 1509 1389 1552 occisa;
1429 1510 1518 1558 plus
1551 1516 1688 1546 tamen

201 1577 256 1617 15
271 1579 481 1616 hominum
498 1580 706 1628 aliquanto
725 1586 887 1629 captum
905 1592 1026 1628 quam
1044 1591 1191 1616 caesum
1210 1585 1283 1616 est.
1338 1579 1489 1616 Castris
1507 1580 1687 1628 direptis,

271 1650 542 1698 Apolloniatae
595 1652 834 1700 catapultas,
889 1651 1069 1687 ballistas
1123 1656 1407 1699 tormentaque
1454 1651 1545 1695 alia,
1600 1662 1689 1699 quae

272 1722 563 1769 oppugnandae
602 1722 689 1757 urbi
729 1728 966 1770 comparata
1004 1728 1130 1765 erant,
1175 1722 1230 1757 ad
1262 1722 1416 1758 tuenda
1447 1721 1611 1764 moenia,
1657 1721 1689 1757 si

272 1792 440 1839 quando
463 1792 600 1829 similis
626 1792 788 1828 fortuna
811 1793 1000 1836 venisset,
1027 1792 1287 1840 Apolloniam
1311 1793 1530 1835 devexere;
1555 1797 1690 1828 cetera

204 1860 255 1900 16
272 1862 404 1898 omnis
435 1863 575 1910 praeda
607 1869 831 1899 castrorum
854 1863 1052 1899 Romanis
1077 1874 1276 1900 concessa
1303 1869 1376 1899 est.
1441 1862 1540 1899 Haec
1566 1873 1689 1909 quum

271 1930 436 1969 Oricum
475 1939 612 1969 essent
649 1934 846 1977 nuntiata,
886 1933 943 1970 M.
977 1933 1162 1969 Valerius
1195 1933 1365 1969 classem
1399 1933 1602 1981 extemplo
1634 1933 1690 1968 ad

272 2003 420 2038 ostium
444 2003 617 2039 fluminis
642 2003 766 2046 duxit,
792 2015 845 2039 ne
867 2003 1039 2040 navibus
1063 2015 1278 2051 capessere
1296 2003 1433 2052 fugam
1449 2015 1518 2038 rex
1535 2009 1688 2051 posset.

206 2068 257 2108 17
273 2071 415 2120 Itaque
439 2073 658 2121 Philippus,
689 2084 824 2120 neque
848 2074 1022 2109 terrestri
1046 2086 1180 2121 neque
1204 2074 1336 2110 navali
1361 2073 1569 2110 certamini
1593 2073 1690 2109 satis

274 2141 360 2178 fore
387 2155 526 2191 parem
551 2155 595 2179 se
620 2143 763 2187 fidens,
794 2144 1003 2181 subductis
1026 2144 1197 2180 navibus
1222 2150 1343 2192 atque
1367 2144 1557 2187 incensis,
1586 2149 1690 2179 terra

273 2212 564 2251 Macedoniam
587 2214 713 2261 petiit,
742 2225 892 2261 magna
917 2227 965 2250 ex
989 2220 1104 2262 parte
1127 2214 1269 2250 inermi
1293 2215 1468 2251 exercitu
1497 2213 1688 2262 spoliato-

274 2295 366 2331 que.
430 2284 617 2320 Romana
649 2284 789 2320 classis
822 2295 912 2320 cum
945 2284 1002 2320 M.
1037 2284 1201 2320 Valerio
1235 2283 1344 2321 Orici
1377 2284 1613 2320 hibernavit.

163 2348 211 2392 41
391 2353 553 2390 Eodem
581 2366 692 2391 anno
720 2355 761 2391 in
789 2354 988 2403 Hispania
1019 2355 1125 2391 varie
1154 2366 1217 2390 res
1244 2360 1382 2402 gestae.
1431 2353 1535 2390 Nam
1563 2354 1689 2402 prius-

273 2436 395 2472 quam
427 2425 603 2461 Romani
635 2437 796 2461 amnem
830 2424 1026 2461 Hiberum
1058 2425 1285 2469 transirent,
1328 2425 1516 2472 ingentes
1549 2425 1689 2473 copias

233 2493 550 2543 2Hispanorum
581 2495 707 2544 Mago
741 2501 781 2531 et
804 2495 1035 2532 Hasdrubal
1069 2495 1277 2539 fuderunt;
1311 2495 1610 2542 defecissetque
1638 2494 1689 2530 ab

273 2565 470 2601 Romanis
497 2566 660 2602 ulterior
687 2565 899 2614 Hispania,
932 2566 973 2601 ni
999 2565 1044 2601 P.
1075 2564 1298 2609 Cornelius,
1331 2566 1474 2613 raptim
1501 2565 1688 2601 traducto

274 2635 449 2672 exercitu
473 2635 682 2680 Hiberum,
715 2636 847 2673 dubiis
880 2637 1082 2673 sociorum
1115 2636 1258 2672 animis
1289 2637 1331 2672 in
1354 2642 1538 2684 tempore
1567 2636 1690 2671 adve-
